2868 4700
622 425 623 430 1
708 363 742 420 tx

219 513 399 607 heatitudib;
425 526 494 592 dein
516 526 651 607 sequitur
672 541 771 594 sermo
793 524 874 589 beati
895 525 1013 590 maximi
1028 507 1083 610 'epi
1098 524 1136 590 da
1155 544 1232 591 coa-

219 654 350 718 fessorib
358 675 367 732 3
391 647 588 730 etiol.180‚
611 647 746 730 a-idt,
769 667 795 712 a.
819 648 857 712 de
881 649 1106 719 confessoribus
1128 650 1233 714 omelia

218 760 293 843 eim.
316 777 396 839 beati
418 774 545 840 maximi.
623 767 624 772 ’

307 899 351 962 ΙΠ.
375 898 423 962 Mb
447 933 488 942 —
511 895 700 960 Monacensis
724 893 814 980 (Cim.
832 891 915 980 208]
931 897 995 960 sive
1011 896 1233 980 schedelianus,

217 1023 478 1100 membranaceus,
501 1018 586 1084 form.
609 1038 704 1097 marn,
727 1037 806 1082 saec.
829 1018 876 1099 Χ.,
900 1027 1040 1086 constans
1063 1020 1125 1086 foll.
1150 1020 1233 1104 247„

219 1146 440 1210 characteribus
462 1143 697 1228 Langobardicis
720 1144 857 1226 scriptus.

306 1267 568 1348 r01.1‚a-2‚
599 1287 614 1330 a
643 1267 749 1330 aaran
782 1266 885 1331 aare
916 1268 1014 1333 svor
1045 1250 1166 1332 car'r‘n
1195 1266 1233 1330 ut

218 1391 425 1456 EPISTVLAE
443 1388 524 1476 (sic)
541 1389 690 1454 CAEClLl
706 1390 880 1454 CYPRIANI
894 1389 1063 1456 NVMERO.
1080 1390 1232 1454 LXXXVI.

305 1516 367 1580 rot.
392 1516 428 1595 2,
458 1517 486 1578 b.
517 1516 620 1597 incipit
649 1515 715 1580 sine
745 1515 882 1578 lemmate
913 1515 989 1578 liber
1021 1513 1057 1577 ad
1086 1514 1233 1578 Donatum

219 1637 285 1702 sive
307 1640 431 1720 primum
455 1639 519 1701 eius
535 1639 748 1721 apographum,
771 1638 852 1720 quod
867 1640 1039 1702 terminatur
1053 1638 1098 1702 his
1114 1639 1231 1702 verbis:

219 1759 387 1842 Postquam
417 1761 547 1824 eoettuo
575 1750 633 1843 spu
661 1763 774 1825 toosro
803 1763 837 1825 ia
867 1781 983 1826 cocum
1010 1781 1057 1824 me
1083 1761 1233 1824 homiaem

219 1886 371 1948 notioitos
400 1885 540 1946 secunda
569 1884 738 1963 reparavit.
798 1883 993 1966 Subsequitur
1023 1883 1148 1964 epistola
1177 1883 1231 1944 ista

218 2008 326 2070 Donati
349 2006 386 2069 ad
411 2007 588 2090 Cyprianum
611 2006 818 2087 suppositicia,
842 2024 928 2085 quana
951 2005 1138 2068 Panaetius
1162 2005 1229 2088 cpi·

218 2129 312 2194 stolae
335 2129 371 2192 ad
394 2131 540 2193 Donatum
564 2127 700 2209 praefixit
723 2134 751 2190 et
780 2129 968 2191 Baluzius
999 2129 1083 2192 Notis
1107 2131 1169 2192 suis
1192 2128 1229 2192 ad

217 2255 393 2337 Cyprianum
416 2273 443 2336 p.
468 2251 540 2316 370.
562 2253 697 2315 inseruit.
754 2251 816 2315 Foi.
841 2249 877 2331 3,
907 2269 933 2314 a.
958 2252 1069 2316 initium
1091 2250 1160 2314 facit
1181 2251 1229 2314 al-

217 2384 312 2440 terum
347 2383 377 2439 et
410 2378 557 2459 integrum
589 2376 795 2461 apographum
831 2377 977 2457 epistolae
1014 2375 1050 2439 ad
1083 2377 1229 2440 Donatum

216 2501 281 2564 sine
312 2500 503 2582 inscriptione
536 2507 565 2562 et
595 2499 702 2564 desinit
731 2499 782 2564 ici.
808 2499 911 2580 7‚1›.,
941 2501 989 2562 ubi
1012 2499 1143 2563 additur:
1175 2499 1228 2563 AD

216 2611 376 2686 nouare
398 2607 530 2686 axani?
644 2643 646 2648 ·
689 2677 694 2686 .

307 2747 370 2808 Hoc
393 2747 565 2828 opusculum
589 2749 742 2830 excipiunt
764 2766 920 2812 sermones
944 2748 981 2812 de
1004 2748 1102 2812 habitu
1125 2754 1154 2810 et
1180 2747 1229 2810 di-

215 2869 339 2950 sciplina
362 2871 526 2954 virginum,
560 2871 597 2934 de
625 2873 733 2954 lapsis,
765 2873 802 2934 de
833 2871 978 2935 dominica
1009 2873 1161 2948 oratione,
1192 2871 1229 2934 de

217 2992 363 3054 ecclesiae
386 2993 509 3056 catolice
539 2995 669 3074 unitate,
702 2994 739 3057 ad
762 2996 996 3073 Demetrianum,
1026 2993 1063 3056 de
1095 2992 1228 3056 mortaii-

216 3122 293 3195 tate,
324 3116 361 3178 de
384 3135 476 3199 opere
499 3124 529 3179 et
551 3118 741 3201 aelymosinis
765 3115 862 3201 (sio),
887 3118 925 3180 de
949 3120 1029 3182 hono
1051 3117 1227 3200 pacientiae,

216 3237 255 3300 de
278 3239 345 3302 zelo
369 3246 399 3301 et
421 3241 517 3303 liuore
542 3248 597 3305 etc.
623 3248 676 3304 etc.
789 3264 794 3279 ·

302 3361 349 3425 tv.
372 3363 419 3426 Mc
443 3399 484 3409 -
507 3365 696 3428 Monacensis
719 3362 971 3449 (statuane),
995 3365 1063 3429 olim
1087 3366 1227 3450 Tegern-

216 3486 333 3548 seensis
355 3486 406 3549 Nr.
429 3483 513 3567 203„
537 3489 565 3550 in
589 3487 638 3551 iot.
663 3490 748 3568 min,
771 3489 1030 3570 membranaceus,
1053 3509 1131 3553 saec.
1153 3490 1225 3570 XV.,

216 3608 278 3672 foll.
303 3606 374 3674 212.
398 3611 496 3691 iason,
521 3630 646 3693 quorum
670 3613 792 3695 primum
820 3613 849 3675 in
879 3612 977 3676 fronte
1005 3615 1127 3694 picturis
1157 3613 1225 3675 ele-

215 3738 323 3816 ganter
344 3739 516 3796 exornatum
540 3739 592 3796 cst.

304 3855 497 3920 Praemittimr
526 3857 617 3921 index
640 3855 778 3942 Cypriani
805 3877 945 3940 operum,
978 3878 1054 3940 quae
1083 3859 1142 3923 hoo
1163 3863 1222 3927 MS.

217 3978 413 4042 continentur.
458 3980 676 4066 integumenti
700 3989 783 4066 parte
812 3985 978 4066 posteriore
1006 3983 1084 4048 intus
1114 3987 1223 4067 scripta
