2880 4696
726 367 789 435 too

248 529 328 592 Ecce
351 530 455 611 peiora
478 533 574 598 adhuc
595 529 740 616 peccandi
763 531 885 594 vulnera
899 528 942 611 ⁵),
971 549 1044 594 ecce
1069 530 1183 593 maiora
1208 530 1268 594 de-

247 643 333 722 licta,
366 662 527 725 peccasse,
558 664 616 709 nec
644 643 836 722 satisfacere3
870 643 1046 724 deliquisse,
1076 660 1135 707 nec
1158 644 1270 709 delicta

248 755 369 822 dellere.

684 955 824 1026 XXVI.

334 1097 465 1160 Ananias
480 1095 513 1178 ι),
536 1097 673 1177 Azarias,
689 1097 803 1176 llisael,
826 1095 967 1160 inlustres
987 1115 1022 1159 ac
1037 1097 1155 1162 nobiles
1169 1101 1270 1182 pueri,

221 1229 309 1292 spuo
332 1211 428 1274 minus
452 1212 692 1294 exomologesim
717 1211 775 1274 deo
798 1210 940 1291 lacerent,
963 1229 1019 1274 neo
1041 1213 1119 1274 inter
1134 1211 1269 1277 flammas

247 1332 277 1388 et
311 1326 417 1388 camini
453 1326 655 1388 exaestuantis
688 1324 823 1388 incendia
858 1326 1044 1407 quieverunt.
1099 1325 1181 1390 Bene
1211 1329 1271 1392 sibi

246 1441 317 1504 licet
340 1441 454 1504 conscii
478 1447 507 1504 et
530 1436 716 1517 dominum²)
739 1439 809 1502 fidei
831 1458 866 1504 ac
880 1440 993 1504 timoris
1010 1441 1157 1521 obsequio
1173 1459 1269 1524 saepe

246 1556 410 1636 promeriti,
434 1529 624 1618 humilitatem
646 1559 745 1616 tamen
767 1561 871 1616 tenere
894 1560 924 1618 et
947 1555 1067 1618 domino
1090 1555 1270 1619 satisfacere

247 1688 304 1734 uec
327 1671 405 1734 inter
428 1670 493 1750 ipsa
516 1670 649 1752 gloriosa
679 1671 818 1732 virtulum
848 1687 968 1733 suarum
998 1673 1139 1754 martyria
1170 1669 1270 1734 desti-

207 1794 235 1838 10
248 1789 356 1846 terunt.
401 1783 549 1864 Loquitur
570 1785 717 1865 scriptura
740 1783 838 1846 divina
851 1780 892 1860 8);
916 1784 1026 1862 Stans,
1050 1785 1154 1866 inquit,
1178 1783 1268 1848 Aac·

245 1898 313 1960 rios
331 1906 482 1978 precatus
505 1911 561 1980 est,
576 1909 615 1964 et
636 1901 762 1980 operuit
784 1919 819 1964 os
839 1919 947 1978 soom,
975 1909 1006 1962 et
1025 1901 1271 1979 eeomolopesa'm

145 2059 146 2062 η
243 2009 385 2090 faciebat
414 2017 472 2081 deo
501 2017 595 2080 simol
624 2035 691 2079 mem
721 2016 882 2080 sodalibus
903 2017 971 2080 suis
994 2017 1028 2076 in
1049 2015 1151 2076 medio
1173 2015 1269 2096 lycia.

246 2130 352 2194 Daniel
369 2128 396 2210 ⁴)
420 2151 541 2215 quoque
563 2137 631 2213 post
654 2130 724 2194 fidei
746 2136 834 2211 atque
856 2131 1044 2194 innocentiae
1066 2147 1141 2193 suae
1163 2131 1269 2194 multi-

237 2245 352 2329 plicem
375 2249 509 2327 gratiam,
532 2253 601 2329 post
622 2231 822 2331 dignationem
845 2245 956 2309 domini
979 2247 1058 2311 circa
1082 2247 1208 2310 virtutes
1233 2266 1270 2311 ac

207 2376 232 2419 ¹⁵
246 2363 350 2428 laudes
373 2381 442 2429 suas
473 2383 564 2447 saepe
594 2365 748 2446 repetitam
764 2363 791 2440 5)
820 2363 938 2426 ieiuniis
970 2362 1067 2426 adhuc
1098 2365 1270 2444 promereri

316 2601 345 2665 5)
363 2618 461 2671 ponera
480 2598 536 2651 cod.
555 2598 676 2652 Lemouii.
707 2597 766 2650 llox
782 2615 907 2668 peccam
924 2615 955 2653 ec
966 2597 1007 2650 W.
1020 2597 1069 2650 lla.
1087 2595 1132 2649 Ba.
1165 2595 1270 2652 Deinde

244 2726 314 2778 satie
327 2699 414 2778 tacere
426 2722 470 2775 Ba.
500 2722 560 2774 Tum
573 2725 673 2778 deliaco
690 2720 754 2790 (sic)
767 2720 797 2774 A.
827 2721 959 2774 Postremo
976 2691 1071 2791 ‘ultore
1094 2723 1140 2786 (cx
1164 2726 1268 2779 emend.

245 2827 265 2864 r.
283 2813 329 2874 m.)
348 2809 389 2863 W.

314 2897 399 2950 XXVI.
429 2898 456 2966 1)
481 2901 619 2953 Aeneadae
638 2897 678 2951 W.
698 2897 745 2950 lla.
764 2895 800 2948 Ba
825 2905 851 2948 et
874 2912 911 2964 pr.
929 2895 980 2948 Mb.
1022 2895 1084 2948 Tum
1107 2901 1206 2953 Miscet
1229 2899 1268 2952 Bb

245 3003 268 3037 c.
287 2985 328 3038 ed.
348 2986 444 3040 blcrell.
463 2986 529 3039 llell.
548 2985 607 3038 libri
626 2994 652 3038 et
670 2987 757 3055 scripti
777 2992 804 3036 et
822 2983 883 3036 editi
901 2986 1021 3061 Micobel.
1062 2981 1112 3036 Pro
1134 2989 1269 3043 inlustres

245 3071 326 3140 (vulg.
345 3076 479 3140 illustres)
500 3073 549 3126 llld.
568 3073 645 3125 habet
665 3077 710 3127 illi
727 3083 783 3127 tres
800 3074 862 3126 ciri.
899 3070 977 3122 Voce.
995 3088 1027 3124 ac
1044 3075 1147 3129 nobiles
1166 3091 1217 3128 om.
1236 3079 1268 3128 A.

245 3160 339 3228 Scripsi
359 3161 453 3213 deiude
474 3166 680 3232 exomolopcee'm
704 3176 751 3228 pro
772 3161 970 3228 eoeomolopesin
995 3175 1052 3211 cum
1071 3159 1109 3224 A,
1133 3166 1267 3217 caeliomo-

244 3250 350 3318 lopieim
368 3257 407 3300 est
429 3251 454 3300 in
473 3249 533 3316 lib,
558 3251 775 3318 ecebomolopeein
793 3249 818 3297 in
835 3245 868 3296 W
888 3253 914 3296 et
931 3245 971 3298 tta
994 3254 1020 3297 et
1038 3246 1095 3299 edd.
1115 3256 1179 3300 vett.
1211 3269 1266 3306 em-

243 3338 405 3406 bcmolopesi
428 3338 454 3388 iu
471 3334 517 3389 Ba.
553 3335 611 3388 llox
627 3339 739 3405 facient.
750 3349 884 3402 perperam
903 3332 1005 3384 exhibet
1022 3333 1062 3386 W.
1099 3333 1181 3387 Deest
1197 3340 1270 3394 inter

244 3423 268 3472 in
285 3419 337 3474 Mb.
374 3421 435 3475 Tum
454 3427 593 3478 extiteritis
613 3422 673 3473 dant
691 3421 757 3473 ttcd.
802 3421 831 3489 2)
849 3424 926 3475 deum
943 3419 984 3472 W.
1002 3419 1050 3472 lla.
1070 3419 1141 3487 Bab,
1166 3425 1271 3480 domini

244 3507 286 3561 llb
306 3517 333 3561 et
353 3509 383 3563 A.
404 3509 467 3562 .Pr0
487 3521 588 3574 tumen,
614 3509 682 3578 quod
709 3525 729 3560 r.
749 3526 781 3560 m.
807 3509 984 3576 superscripsit
1001 3509 1027 3559 in
1045 3507 1101 3572 lllc,
1128 3508 1169 3561 lld
1189 3511 1270 3564 habet

244 3598 281 3651 tiri
299 3595 327 3662 (i.
347 3613 370 3650 e.
390 3597 513 3666 tantum).
549 3595 633 3648 Verba
652 3598 784 3664 proxima:
807 3605 831 3650 et
848 3598 952 3649 domino
970 3598 1131 3664 satisfacere
1149 3613 1200 3652 om.
1220 3599 1268 3653 Bb.

245 3681 274 3743 3)
294 3684 385 3736 divino
402 3686 541 3753 scriptura
556 3680 595 3732 lld
612 3689 638 3732 et
650 3683 679 3734 A.
716 3680 770 3732 Vid.
784 3680 875 3732 Daniel
893 3680 918 3746 3,
933 3681 975 3732 25.
986 3709 1022 3718 -
1033 3685 1124 3751 inquis
1137 3683 1168 3737 A.
1200 3686 1269 3741 Dein

244 3772 346 3824 Aearic
358 3767 398 3822 W.
429 3769 488 3821 lllox
506 3769 568 3831 (om.
582 3770 617 3834 et)
631 3772 837 3840 exomolopeeim
851 3769 882 3834 A,
901 3771 1128 3840 eebomoloppeim
1140 3771 1191 3840 tlt,
1211 3795 1267 3832 ex..

242 3859 421 3926 bomolopcein
430 3856 472 3922 W,
485 3859 691 3926 miscendumst,
704 3856 818 3922 obcelet,
832 3856 876 3909 Ba.
905 3854 1037 3908 Postremo
1051 3857 1148 3926 ipniW
1157 3867 1184 3912 et
1197 3861 1266 3917 lllad.

243 3941 274 4010 4)
292 3945 406 3997 Destillat
417 3942 455 3994 W.
471 3941 535 3996 libe.
548 3941 592 3995 Ba.
627 3942 658 4010 5)
676 3945 767 4014 repelli
784 3947 820 3998 tm
839 3947 878 4016 (et
888 3958 936 4012 per
946 3956 996 4016 res.
1008 3939 1063 4008 ίῖι),
1082 3945 1108 3995 in
1120 3961 1172 4017 mg.
1192 3948 1226 4000 ab
1246 3964 1266 4001 r.
