2868 4700
694 463 748 516 XIV

217 621 447 703 veronensium,
476 623 739 706 Neapolitanorum
771 631 801 686 et
827 625 1054 707 vaticanorum,
1084 630 1139 693 sed
1168 649 1229 696 non

216 743 435 828 beneventani,
457 751 489 809 ut
511 747 648 829 opinatur
671 746 1018 812 schoenemannus
1041 751 1071 814 in
1093 752 1230 818 Bibliotb.

214 866 517 934 historico-litterar.
540 872 657 935 Patrum
681 872 741 934 Lat.
766 873 847 934 Tom.
868 873 888 935 1.
911 892 939 954 p.
966 869 1052 954 1ar.‚
1082 877 1118 939 ad
1146 897 1230 942 mar-

214 992 300 1073 gines
324 995 501 1076 exemplaris
524 996 662 1060 editionis
685 995 872 1059 Manutianae
901 993 1003 1081 (Rom.
1033 995 1125 1063 1563.
1149 1000 1229 1083 fol),

215 1115 294 1195 quod
318 1117 347 1180 in
370 1119 551 1183 Bibliotheca
574 1121 665 1183 Acad.
689 1120 875 1203 Gottingcnsi
899 1127 1079 1202 asservatur,
1101 1141 1118 1184 a
1141 1121 1230 1186 docto

214 1239 284 1302 ltalo
308 1258 386 1304 saec.
403 1242 477 1305 XVl.
503 1243 658 1325 adscripta.
698 1243 787 1307 Cuius
810 1245 876 1307 libri
898 1245 1114 1327 pretiosissimi,
1139 1265 1228 1326 quem

214 1363 266 1425 Vir
281 1363 468 1428 doctissimus
489 1367 786 1450 Schweigerus‚
810 1368 1010 1430 Bibliothecae
1026 1368 1230 1452 Gottingcnsis

213 1487 394 1568 Praefectus,
412 1491 541 1574 benigne
554 1490 750 1553 adnuentibus
762 1491 882 1553 summis
895 1465 1081 1555 curatoribus
1098 1493 1127 1555 in
1142 1511 1229 1556 usum

213 1629 310 1672 meum
336 1611 545 1676 humanissime
575 1613 611 1675 ad
642 1632 688 1674 me
719 1614 895 1694 transmisit,
929 1634 1007 1678 anno
1042 1615 1123 1680 1737
1152 1637 1228 1701 pos-

214 1754 318 1799 sessor
346 1737 399 1799 fuit
430 1737 600 1800 lacobus
640 1737 845 1801 Soranzus
880 1745 910 1798 et
939 1745 1063 1819 postero
1094 1747 1228 1824 tempore

213 1859 414 1942 Iosephus
438 1861 575 1940 Smitb‚
599 1860 710 1924 Consul
733 1861 889 1923 Britannus
912 1861 990 1943 apud
1015 1863 1155 1930 Venetos,

302 1984 334 2046 ln
357 1985 393 2048 iis
416 2004 490 2048 vero
513 1985 676 2064 codicibuS,
699 2002 825 2065 quorum
847 1983 992 2047 lectiones
1015 1988 1163 2052 variantes
1190 1990 1229 2055 ibi

214 2111 413 2192 reperiuntur,
436 2110 598 2191 principem
622 2109 720 2172 locum
744 2107 857 2170 obtinet
878 2107 1062 2170 Veronensis
1085 2109 1145 2190 ille,
1169 2130 1229 2193 quo

213 2235 373 2299 Latinus
407 2205 591 2296 Latinius
625 2235 655 2294 in
689 2230 862 2294 adornanda
897 2229 1028 2293 editione
1061 2231 1229 2298 Manutiana

212 2377 284 2422 usus
308 2365 362 2420 est.
404 2360 467 2421 Nec
489 2359 558 2420 loco
583 2358 710 2419 alienum
733 2354 850 2416 videtur
873 2371 941 2416 esse
964 2353 1126 2436 adponere,
1151 2375 1228 2439 quas

212 2484 250 2547 da
272 2485 321 2548 illo
343 2476 487 2567 κειμηλίῳ
510 2482 661 2545 adnotavit
684 2480 729 2542 vir
744 2464 963 2564 κριτικώῑατος
978 2484 1008 2539 et
1024 2477 1062 2541 de
1078 2477 1227 2562 Cypriane

211 2608 397 2671 restituendo
430 2608 540 2689 optime
572 2604 694 2668 meritus
727 2605 757 2666 in
787 2601 877 2684 Epist.
908 2600 944 2664 ad
979 2599 1071 2665 Andr.
1104 2601 1227 2667 Masiurh
1266 2679 1270 2686 ¹

211 2733 244 2795 Τ.
275 2732 308 2795 ll.
341 2752 370 2814 p.
404 2727 473 2794 101.
508 2728 774 2810 „Antiquissimum
808 2725 942 2789 codicem
972 2726 1093 2804 unum“‚
1123 2726 1227 2808 inquit,

213 2873 272 2935 „ex
306 2855 476 2917 Veronensi
509 2849 687 2915 bibliotheca
725 2849 880 2914 advectum
916 2848 1022 2911 litteris
1059 2847 1226 2912 maiusculis

212 2985 280 3042 ante
311 2995 405 3041 annos
435 2976 529 3054 mille,
559 2981 592 3039 ut
619 2979 709 3056 puto,
740 2973 883 3054 scriptum
910 2969 1068 3053 diligenter
1095 2991 1163 3035 cum
1184 2971 1226 3036 lo.

211 3101 340 3184 baptista
363 3099 546 3186 Siogbicello
573 3096 709 3180 percurri
715 3119 725 3175 3
757 3117 797 3160 ex
828 3115 865 3160 eo
897 3095 927 3158 id
956 3095 1088 3176 inprimis
1118 3094 1252 3180 factum⁸

211 3237 257 3293 est
278 3227 364 3307 lucri,
386 3232 418 3291 ut
439 3226 543 3305 multo,
567 3242 645 3305 quae
668 3221 816 3306 Cypriane
839 3222 1021 3299 tribuuntur,
1044 3217 1134 3281 notha
1157 3233 1226 3281 esso

210 3351 442 3434 intelligeremus
449 3369 459 3426 ;
487 3347 557 3410 nibil
587 3347 665 3410 enim
694 3345 785 3408 habet
814 3343 973 3408 admixtum
996 3359 1117 3420 eorum,
1149 3355 1256 3455 quae}

210 3478 267 3541 viri
298 3475 377 3539 docti
409 3479 477 3537 ante
508 3488 564 3536 nos
591 3470 667 3534 falso
691 3469 839 3552 Cypriane
862 3465 1007 3547 adscripta
1030 3477 1100 3526 csse
1122 3463 1225 3544 suspi-

211 3601 268 3666 cati
300 3605 369 3663 sunt
400 3599 520 3677 varius,
559 3612 646 3678 quam
682 3595 870 3657 censuerunt.
929 3586 1013 3650 Ordo
1048 3585 1225 3667 scriptorum

172 3737 174 3744 ’
210 3739 308 3806 paene
330 3721 408 3785 idem
430 3720 460 3784 in
486 3720 639 3798 omnihus
671 3715 751 3779 unde
774 3731 835 3775 non
864 3708 934 3772 satis
964 3707 1064 3772 mirari
1092 3723 1224 3790 possum,

211 3865 269 3930 qua
297 3845 395 3910 fronte
422 3851 516 3910 totum
539 3839 695 3908 inverterit
716 3834 980 3900 audacissimorum
1002 3832 1153 3896 hominum
1175 3829 1225 3892 vcl

210 3971 355 4056 imperitia
382 3972 431 4034 vel
458 3975 540 4032 corte
568 3965 683 4027 levitas.
734 3960 823 4039 Nam,
839 3963 884 4022 ut
913 3955 1016 4037 vides,
1047 3956 1077 4019 in
1104 3952 1223 4018 excusis

210 4097 309 4163 omnia
331 4111 428 4179 paene
450 4107 506 4158 suo
528 4081 597 4154 loco
620 4093 710 4168 moto,
733 4081 978 4162 omnio-divulsa,
994 4059 1061 4144 ⁸non
1080 4084 1223 4162 temporo,
