2834 4686
719 368 783 431 252

231 524 298 590 iist
325 527 403 590 enim
420 522 447 600 ²)
478 525 564 588 nobis
594 542 660 588 cum
691 524 750 589 deo
780 526 874 591 virtus
897 525 953 588 ista
975 527 1147 588 communis.
1193 525 1266 591 inde

127 643 136 652 ‘
245 640 383 721 patientia
401 638 428 717 ³)
459 640 576 721 incipit,
608 639 677 702 inde
709 640 826 702 claritas
859 641 924 702 eius
958 646 986 702 et
1019 639 1147 722 dignitas
1177 645 1266 722 caput

246 751 342 814 sumit.
388 751 484 832 Origo
508 757 537 812 et
560 751 732 832 magnitudo
756 751 915 831 patientiae
945 749 1002 814 dco
1035 759 1159 816 auctore
1188 771 1265 835 prc-

246 864 333 927 cedit.
372 865 528 949 Diligenda
540 860 568 941 4)
583 882 634 928 res
650 865 771 948 bomini,
793 883 872 946 quuc
888 864 946 928 deo
962 883 1029 928 cara
1047 874 1102 929 est.
1140 867 1265 946 Bonum,

247 977 325 1060 quod
355 985 449 1056 amat,
481 978 618 1042 maiestas
650 979 748 1041 divino
780 977 974 1042 commendat
1020 978 1052 1044 Si
1068 977 1095 1056 ⁵)
1127 980 1266 1044 dominus

247 1090 334 1154 nobis
357 1098 387 1152 et
410 1097 493 1174 puter
517 1089 590 1154 dous
616 1097 678 1171 est,
709 1097 860 1154 sectemur
880 1092 1050 1174 patientiam
1074 1091 1185 1155 domini
1206 1112 1266 1174 pa-

246 1205 321 1267 riter
351 1210 380 1266 ct
409 1206 519 1286 patris,
552 1207 620 1286 quia
645 1211 675 1266 et
696 1222 804 1267 servos
827 1222 897 1267 esse
921 1211 1040 1287 oportet
1062 1204 1267 1287 obsequentes

247 1323 277 1378 et
299 1316 376 1380 filios
400 1336 460 1381 non
485 1319 571 1380 dccet
594 1335 662 1379 esse
687 1317 866 1402 degeneres.
911 1319 1013 1393 Qualis
1029 1336 1104 1381 vero
1120 1317 1224 1381 indeo
1238 1313 1266 1394 6)

247 1435 278 1491 et
300 1437 408 1511 quanta
430 1425 594 1515 potiendis,
618 1430 697 1512 quod
721 1433 751 1493 in
775 1431 982 1494 contumelium
1008 1449 1081 1494 suae
1105 1433 1266 1495 maiestatis
1280 1444 1318 1483 2⁴⁸

248 1548 277 1604 et
299 1543 422 1606 honoris
447 1544 577 1606 instituta
600 1546 636 1606 ab
653 1540 821 1608 hominibus
836 1544 961 1627 profana
978 1545 1085 1627 templa
1101 1551 1132 1606 et
1146 1552 1266 1607 terrena

246 1654 387 1736 figmenta
411 1662 441 1717 et
463 1673 548 1718 sacra
578 1657 723 1742 sacrilega
752 1658 966 1740 patientissime
995 1660 1145 1721 sustinens
1174 1676 1266 1740 super

247 1768 344 1831 bonos
368 1776 398 1830 et
421 1768 515 1831 maios
545 1770 709 1850 acqualiter
740 1770 808 1832 iacit
840 1771 917 1834 diem
950 1773 1033 1834 nasci
1050 1766 1075 1844 7)
1106 1779 1135 1832 et
1165 1772 1265 1834 tumen

245 1882 319 1944 solis
343 1883 467 1960 oboriri,
490 1889 608 1945 etcum
632 1883 773 1946 imbribus
797 1889 892 1946 terras
915 1885 1003 1966 rigat,
1027 1903 1114 1947 nemo
1134 1903 1151 1946 a
1168 1885 1266 1946 bene-

247 1994 321 2058 ficiis
345 1996 408 2057 eius
432 1995 615 2075 excluditur,
649 1997 807 2077 quominus
830 1989 916 2058 iustis
938 1995 1072 2058 similiter
1096 2003 1126 2059 et
1148 1998 1266 2060 iniustis

247 2107 423 2169 indiscretus
446 2109 562 2190 pluvius
585 2109 735 2192 largiatur.
771 2097 921 2171 ¹Videmus
943 2110 1134 2192 inseparabili
1149 2129 1265 2190 aequa-

247 2219 328 2281 litate
351 2223 509 2301 patientiae
533 2224 709 2285 nocentibus
733 2230 762 2283 et
783 2223 923 2300 innoxiis,
947 2223 1097 2304 religiosis
1114 2229 1144 2284 et
1160 2225 1266 2306 impiis,

247 2335 358 2414 gratias
381 2336 540 2418 agentibus
564 2342 593 2398 et
615 2337 739 2419 ingratis
762 2337 811 2398 dei
834 2343 906 2398 nutu
931 2343 1064 2418 tempora
1086 2339 1213 2418 obsequi
1227 2332 1266 2416 8),

248 2448 393 2510 elementa
418 2439 572 2529 famulari,
605 2452 720 2530 spirare
745 2456 871 2527 ventos,
901 2448 999 2513 fontes
1023 2449 1135 2530 fluere,
1168 2470 1265 2533 grun-

318 2632 347 2694 2)
370 2635 439 2684 mim
458 2644 507 2680 om.
529 2629 572 2680 Ba.
609 2630 737 2682 Laudatur
760 2631 801 2682 hic
826 2631 896 2684 iocus
922 2636 983 2685 us.
1004 2636 1152 2702 dupmetimo
1177 2641 1266 2685 contra

151 2760 154 2768 .
248 2719 310 2769 duas
329 2720 404 2784 epist.
423 2711 509 2784 Pelag.
530 2716 570 2767 iV.
591 2717 615 2768 9.
636 2720 659 2782 §.
680 2718 721 2768 25.
740 2717 767 2768 t.
786 2717 815 2768 X.
835 2735 859 2785 p.
880 2719 939 2770 484.
960 2718 990 2770 Ι).
1037 2719 1067 2786 3)
1085 2723 1216 2788 sapientia
1236 2719 1265 2770 Α.

247 2805 276 2863 d)
296 2807 438 2874 iiiiipcntr'a
456 2797 507 2854 Bm
541 2803 606 2856 Dein
625 2822 656 2858 ac
676 2809 771 2858 bonum
790 2805 829 2854 W.
850 2804 887 2856 Bb
906 2815 932 2858 et
950 2808 990 2858 ed.
1013 2806 1093 2870 Dum,
1115 2808 1141 2858 iu
1160 2823 1208 2874 qua
1230 2815 1270 2858 cet

248 2895 340 2948 divion
365 2897 493 2947 maiestas
520 2896 760 2947 conmendandum?
795 2892 861 2946 Ante
887 2897 1047 2948 commendat
1070 2909 1091 2945 r.
1115 2909 1147 2945 m.
1173 2909 1268 2960 euper-

247 2979 349 3044 scripoit
373 2990 449 3048 atqua
474 2981 498 3030 in
519 2978 575 3045 bib,
603 2985 755 3034 commendat
780 2980 926 3032 habetbid.
972 2982 1001 3049 5)
1024 2985 1060 3035 itt
1078 2984 1105 3035 si
1122 2979 1168 3031 Bo.
1205 2979 1269 3031 Tum

247 3068 313 3118 deus
330 3069 407 3119 nobis
426 3076 449 3118 et
468 3069 592 3120 dominus
611 3077 634 3119 ct
650 3069 725 3136 poter
744 3078 783 3121 est
802 3068 842 3118 ed.
863 3067 938 3133 Dav,
957 3078 1032 3136 pater
1049 3077 1075 3120 et
1093 3070 1158 3120 douc
1176 3075 1217 3120 eet
1238 3067 1269 3130 Α,

247 3159 270 3202 ct
295 3153 360 3202 deus
382 3161 457 3218 pctar
480 3163 521 3205 cat
546 3161 649 3203 ceterae
672 3153 729 3204 cdd.
749 3163 812 3204 vett.
834 3171 855 3206 c.
874 3153 917 3206 Er.
955 3153 1043 3208 Statim
1062 3163 1196 3208 sectamur
1215 3171 1268 3206 aa·

246 3239 370 3304 pientiam
388 3236 418 3286 A.
457 3237 513 3289 Mox
531 3238 598 3288 idem
617 3255 666 3290 orn.
686 3243 798 3308 paritor.
837 3238 885 3290 Pro
904 3239 1001 3307 vulgat.
1022 3251 1123 3306 oportet
1140 3257 1202 3293 esne
1223 3256 1269 3290 re·

248 3329 349 3388 ceptum
368 3339 428 3376 cccc
447 3333 546 3392 oportet
571 3339 585 3374 c
606 3323 680 3374 codd.
702 3323 741 3374 W.
765 3323 844 3376 dicho.
867 3323 918 3375 Bab
939 3333 964 3374 et
983 3323 1013 3374 Α.
1052 3323 1116 3376 Deio
1137 3343 1199 3379 ocae
1216 3342 1272 3379 mon

248 3411 318 3462 dccet
337 3409 456 3461 scribitur
473 3409 558 3462 ian.
597 3410 625 3474 6)
644 3415 673 3464 a'n
692 3415 737 3464 deo
756 3427 806 3462 om.
820 3411 851 3461 A.
887 3411 915 3476 7)
936 3410 1270 3465 Aiioordmnccidr'emd

249 3503 275 3544 et
294 3511 316 3546 c.
330 3497 371 3546 ed.
386 3495 448 3548 Dav.
465 3499 542 3560 oriri,
561 3496 629 3564 quod
647 3498 670 3547 in
685 3495 723 3547 tta
741 3512 788 3563 per
801 3512 850 3547 raa.
866 3505 966 3548 enatum
981 3503 1020 3547 est
1034 3511 1066 3548 ex
1078 3493 1184 3566 aporici
1197 3499 1270 3564 isio).

249 3579 297 3632 Pro
317 3582 562 3635 remanducat.
583 3590 609 3634 et
626 3581 724 3634 Erasdr.
744 3583 817 3634 Grau.
838 3591 913 3650 utque
930 3583 1026 3635 bioreil.
1046 3582 1142 3634 habeut
1160 3594 1271 3637 terram.

250 3666 310 3718 Tum
330 3673 401 3737 ripat
418 3685 431 3720 a
450 3685 483 3720 rn.
503 3685 558 3736 pn,
585 3669 617 3722 ab
637 3684 656 3721 r.
675 3673 763 3740 ripcm'
781 3669 830 3722 tib.
867 3669 1083 3737 Praepositionenr
1108 3679 1167 3720 ante
1187 3674 1270 3724 bame-

247 3759 317 3824 patto
340 3772 360 3808 r.
381 3772 412 3807 m.
432 3759 611 3824 superscripsit
630 3758 654 3808 in
675 3757 720 3807 bic.
760 3756 816 3808 tion
836 3761 918 3810 iustis
937 3758 1012 3807 deest
1029 3758 1054 3810 in
1074 3757 1105 3808 A.
1143 3757 1178 3820 θ)
1197 3769 1270 3812 tem-

247 3859 312 3909 poro
339 3846 446 3912 otacpm'
471 3859 520 3895 om.
547 3845 605 3896 edd.
632 3853 692 3898 vett.
736 3844 800 3897 Dein
826 3848 964 3916 inspirare
989 3854 1081 3899 cortou
1106 3845 1195 3896 scribit
1224 3844 1271 3896 Ba.

249 3925 297 3977 Pro
321 3931 497 3998 prncrdccoero
516 3930 643 3982 bioreliiut
668 3949 683 3982 e
707 3931 764 3983 cod.
787 3934 890 4000 antiquo
912 3931 983 3982 dedit
1002 3934 1168 3984 umescere.
1206 3928 1272 3983 Tum
