2882 4692
763 419 802 482 tu

272 591 342 638 nuru
365 573 487 656 sanginis
511 572 650 636 obiectet.
695 573 824 655 inpletur
848 577 876 640 in
900 594 1003 642 sucusu
1020 575 1049 655 8)
1063 578 1154 642 scibis
1181 579 1291 645 tesbo-

272 686 354 748 ribus
379 700 488 764 corpus
511 688 541 744 et
562 682 686 758 ursinae
709 685 782 748 toris
813 688 1011 751 membrorum
1043 689 1138 756 mutes
1168 693 1290 758 robusta

272 796 458 880 pinguescit,
481 804 513 859 ut
536 797 688 878 saginatus
712 799 741 860 in
765 818 889 881 poenum
914 802 1013 866 carius
1037 811 1148 884 pereat.
1194 805 1290 871 Horou

272 909 416 974 occiditur
440 910 467 973 in
492 909 619 974 bominis
643 913 822 994 voluptutem
839 911 883 994 ⁴),
918 923 948 978 et
971 923 1001 979 ut
1025 919 1092 998 quis
1114 921 1209 1000 possit
1231 938 1290 983 oc·

272 999 383 1098 cidere,
407 1021 511 1102 peritia
536 1029 591 1100 est,
616 1039 687 1086 usus
711 1029 765 1102 est,
793 1041 842 1088 ars
867 1031 920 1088 est.
967 1027 1071 1091 Scelus
1093 1047 1154 1094 non
1179 1037 1289 1098 tanturn

271 1135 402 1217 geritur,
436 1133 489 1196 sed
510 1131 536 1206 5)
566 1133 699 1198 docetur.
746 1136 821 1210 Ouid
853 1144 952 1218 potest
983 1141 1187 1223 inhumanius,
1219 1146 1289 1225 quid

271 1247 408 1310 acerbius
431 1246 514 1310 dici?
559 1247 721 1329 Disciplina
750 1258 795 1312 est
827 1259 858 1314 ut
891 1253 1039 1332 perimere
1056 1251 1083 1324 6)
1107 1257 1173 1336 quis
1196 1261 1289 1340 possit

272 1366 301 1422 et
323 1360 487 1442 gloriaest
510 1359 589 1441 quod
615 1361 738 1442 perimit.
777 1362 852 1436 Quid
877 1363 957 1444 iliud,
981 1384 1036 1430 oro
1060 1374 1098 1447 te,
1123 1371 1210 1451 quale
1234 1380 1289 1450 est,

179 1491 181 1502 ¹
272 1474 321 1536 ubi
339 1467 364 1544 ⁷)
387 1491 421 1535 se
445 1472 518 1534 ieris
542 1471 689 1550 obiciunt,
713 1489 788 1553 quos
813 1491 901 1538 neruo
926 1475 1104 1557 damnavit‚'
1119 1487 1216 1544 aetate
1239 1485 1289 1545 in-

272 1594 373 1670 tegra,
402 1587 527 1648 honeste
551 1586 622 1648 sutis
646 1583 758 1664 iorura,
783 1593 867 1651 veste
890 1591 1049 1670 pretiosa?
1095 1592 1235 1658 Viventes
1259 1597 1288 1662 in

271 1755 478 1766 u—-Q--s—-q--u

277 1897 284 1910 ,
342 1853 369 1916 3)
389 1851 425 1904 lta
445 1866 491 1919 pro
512 1839 584 1918 vulg(
598 1853 625 1904 iss
644 1867 756 1906 succum
769 1851 827 1904 Ver.
848 1853 902 1906 Vst.
918 1855 942 1906 3.
963 1856 1027 1910 nab.
1048 1857 1100 1913 Bab
1121 1873 1146 1916 et
1166 1881 1179 1917 a
1199 1883 1230 1918 ns.
1250 1885 1288 1936 pr.

271 1939 317 1992 iic.
351 1939 442 1991 Postea
462 1953 525 1988 vero
544 1938 569 1988 in
589 1937 637 1996 bec
655 1936 718 1990 iibro
737 1940 927 2007 superadditum
947 1953 986 1997 est
1004 1945 1047 1998 alt.
1061 1965 1084 2012 c,
1103 1951 1127 2000 iu
1141 1967 1191 2021 nug.
1205 1964 1288 2008 sutem

270 2027 301 2078 ab
315 2042 366 2078 sec.
381 2042 412 2077 ro.
427 2025 534 2076 babetur
547 2028 658 2089 siccum,
678 2034 704 2096 ut
718 2027 742 2077 in
756 2026 815 2078 edd.
831 2026 921 2082 venet.
935 2039 961 2082 et
973 2031 1062 2108 Remb.
1100 2033 1160 2090 Tum
1178 2041 1289 2106 pessime
1343 2069 1348 2077 ·

269 2117 372 2167 uuissua
397 2116 482 2166 iberis
507 2111 545 2176 Α,
572 2116 681 2167 arvinae
705 2118 780 2169 roris
800 2115 888 2168 Venet.
908 2116 988 2171 Kuno.
1015 2130 1040 2173 et
1059 2121 1164 2190 Reme,
1192 2132 1289 2182 arcina

269 2201 376 2254 assidui
402 2201 506 2252 nidoris
533 2197 626 2251 Erusm.
655 2209 681 2251 et
710 2201 784 2253 tiron.
829 2198 920 2273 Tetigit
948 2206 1012 2259 huuc
1041 2209 1123 2263 iocum
1148 2216 1185 2267 to.
1211 2219 1287 2270 uros.

271 2285 423 2342 ornaretur
443 2286 467 2336 iu
488 2284 557 2336 Statii
578 2285 638 2337 sib.
660 2286 765 2339 Distrib.
787 2305 810 2355 p.
831 2289 881 2340 257
902 2292 940 2348 ed.
961 2293 1055 2359 Hand,
1079 2298 1120 2350 ubi
1140 2302 1230 2353 multus
1250 2312 1287 2355 eet

269 2373 302 2422 de
320 2346 485 2440 gladioiuruns
505 2374 602 2440 sagina.
634 2375 706 2438 „iton
723 2375 833 2441 piacet“‚
853 2381 887 2428 ait
902 2382 939 2431 vir
951 2381 1028 2446 duct,
1048 2387 1133 2454 „quod
1147 2393 1287 2462 insssccssm

269 2460 407 2527 [isauricum
426 2461 544 2512 scribitur
564 2463 587 2513 in
608 2462 652 2529 W]
672 2480 770 2533 corpus
789 2464 876 2532 tegunt
895 2470 984 2519 summi
1005 2471 1064 2535 viri,
1087 2477 1159 2540 quusi
1178 2476 1287 2543 ἔγχυλον.

269 2545 342 2597 Ceut.
362 2545 430 2598 liber
444 2546 475 2598 sd
491 2547 678 2601 benesrianum
698 2549 768 2615 [cup.
783 2551 806 2600 3.
820 2553 897 2618 init.].
933 2553 998 2606 Dein
1019 2557 1051 2608 ita
1072 2556 1287 2618 construendum:

268 2641 291 2686 ct
310 2637 484 2690 mesrstrorssm
503 2641 585 2692 metes
604 2640 713 2690 robusto
733 2640 801 2690 teris
820 2642 930 2694 arvinae
946 2645 1113 2712 pinnensis,
1137 2646 1161 2697 id
1181 2661 1234 2714 est,
1254 2655 1287 2704 ad

269 2728 337 2772 torus
356 2723 469 2786 arvinae,
488 2733 515 2775 ut
534 2727 586 2777 tori
605 2731 630 2774 et
649 2725 744 2776 arcina
756 2725 806 2775 sint
819 2728 933 2793 corporis
945 2727 1124 2797 gladiatorum,
1143 2749 1193 2787 nou
1209 2737 1286 2802 cibi}⁴

268 2806 403 2876 Perperarn
429 2813 521 2864 ownia
546 2825 591 2877 pru
618 2813 710 2863 curius
734 2807 756 2859 Α
781 2817 807 2862 et
833 2819 893 2865 vett.
919 2813 975 2866 edd.
1019 2818 1049 2881 4)
1068 2821 1227 2876 uoluntatem
1245 2823 1286 2890 W,

268 2899 400 2952 voluntate
420 2894 465 2947 iic.
506 2894 580 2958 Quod
599 2898 713 2966 sequitur
738 2911 762 2954 ct
787 2900 852 2954 idern
877 2919 926 2955 om.
972 2907 1000 2969 5)
1020 2908 1170 2963 Particulase
1196 2924 1219 2968 et
1245 2916 1286 2966 in-

268 2990 367 3034 sectam
386 2991 444 3050 post
462 2984 509 3037 sed
527 2997 541 3032 e
560 2982 617 3034 ced.
632 2981 732 3038 Cambr.
752 2985 904 3054 aPsnselic‚
925 3008 999 3060 quem
1019 2998 1099 3048 secuti
1119 3006 1176 3052 suut
1194 2998 1286 3074 urgan

268 3065 349 3120 Oxou.
365 3065 447 3118 iiaiua.
465 3075 490 3118 ct
502 3065 649 3135 Goidboru.‚
670 3076 833 3127 exterminavi
853 3077 1054 3134 adsentientibus
1073 3085 1205 3140 codicibus
1223 3091 1287 3144 oseis

268 3155 385 3206 omnibus
412 3152 537 3223 editisque
564 3158 744 3225 superioribus.
792 3162 847 3214 Vid.
877 3169 1038 3224 Rumonem.
1068 3171 1202 3226 Grammstr
1231 3174 1285 3230 Lat.

268 3239 332 3291 Part.
352 3237 381 3290 11.
407 3241 430 3304 ς.
452 3239 509 3290 190.
534 3259 559 3310 p.
579 3242 631 3295 832
649 3263 687 3315 eq.
708 3256 734 3299 et
752 3266 818 3320 quse
837 3253 956 3308 adnotavi
981 3258 1013 3309 sd
1032 3257 1121 3312 tibrum
1141 3262 1175 3315 de
1193 3263 1285 3316 durnin.

268 3332 331 3376 orat.
351 3339 405 3395 cap.
426 3325 477 3379 vti.
503 3343 537 3380 ur.
560 3331 583 3380 2.
629 3335 657 3398 6)
681 3352 814 3404 pomosa
837 3356 875 3408 pr.
896 3340 950 3406 tte,
978 3349 1124 3411 perstem
1141 3347 1191 3402 Mb.
1230 3349 1288 3404 dios

268 3419 294 3462 at
312 3413 399 3481 yterio
416 3423 440 3466 et
458 3413 487 3466 Α.
526 3417 591 3470 iiein
611 3426 723 3488 peremit
742 3423 774 3474 W
794 3435 819 3479 et
838 3427 876 3480 ite
895 3429 922 3497 (a
941 3447 974 3484 us.
995 3433 1056 3501 pr.).
1077 3432 1130 3489 Bab
1156 3445 1182 3488 et
1201 3437 1241 3490 bid
1263 3456 1286 3492 o.

269 3530 326 3584 edd.
346 3532 515 3592 Pometiausns
533 3543 751 3611 antecedentibus,
770 3527 879 3618 missit
898 3551 947 3604 tib.
985 3555 1013 3619 7)
1032 3566 1074 3611 est
1091 3561 1150 3624 boe,
1174 3563 1221 3614 uti
1237 3560 1286 3626 Ha,

269 3622 312 3674 bic
331 3636 377 3688 pro
396 3629 445 3680 truc
464 3625 496 3677 W
515 3636 542 3680 et
559 3626 603 3681 Bs.
640 3630 702 3684 Tuos
722 3639 839 3692 oties'sssss
857 3638 931 3692 codd.
952 3656 1056 3709 cornu,
1079 3647 1208 3702 obiiciunt
1225 3649 1285 3702 edd.

268 3705 327 3760 btox
351 3712 503 3779 dampnavit
526 3713 572 3767 Bb.
593 3715 640 3770 did.
661 3717 698 3785 Α,
727 3725 908 3780 cudanssett
934 3727 992 3781 edd.
1017 3727 1062 3781 SP.
1090 3729 1179 3785 venet.
1204 3732 1286 3786 [uun.

268 3792 373 3860 nemu,
401 3802 597 3870 condempnavit
616 3803 680 3859 iias.
718 3805 829 3862 Additur
847 3814 997 3870 adtentius
1023 3815 1285 3884 (iubeantne.

269 3893 343 3948 supra
364 3881 419 3947 iio.)
438 3887 465 3938 in
483 3885 523 3938 Md
549 3895 576 3944 st
598 3890 657 3943 edd.
676 3899 739 3946 vett.
775 3894 823 3949 Pro
849 3899 960 3953 boumn
984 3900 1059 3954 codd.
1080 3901 1128 3955 bid.
1149 3903 1285 3959 Gratiano-

268 3965 340 4034 puiit.
361 3977 387 4020 et
406 3971 456 4023 duo
475 3972 574 4043 Augiici
593 3993 614 4027 c.
636 3977 694 4031 edd.
715 3989 778 4034 vett.
797 3982 917 4037 exhibent
934 3999 1056 4042 uenusto.
