2880 4696
680 420 739 485 131

202 573 364 656 piscentiae
387 577 513 642 carnalis
536 581 689 664 aspergis,
718 599 784 644 cum
807 581 986 664 integritatis
1003 579 1041 662 ¹⁰)
1063 583 1217 648 candidata

201 687 244 750 sis
267 695 297 750 et
326 681 458 770 pudoris.
506 692 613 758 Clamo
629 693 681 774 ¹¹),
712 697 807 776 inquit
829 695 956 759 Hesaiae
988 697 1079 760 deus:
1113 699 1219 762 Omnis

201 819 276 866 caro
303 805 431 885 faenum
453 803 491 885 ¹²)
520 815 550 870 ct
580 811 679 872 omnis
712 811 841 872 claritas
871 813 938 874 etos
970 821 1005 876 at
1034 813 1092 890 flos
1121 814 1219 892 [ceni.

201 917 296 982 Arsit
322 922 450 1001 faenum
480 931 511 986 ct
539 922 599 1001 tlos
630 926 746 987 decidit
763 923 813 1002 13).
860 927 967 990 Sermo
987 926 1025 1005 ¹⁴)
1048 936 1150 989 octena
1171 929 1221 994 clei

146 1034 303 1102 ‚tnoslri
334 1045 437 1100 ntcact
458 1038 492 1100 in
514 1047 679 1103 aeternnm.
723 1039 877 1103 Neminem
902 1041 1099 1106 Christianum
1123 1043 1221 1122 decet,
1325 1059 1329 1072 ·

203 1153 234 1208 et
249 1143 286 1225 ¹⁵)
308 1149 436 1211 maxime
454 1150 601 1234 virginem
625 1170 685 1214 non
710 1153 797 1214 decet
827 1154 990 1216 claritatem
1021 1157 1110 1219 ullam
1144 1175 1221 1220 con-

202 1266 308 1340 putare
331 1264 429 1326 carnis
453 1271 483 1326 et
504 1264 661 1344 honorem,
685 1266 740 1329 sed
763 1267 858 1330 solum
883 1268 1026 1350 adpetere
1051 1290 1222 1335 sermonem

203 1372 261 1454 dei,
285 1377 362 1440 bona
386 1376 416 1439 in
438 1385 592 1442 aeternum
609 1399 748 1445 mansura
764 1383 920 1464 conplecti.
960 1384 1021 1448 Aut
1036 1386 1061 1448 si
1078 1405 1167 1450 carne
1184 1383 1222 1464 16)

206 1509 413 1524 h———uun-u-

274 1581 319 1646 10)
339 1599 399 1635 cum
417 1582 577 1651 intepritctie
596 1597 646 1636 om.
664 1580 707 1646 A„
727 1600 787 1636 cam
806 1586 904 1654 affectet
921 1585 1082 1655 intepritatis
1100 1587 1126 1638 in
1151 1587 1219 1638 duo-

202 1670 249 1723 bus
268 1667 337 1720 libris
357 1677 416 1720 vett.
435 1668 533 1719 invenit
544 1663 640 1734 Baium,
659 1671 684 1719 iu
698 1668 755 1720 aliis
767 1669 847 1721 tribus
866 1688 926 1724 cum
944 1675 1092 1744 intepritate
1112 1678 1224 1728 ccrtdiclo

201 1760 245 1811 eie
263 1767 288 1809 et
303 1759 410 1825 pudore.
447 1753 480 1806 Et
497 1757 530 1808 ita
549 1757 630 1824 primo
650 1758 770 1824 scriptum
788 1757 834 1808 suit
858 1758 956 1824 inille,
982 1775 1032 1810 nec
1056 1760 1130 1812 aliter
1146 1759 1225 1813 habet

202 1845 243 1905 etl.
264 1843 319 1910 stt,
338 1863 399 1898 cum
417 1847 564 1915 inteprr'tete
582 1848 694 1898 castdirlo
710 1849 753 1899 eis
772 1856 797 1898 ct
812 1849 926 1914 pudoris
946 1847 1007 1900 dant
1025 1847 1087 1898 Vcn.
1109 1850 1132 1898 1.
1153 1848 1179 1900 2.
1198 1856 1225 1900 et

202 1931 292 1984 Rcmb.
312 1949 335 1984 c.
354 1931 410 1998 Mc,
428 1925 454 1984 irs
472 1948 522 2002 quo
540 1937 642 2003 pudore
660 1933 692 1985 ab
711 1949 731 1984 r.
749 1949 783 1984 m.
802 1942 922 1984 mutatum
941 1928 1024 1986 estin
1041 1938 1161 2004 pudoris
1182 1935 1223 1989 Mb

203 2021 279 2072 oiicrt
295 2040 355 2076 cum
373 2023 521 2092 iothritate
545 2023 594 2086 (sic
618 2023 717 2088 primo,
741 2036 840 2073 ecorr.
859 2021 898 2086 is)
919 2025 1030 2076 cassilide
1053 2026 1096 2075 sie
1121 2032 1145 2075 ct
1169 2043 1223 2093 pa·

106 2155 110 2164 .
202 2113 293 2175 loris,
317 2118 404 2160 contra
426 2109 465 2162 ed.
485 2109 606 2160 Deventr.
626 2109 729 2160 exhibet
747 2126 807 2162 cum
826 2099 987 2180 inthra‘tatic
1006 2113 1092 2180 picria
1111 2113 1223 2164 candida

201 2200 244 2252 aie
263 2205 287 2250 ct
303 2201 425 2266 pudoris.
469 2195 585 2249 Correxit
602 2195 722 2248 Erasmus
748 2213 808 2250 cuns
831 2200 993 2266 intepritctis
1019 2199 1156 2250 candidata
1179 2201 1222 2251 sic

186 2295 226 2339 .ct
251 2289 380 2355 pelosia,
413 2286 529 2355 hancque
553 2286 686 2340 lectionem
710 2293 811 2337 tuentur
835 2284 875 2338 W.
900 2284 964 2336 Mad.
990 2287 1010 2338 B
1036 2294 1061 2338 et
1086 2294 1144 2338 octo
1169 2282 1222 2338 Ba-

200 2373 275 2438 luzii‚
298 2374 340 2442 qai
358 2371 444 2425 laudat
460 2375 614 2427 Tertulliano.
634 2373 660 2425 L.
680 2373 710 2425 11.
729 2373 761 2423 ad
780 2389 849 2425 uxor.
871 2373 908 2440 [c.
927 2373 982 2441 t.]:
1009 2379 1070 2443 lpse
1088 2377 1130 2428 dci
1152 2391 1219 2427 can-

201 2464 301 2516 ditatus
320 2470 361 2515 eet
378 2465 488 2528 timore,
515 2469 541 2513 et
560 2462 593 2513 de
612 2462 739 2529 baptismo
759 2463 795 2528 [c.
817 2461 887 2527 10.]:
913 2464 1043 2532 Apelatur
1066 2465 1151 2530 itaque
1170 2466 1221 2515 ia-

201 2554 316 2618 ptiemue
325 2551 499 2620 paenitentiae
507 2552 586 2617 quasi
595 2553 751 2603 candidatos
757 2551 928 2602 remissionis
936 2559 959 2602 ct
968 2552 1185 2618 sanctificationis
1193 2553 1222 2604 its

202 2639 311 2692 Christo
319 2640 519 2692 subsecuturae.
546 2634 665 2688 Ceterum
674 2640 811 2691 candidata
821 2640 863 2690 sia
874 2640 1013 2706 elpodoris
1023 2637 1101 2689 habet
1110 2641 1182 2689 etiam
1190 2637 1220 2690 Α.

202 2725 247 2790 11)
263 2727 365 2779 Clamat
378 2725 426 2789 (ita
439 2739 476 2791 pr.
490 2724 566 2776 etiarn
579 2721 633 2792 ldb)
647 2742 746 2794 quoquc
757 2728 848 2778 maiae
860 2727 925 2778 dates
936 2723 967 2790 B,
988 2729 1082 2781 clamat
1099 2730 1221 2796 inquiens

199 2831 308 2883 esayam
320 2811 506 2876 1011111110,-
524 2815 620 2865 clamat
631 2815 720 2880 inquit
730 2816 823 2881 ysaiae
840 2815 905 2866 detes
918 2813 950 2877 A,
967 2817 1043 2882 ysaie
1060 2816 1122 2866 item
1135 2815 1176 2865 ttd
1197 2825 1221 2867 et

200 2899 329 2968 exemplar
338 2898 471 2964 Derecto,
482 2902 571 2953 occeio
579 2898 628 2963 tta,
643 2903 732 2952 asaiae
740 2899 772 2950 W
783 2907 808 2950 et
818 2898 868 2964 Mb,
880 2903 980 2953 Esaiae
989 2901 1078 2955 Remb.
1090 2906 1221 2972 ceterique

197 2989 368 3051 recentiores,
382 2989 481 3041 llcecic
493 2985 552 3036 edd.
565 2983 611 3037 SP.
621 2994 648 3036 et
657 2985 747 3036 Venet.
761 2986 794 3050 1.,
807 2989 920 3039 Haecine
929 2986 1018 3041 Venet.
1029 2989 1060 3041 2.·
1081 2988 1142 3041 Tum
1155 2994 1221 3046 desta

199 3091 256 3127 cum
267 3075 308 3126 ed.
318 3073 404 3126 Belua.
415 3073 488 3126 codd.
497 3071 538 3124 W.
549 3071 632 3124 Mabd.
642 3070 671 3124 Β.
681 3072 703 3124 Α
714 3080 740 3124 ct
749 3072 808 3123 Ver.
818 3073 853 3137 2.,
868 3077 991 3129 dominos
1000 3077 1055 3128 rell.
1066 3078 1135 3130 editi.
1163 3079 1220 3134 vid.

198 3165 283 3218 Hesai.
293 3165 337 3230 40,
348 3143 431 3216 6-ss
452 3162 497 3232 12)
506 3161 543 3214 lta
554 3169 700 3214 constanter
710 3162 766 3214 cod.
776 3162 826 3215 lib.
856 3161 942 3214 Ceteri
952 3162 1072 3217 fluctuant
1081 3168 1147 3218 inter
1159 3172 1219 3236 sac-

198 3271 272 3322 num,
293 3259 384 3323 fenum
401 3259 427 3303 et
444 3255 558 3320 [omum.
596 3250 652 3304 Vid.
666 3249 816 3320 Wagner.
837 3252 870 3302 de
888 3251 1000 3322 orthogr.
1014 3253 1109 3323 Vergil.
1121 3273 1146 3324 p.
1160 3255 1218 3309 437.

199 3339 263 3392 'lum
288 3344 375 3395 omnis
400 3329 488 3412 'plocio
514 3336 564 3389 tta.
610 3338 655 3406 13)
681 3343 747 3394 cedit
771 3339 818 3392 Mc.
865 3338 1220 3405 solidissimumque

199 3427 257 3479 Ver.
276 3427 311 3492 2.,
331 3430 441 3480 animan
466 3423 523 3476 libri
551 3433 609 3478 anto
628 3425 721 3478 Pamel.
741 3429 811 3480 editi.
849 3427 982 3498 „Plerique
1006 3428 1063 3480 libri
1088 3439 1167 3494 vett,
1192 3438 1220 3480 ut

198 3514 346 3582 frequenter
370 3513 448 3577 aiibi,
472 3511 567 3564 habent
590 3519 709 3568 verboso.
754 3515 811 3566 Vid.
832 3523 885 3566 not.
906 3515 937 3567 ad
960 3518 1033 3582 epist.
1053 3517 1094 3567 56.
1114 3533 1139 3583 p.
1158 3515 1218 3566 161.

198 3601 279 3653 etad
304 3602 378 3669 epist.
397 3599 439 3651 81.
464 3616 489 3668 p.
507 3599 584 3652 tw
621 3604 764 3656 Bcluziste.
793 3629 824 3640 -
855 3603 916 3653 'lum
941 3607 984 3658 dci
1000 3603 1043 3667 W,
1068 3606 1109 3656 dei
1131 3605 1219 3654 nostri

199 3683 257 3754 (roi
275 3691 335 3738 θεοῦ
352 3682 431 3756 ἡμῶν)
450 3687 581 3755 metella,
600 3687 668 3757 vulg.
688 3691 796 3742 domini.
826 3687 892 3740 Dein
911 3687 1083 3744 manalitlld.
1119 3687 1165 3755 15)
1177 3690 1219 3740 vel
1247 3683 1249 3688 ’

197 3845 238 3898 W.
256 3845 324 3926 dieb.
342 3843 379 3911 Β,
401 3786 531 3912 11111111
552 3863 572 3899 r.
591 3863 624 3898 m.
643 3845 783 3914 superscr.)
803 3845 849 3898 Mc.
886 3845 976 3899 Partic.
997 3856 1021 3899 et
1047 3853 1106 3898 ante
1130 3851 1214 3900 tosto-

196 3951 254 3988 rem
271 3949 322 3986 om.
340 3933 443 4001 Fragm.
461 3932 543 3987 Eram.
562 3935 586 3987 2.
605 3950 715 4002 moxque
735 3947 781 4001 pro
800 3936 842 3987 dai
859 3932 937 3985 habet
956 3936 1062 3988 domini.
1097 3931 1215 3986 Proxime

196 4038 325 4081 mura
341 4027 463 4096 completi
480 4023 522 4090 A3
545 4027 667 4094 amplecti
683 4021 725 4078 Fr.
743 4021 824 4076 Emm
844 4023 870 4078 2.
913 4023 958 4089 16)
978 4023 1016 4076 lta
1035 4022 1068 4074 W
1086 4031 1113 4076 et
1130 4022 1213 4082 liabd.

951 4109 1003 4178 911
