2904 4692
621 401 682 464 109

144 559 234 626 celles
258 566 289 622 et
310 558 446 622 turbines
467 559 569 622 mundi
587 561 747 642 trepidatio
771 558 849 622 nuile
879 558 918 620 sit
949 557 1050 635 nobie,
1082 557 1160 622 nullo

144 672 289 746 turbstio,
321 668 440 749 qnando
471 669 545 732 boreo
571 677 694 732 venture
716 669 897 752 praedixerit
927 670 1063 737 dominus
1085 689 1160 752 pro·
1195 697 1207 724 ·

146 784 231 848 videe
262 783 345 845 vocis
377 781 492 845 berteto
524 783 673 844 instruens
703 791 733 845 et
764 783 894 862 docens,
928 792 958 846 et
977 803 1161 867 praeperans

145 905 234 978 etque
267 897 470 958 corroborans
502 881 653 960 ecciesiae
688 915 762 959 suec
798 896 938 978 populum
961 897 1008 973 ,ed
1043 916 1161 961 omnem

145 1009 330 1072 tolerantiam
354 1007 538 1086 futurorum,
567 1009 641 1072 helie
667 1015 696 1072 et
720 1009 812 1072 fumes
836 1015 866 1071 et
889 1016 987 1072 terroe
1011 1011 1108 1074 moins
1132 1020 1162 1074 et

145 1119 328 1202 pestilentias
355 1139 410 1201 per
441 1121 507 1184 loce
539 1122 656 1204 singule
687 1140 864 1204 exsurgere.
884 1123 1101 1204 prnennntisvit
1132 1130 1162 1187 ot

146 1233 260 1297 cecinit.
305 1233 342 1294 Et
374 1251 413 1294 ne
431 1234 613 1315 inopinatus
630 1232 662 1318 ⁴)
697 1253 753 1297 nos
787 1241 817 1297 et
850 1253 946 1298 novus
980 1255 1079 1298 rerum
1111 1239 1162 1301 in-

146 1345 314 1409 fesnnnon
337 1353 433 1410 metus
456 1353 609 1427 enunieret,
640 1348 733 1428 magis
763 1364 798 1408 ec
822 1349 916 1430 megis
938 1349 967 1409 in
993 1350 1161 1412 novissimis

146 1459 327 1540 temporibus
359 1459 485 1522 adverse
516 1459 711 1522 crebrescere
742 1466 810 1522 ente
837 1461 1030 1541 praemonuit.
1076 1461 1162 1525 Fiunt

147 1590 219 1634 ecoe
243 1587 320 1651 quse
344 1571 420 1634 dicte
444 1575 521 1649 sunt,
546 1576 575 1632 et
597 1570 717 1651 quondo
740 1569 812 1634 fiunt
829 1589 907 1652 quse
927 1579 996 1634 ante
1012 1573 1162 1654 proedicto

146 1691 214 1748 sunt
230 1681 290 1767 ⁵),‘
309 1687 473 1763 sequentur
496 1687 527 1744 et
548 1699 753 1763 quoecumque
778 1685 927 1766 promisse
951 1691 1020 1748 sunt
1042 1685 1162 1750 domino

147 1812 355 1825 .....-...--.--

147 1877 234 1944 scripti
253 1883 278 1926 et
297 1874 358 1928 editi
377 1871 471 1922 babent
489 1881 588 1940 speret.
625 1870 744 1922 Similiter
762 1869 855 1923 Noster
874 1869 921 1938 Ep.
941 1870 994 1924 XV.
1013 1891 1037 1940 p.
1057 1876 1100 1926 24.
1120 1872 1161 1930 edss

147 1960 251 2014 Reium:
270 1957 405 2016 rtos'vos
424 1961 503 2021 detis,
522 1961 623 2028 quondo
643 1962 730 2012 nostri
747 1963 775 2011 irs
794 1961 911 2011 oratione
929 1963 1099 2027 meministis,
1119 1969 1164 2033 qus·

146 2053 281 2118 spirenses
299 2051 354 2100 ieet
372 2050 432 2101 sote
450 2049 574 2104 ceetests'a
592 2055 616 2100 et
627 2055 729 2098 tontum
742 2047 833 2098 divine
845 2047 999 2100 emineres
1012 2050 1046 2100 ed
1055 2051 1165 2120 [estipia

147 2137 261 2189 celsiore
279 2153 354 2188 essere
371 2137 431 2204 ipse
447 2135 588 2203 passionis
602 2135 756 2186 crocodilis.
788 2130 902 2182 Fluctuet
914 2131 993 2182 lectio
1006 2134 1081 2186 etiem
1094 2134 1118 2188 b.
1133 2137 1164 2202 i.;

147 2221 220 2274 oodd.
241 2225 312 2274 enim.
328 2219 411 2274 bibcd.
432 2218 451 2270 B
471 2220 499 2286 (i.
514 2234 537 2270 e.
551 2217 601 2286 Be)
619 2227 645 2270 et
661 2217 692 2283 Α,
711 2220 735 2269 in
754 2217 845 2286 quibus
863 2217 924 2302 solie
944 2220 1028 2272 ineunt
1044 2219 1165 2290 Cyprisni

147 2308 281 2376 epistotae,
299 2307 579 2377 scribuntusperontss.
611 2305 802 2374 Adstipulentur
820 2313 940 2373 quattuor
956 2305 1014 2358 libri
1030 2323 1069 2375 sp.
1084 2307 1164 2362 Oxou.

147 2403 172 2446 et
192 2393 354 2447 Cometensis
373 2411 414 2462 sp.
431 2392 529 2457 Boium,
551 2409 597 2445 nec
617 2394 762 2461 discrepent
781 2391 838 2444 edd.
859 2401 921 2444 vett.
942 2409 964 2444 c.
980 2393 1077 2450 Eresos.
1091 2395 1164 2450 (ires.

148 2480 243 2536 bioreii.
262 2481 356 2534 Pemei.
394 2479 444 2532 Sed
462 2479 657 2548 praeferendum
675 2483 827 2549 spirantes,
857 2480 924 2550 qood
946 2481 1067 2535 exhibent
1091 2482 1164 2534 codd.

148 2569 207 2620 Ver.
227 2565 367 2620 benevent.
393 2576 418 2619 et
440 2566 520 2635 iieep.
546 2583 603 2620 cum
622 2565 715 2618 bienut.
736 2565 793 2635 urg.
819 2583 850 2618 ec
874 2569 1069 2620 recentioribus.
1108 2568 1166 2621 iios

146 2657 221 2708 ssutte
239 2660 277 2708 sit
294 2657 369 2708 nobis
389 2653 480 2723 (vulgo
500 2657 573 2708 rroiio
592 2657 630 2707 sit
646 2657 675 2707 irs
692 2655 782 2722 scobis)
799 2657 889 2722 scripsi
902 2655 1083 2723 praeeuntibus
1096 2655 1166 2708 libris

147 2739 205 2792 Ver.
224 2739 263 2790 W.
284 2740 367 2792 biebd.
388 2738 449 2792 esu.
470 2741 491 2791 Α
511 2749 536 2792 et
554 2750 653 2814 septem
672 2741 794 2809 Augiiris.
831 2739 960 2809 Deinceps
978 2743 1166 2806 ramessen,
1274 2737 1279 2744 ’

148 2825 197 2876 Pro
216 2829 339 2889 testatio,
358 2826 426 2892 qood
444 2828 554 2878 restituit
573 2826 698 2888 Boionius,
719 2825 755 2877 bb
775 2835 801 2878 et
818 2829 842 2878 in
862 2843 910 2893 mg.
928 2825 963 2878 Be
982 2827 1077 2878 hebent
1088 2845 1165 2882 cesss-

150 2915 244 2975 statio,
265 2919 292 2961 ut
310 2919 370 2962 sote
390 2910 531 2978 iegebstur.
570 2909 630 2960 Tum
650 2908 1015 2964 nemausenses..
1051 2909 1167 2962 Proxime

148 3002 282 3063 bortetor‚
311 2997 379 3067 qood
398 3012 430 3047 ex
448 3000 571 3052 bortatur
589 3004 689 3046 enatum
709 3003 764 3058 Μ,
791 2995 847 3057 Mb,
875 3007 970 3050 ornatu
987 2996 1043 3062 Bb,
1070 3011 1128 3050 mox
1145 3013 1169 3056 et

149 3088 327 3138 corroborares
347 3083 393 3134 bic.
430 3082 456 3133 in
476 3097 548 3149 seqq.
567 3085 719 3150 pestilentie
736 3092 883 3152 excerpent
906 3100 956 3152 per
979 3087 1037 3137 loce
1060 3089 1169 3156 sinposia

150 3169 198 3224 bib.
236 3175 345 3236 Casinis,
364 3170 433 3238 qood
453 3185 500 3237 pro
518 3173 607 3223 docuit
625 3169 717 3237 primus
736 3185 751 3220 e
771 3167 828 3220 cod.
843 3185 888 3221 ms.
908 3170 1013 3238 protulit
1031 3172 1168 3239 proberis·

149 3275 199 3326 qne
218 3263 239 3314 1.
260 3263 287 3312 ii.
310 3261 464 3312 Gronovius
485 3255 630 3308 observem.
650 3255 690 3308 tii.
710 3258 751 3307 24.
772 3273 796 3324 p.
817 3257 868 3308 323
887 3267 913 3310 et
931 3260 1097 3328 complurium
1119 3277 1167 3313 co-

150 3347 233 3398 dicum
252 3349 401 3398 auctoritste
420 3345 528 3396 firmavit
548 3343 680 3409 Betucius,
706 3355 847 3414 agnoscunt
873 3349 948 3398 etium
974 3349 1024 3400 mei
1046 3349 1169 3400 reddet

151 3431 232 3500 Ncsp.
271 3431 310 3484 [ie
330 3433 378 3484 boc
398 3450 443 3485 osu
462 3433 533 3485 verbi
553 3450 647 3488 canere
665 3435 717 3486 vid.
736 3437 851 3489 Gronoe.
871 3434 885 3486 l.
900 3419 921 3487 o.
958 3436 1032 3489 Adde
1051 3437 1168 3490 Nostrum

151 3519 183 3570 de
207 3534 285 3588 opere
311 3530 336 3572 et
361 3520 483 3572 eleemos.
506 3538 560 3588 cep.
580 3520 621 3573 tv,
641 3507 693 3572 not.
717 3522 755 3586 1.,
783 3522 813 3573 ed
835 3521 986 3575 Demetrion.
1006 3541 1061 3591 cop.
1081 3522 1167 3574 xviii.

150 3621 172 3657 c.
193 3604 209 3656 i.
256 3611 283 3671 4)
311 3613 463 3678 inopinatos
489 3609 538 3660 nih.
576 3607 710 3677 Perperene
737 3614 773 3662 sit
799 3625 844 3676 pro
871 3629 921 3665 nos
948 3627 985 3676 pr.
1006 3611 1052 3662 bic.
1090 3610 1168 3662 Voce.

149 3712 237 3747 ecesse
256 3712 347 3750 rernm
366 3697 460 3748 ibidem
481 3713 499 3748 r.
520 3713 551 3746 nn.
572 3696 676 3754 eddidit.
714 3693 778 3746 [isin
803 3706 891 3752 motus
916 3708 1029 3766 pecteret
1052 3697 1170 3748 scribitur

150 3782 175 3831 in
196 3779 240 3831 ub.
278 3782 327 3834 Pro
347 3787 508 3852 temporibus
527 3783 566 3832 bib
586 3781 783 3864 hebetxdiebns.
819 3768 880 3834 Turn
907 3788 1100 3838 crebrescerent
1121 3785 1167 3836 bic.

152 3869 181 3934 5)
200 3867 283 3922 Verbo
302 3880 327 3924 et
344 3873 446 3939 quando
464 3877 529 3940 finnt
548 3888 613 3938 quoe
632 3880 691 3924 onte
707 3874 843 3938 praedicte
864 3882 928 3925 serit
951 3886 1000 3921 om.
1020 3869 1077 3934 bib,
1105 3885 1169 3938 pro·

150 3956 215 4008 xime
235 3968 378 4026 sequentur
395 3969 418 4012 et
437 3975 614 4027 quoecumque
631 3961 798 4027 prensissrsrst
816 3958 992 4010 desiderentur
1010 3959 1034 4008 in
1048 3956 1077 4010 Α.
1114 3960 1168 4013 Se-
