2882 4692
723 267 786 336 152

245 443 301 509 per
331 424 469 508 placendi
497 424 625 492 studium
656 426 694 492 de
727 430 888 514 coniugum
918 431 1031 496 solacio
1065 433 1262 517 blandiantur,

248 557 335 620 quos,
358 538 425 602 dum
448 540 478 603 in
502 540 726 604 excusationem
748 560 832 607 suam
847 544 1014 626 proferunt,
1038 545 1076 608 ad
1091 549 1262 613 societatem

250 652 428 715 criminosae
460 655 668 717 consensionis
691 653 870 719 adsciscunt.
914 659 1054 742 Virgines
1077 670 1169 742 certe,
1192 665 1262 746 qui·

248 765 304 828 bus
328 765 375 828 lric
398 785 496 832 sermo
513 761 549 845 17)
573 787 653 832 nuno
677 772 813 852 consulit,
837 791 914 854 quae
937 791 971 838 sc
991 776 1137 841 eiusmodi
1152 781 1262 846 artibus

221 882 445 962 scompserint‚
477 883 555 946 inter
584 885 716 968 virgines
746 905 807 950 non
838 895 938 970 putem
969 888 1081 954 debere
1105 895 1263 973 numerari,

249 992 304 1056 sed
326 1001 473 1076 tamquam
495 1001 646 1060 contactas
671 1016 746 1062 oves
769 1006 798 1062 et
815 999 964 1066 morbidas
979 1004 1112 1084 pecudes
1127 1022 1145 1066 a
1160 1014 1263 1072 sancto

250 1111 279 1168 et
309 1126 384 1189 puro
419 1127 516 1192 grege
550 1112 726 1194 virginitatis
760 1115 858 1178 arceri
877 1111 932 1196 ¹⁸),
964 1135 1003 1180 ne
1034 1120 1173 1202 contagio
1206 1138 1262 1184 suo

250 1227 365 1284 ceteras
395 1225 543 1306 polluant,
577 1227 646 1290 dum
677 1229 763 1292 simul
793 1230 922 1314 degunt,
956 1249 996 1295 ne
1027 1232 1152 1314 perdant
1181 1234 1263 1314 alias,

203 1393 222 1408 ,
251 1356 455 1422 quaecumque
477 1341 638 1424 perierunt.
676 1342 713 1406 Et
728 1345 867 1424 quoniam
883 1339 920 1424 ¹⁹)
938 1346 1138 1412 continentiae
1154 1350 1264 1414 bonum

212 1461 238 1508 1⁰
254 1454 434 1536 quaerimus,
458 1455 627 1538 perniciosa
649 1475 787 1540 quaeque
811 1465 841 1522 et
861 1458 970 1525 infesta
992 1461 1126 1526 vitemus.

713 1654 807 1722 XIV.

340 1801 404 1863 Nec
436 1799 485 1861 illa
514 1804 691 1880 praetereo,
726 1816 821 1880 quae,
855 1797 923 1862 dum
953 1800 1160 1892 neglegenltia
1179 1803 1201 1882 ¹)
1236 1797 1320 1869 in¹⁷⁹

193 1903 196 1912 ’
254 1935 340 1980 usum
363 1917 500 1993 veniunt,
528 1919 632 1977 contra
654 1911 779 1996 pudicos
802 1920 832 1976 et
854 1915 973 1978 sobrios
995 1934 1095 1980 mores
1119 1919 1267 1983 licentiam

253 2033 310 2096 sibi
332 2030 369 2094 de
392 2030 585 2111 usurpatione
607 2028 752 2092 lecerunt
792 2028 939 2102 Quasdam
954 2048 1015 2095 non
1035 2033 1126 2114 pudet
1147 2034 1266 2100 nuben-

254 2148 330 2211 tibus
354 2148 502 2210 interesse
525 2154 554 2208 et
576 2147 605 2209 in
622 2144 650 2224 2)
673 2146 721 2208 illa
743 2146 957 2209 lascivientium
979 2147 1117 2212 libertate
1147 2169 1267 2216 sermo-

254 2365 335 2419 llunu.
357 2365 446 2419 Remb.
462 2364 568 2431 Emeum,
587 2367 742 2420 oaeciecacnt
756 2361 810 2430 SR,
830 2367 966 2419 assistunt
983 2365 1014 2417 tt.
1051 2366 1095 2432 17)
1113 2373 1164 2425 inte
1181 2386 1268 2422 emmo

256 2455 314 2508 edd.
339 2463 397 2506 ante
426 2455 517 2508 Manut.
542 2470 629 2507 omues
656 2471 677 2504 c.
698 2451 794 2505 llorell.
839 2451 900 2504 Tum
924 2470 976 2507 non
998 2470 1044 2522 pro
1069 2473 1140 2510 nuno
1162 2455 1209 2507 lla.
1226 2454 1267 2507 Fr.

255 2541 335 2595 Emm.
349 2542 374 2595 2.
388 2541 442 2594 Vat.
456 2542 480 2595 3.
494 2541 534 2594 ttd
547 2552 572 2595 et
585 2559 599 2593 a
612 2559 632 2594 s.
646 2559 677 2593 m.
691 2540 740 2592 tib.
771 2540 830 2592 Mox
847 2544 1000 2596 huirtsmoda'
1018 2542 1059 2595 Fr.
1072 2543 1152 2595 Emm.
1167 2543 1189 2594 1.
1203 2541 1266 2594 nuc.
1377 2600 1382 2604 ,

257 2629 285 2682 Β.
316 2629 375 2682 Post
393 2635 495 2686 aritine
513 2631 554 2683 tlt
573 2631 643 2683 addit
660 2634 755 2701 mcpis.
791 2629 857 2680 Dein
876 2642 1045 2700 compserunt
1058 2631 1107 2696 tlh,
1126 2640 1269 2686 conserunt
1431 2647 1432 2742 p

256 2707 298 2770 Fr.
316 2717 396 2769 Emm.
417 2721 455 2783 l.‚
483 2723 681 2790 concepereera'nt
699 2718 745 2770 Mc.
787 2716 954 2786 Negationem
972 2728 1031 2770 ante
1047 2730 1133 2789 putem
1151 2735 1199 2772 cm.
1218 2720 1267 2772 Md.

257 2809 350 2860 Puteal
375 2807 492 2859 scribitur
518 2809 542 2858 ln
561 2806 620 2859 Ver.
645 2816 671 2859 et
693 2807 735 2859 Fr.
757 2805 838 2859 Emm.
864 2806 904 2873 2,,
931 2817 1010 2878 putee
1035 2809 1060 2858 iu
1083 2807 1124 2862 Fr.
1143 2807 1224 2860 Emm.
1245 2808 1268 2860 l.

258 2893 303 2963 18)
323 2903 396 2951 aceri
414 2897 474 2963 (sic)
494 2895 535 2950 Fr.
548 2895 629 2948 Emm.
650 2897 673 2949 1.
709 2895 767 2948 llos
784 2913 843 2950 cum
861 2911 908 2964 pro
926 2900 988 2950 dum
1008 2897 1049 2948 W.
1067 2895 1116 2949 lla.
1152 2897 1218 2949 Dein
1236 2915 1269 2950 ne

257 2993 365 3048 pereant
391 2987 460 3036 aliae
477 2983 523 3035 Mc.
568 2983 595 3035 ln
621 2981 732 3034 clausula
755 2993 863 3052 percurret
882 2981 922 3034 ed.
942 2982 1063 3035 Daventr.
1112 2983 1155 3053 19)
1178 2990 1222 3056 qni
1239 2986 1269 3039 A.

259 3067 287 3119 ln
315 3085 385 3140 seqq.
414 3077 562 3142 perstitiose
591 3082 615 3128 ot
641 3077 737 3142 infeste
764 3088 877 3141 preceque
902 3070 951 3123 Mb.
995 3071 1062 3124 Part.
1087 3083 1111 3128 et
1137 3089 1186 3126 cru.
1217 3073 1267 3127 tiu.

259 3158 319 3211 Turn
338 3166 452 3215 vitamus
470 3161 566 3214 habent
584 3161 624 3213 W.
643 3160 708 3211 meu.
727 3159 754 3213 B.

325 3248 387 3301 XIV.
409 3249 435 3314 1)
454 3253 484 3303 cte
503 3253 560 3317 (pro
582 3250 655 3311 dum)
675 3250 832 3316 neclepeota'o
848 3246 884 3314 B,
902 3267 950 3318 per
967 3252 1152 3321 neplc'penta‘om
1171 3253 1269 3309 llorell.

258 3337 325 3390 lutra
343 3338 416 3390 deest
433 3325 559 3403 fecerant!
572 3338 597 3386 in
616 3338 646 3387 Α.
691 3335 720 3401 2)
739 3339 767 3389 in
785 3351 805 3386 r.
825 3352 856 3388 m.
875 3339 1050 3406 superscripsit
1067 3339 1092 3390 in
1109 3340 1175 3406 itte,
1200 3346 1270 3398 irater

258 3431 332 3482 illam
351 3455 380 3463 -
401 3428 543 3479 libertatem
562 3423 603 3474 tlt
626 3431 651 3475 et
676 3423 733 3476 edd.
752 3422 844 3476 Manut.
863 3426 1045 3478 antecedentes
1063 3443 1085 3478 c.
1105 3426 1202 3481 llorell.
1238 3430 1267 3482 ln

259 3503 329 3584 seqq.
352 3523 376 3567 et
399 3515 467 3583 quod
489 3528 542 3563 non
566 3514 626 3564 licet
649 3514 736 3566 dicere
759 3512 832 3579 Ver,
858 3518 945 3568 nlicere
968 3517 1036 3584 quod
1059 3531 1112 3568 non
1135 3519 1196 3570 licet
1217 3517 1266 3570 tlt.

259 3601 323 3654 Delu
342 3602 481 3655 obversari
492 3607 562 3649 recte
575 3597 667 3651 Manui.
680 3608 705 3652 et
723 3601 789 3653 duce
805 3600 866 3653 Gro
875 3617 891 3652 n
901 3602 981 3654 ovio
1000 3598 1157 3668 (Observatt.
1170 3618 1195 3670 p.
1209 3601 1267 3655 322.

259 3693 325 3759 seq.)
352 3687 503 3749 Gelonem„
528 3690 666 3740 otaerocra'
684 3687 723 3739 W.
742 3687 790 3742 Ma.
814 3688 855 3743 Fr.
873 3688 954 3742 Emm.
975 3688 998 3742 1.
1023 3697 1049 3740 et
1069 3706 1107 3757 pr.
1126 3688 1183 3755 tlt,
1207 3691 1265 3740 item

259 3777 356 3842 Baium,
376 3778 515 3829 altercare
533 3771 573 3824 tto
593 3777 621 3839 (a
639 3791 659 3827 s.
678 3776 733 3845 m),
752 3775 815 3828 lllcd.
830 3776 884 3828 Vct.
897 3791 983 3830 cruces
1002 3785 1028 3830 et
1047 3777 1105 3829 edsl.
1126 3784 1187 3830 vett.
1205 3775 1265 3843 (ex-

260 3872 333 3932 cepta
350 3860 483 3927 Daveutr.)
504 3874 554 3912 una
574 3877 596 3912 c.
614 3859 703 3916 Remb.
721 3862 817 3916 Erasm.
835 3861 932 3916 Morell.
949 3861 1018 3918 Pam.
1036 3864 1093 3935 tttg.
1113 3863 1174 3931 Οι,
1199 3879 1266 3918 con-

1424 4038 1426 4055 .
