2904 4692
664 333 726 396 103

189 495 299 560 demini
330 492 470 554 matutina
495 489 631 552 oratione
655 489 832 553 celebretur.
881 489 968 564 Quod
992 490 1060 551 oiim
1085 489 1206 571 spiritua

188 613 308 671 sancius
323 603 348 676 ³)
382 605 557 688 designabat
587 604 614 664 in
648 602 770 685 psalmis
801 602 920 666 dicens:
960 603 1029 664 Rem
1062 621 1146 663 metes
1178 611 1208 664 et

187 721 266 782 deae
302 737 403 794 marta,
439 717 589 796 paeoniam
623 717 666 776 ad
701 722 728 776 ie
764 716 864 778 orabo
878 713 905 792 ⁴)
923 716 1062 794 *domine
1072 737 1083 789 ,·
1117 727 1207 778 marte

188 833 342 896 emeedica
364 851 470 895 eorem
496 849 610 908 meam,
634 849 724 900 mnne
748 830 901 892 adsistam
926 829 992 906 tibi,
1016 839 1046 892 et
1068 838 1207 900 contem-

184 945 303 1027 plabor
327 953 363 1008 te.
408 943 445 1008 Et
467 944 572 1006 iterum
595 961 650 1025 per
664 941 839 1025 prophetam
862 943 994 1024 loquitur
1010 941 1205 1021 dominura:

188 1060 337 1122 Diluculo
360 1058 535 1138 eipiiebrrnt
557 1059 600 1118 ad
622 1077 668 1120 me
691 1057 845 1119 dicentes:
869 1057 985 1119 Eamne
1013 1064 1043 1119 et
1064 1067 1205 1120 reverte-

187 1189 255 1231 metr
277 1169 320 1230 ed
334 1169 490 1230 dominam
510 1168 598 1229 deam
621 1174 769 1231 noemam.
799 1167 987 1230 «Recedente
1009 1167 1118 1248 item⁶)
1140 1173 1206 1234 sole

187 1303 222 1346 ac
254 1283 301 1344 die
332 1288 471 1344 cessante
501 1261 673 1344 necessario
708 1298 813 1343 rursus
848 1281 990 1343 erendum
1023 1289 1076 1345 est.
1132 1283 1225 1344 Nam'

187 1399 254 1478 qnia
281 1396 418 1458 Christus
441 1393 487 1456 sol
506 1413 595 1456 verus
628 1399 673 1456 est
697 1386 726 1455 et
749 1393 926 1487 dies'verus
942 1387 983 1472 ⁷),
1012 1395 1135 1456 soleae
1159 1395 1206 1458 die

187 1509 303 1572 saecuti
333 1507 515 1586 recedente,
548 1507 666 1588 qnando
699 1525 818 1570 cramus
841 1513 870 1569 et
903 1507 1029 1589 petimus
1060 1513 1092 1568 nt
1115 1526 1206 1590 super

188 1640 244 1687 nos
273 1623 324 1684 iux
356 1620 455 1683 denne
488 1621 603 1698 veniat,
636 1620 743 1682 Christi
767 1637 924 1702 precamur
947 1619 1105 1683 adventum
1130 1621 1205 1684 lucis

188 1741 330 1804 aeternae
355 1734 481 1815 gratiam
504 1733 714 1814 praebiturum.
755 1724 918 1800 Christum*
934 1739 1030 1794 autern
1055 1733 1132 1796 diem
1156 1733 1205 1796 di-

188 1854 266 1910 ctum
292 1847 422 1910 declarat
449 1847 479 1908 in
501 1845 620 1934 psalmis
644 1846 766 1927 spiritus
789 1829 958 1922 senensi),
1003 1847 1154 1926 Lapidem
1166 1841 1203 1923 ⁹),

258 2042 286 2110 3)
306 2041 354 2094 Pro
372 2059 396 2094 v.
412 2053 525 2096 abactae
545 2044 569 2093 in
582 2041 623 2092 tta
643 2043 733 2093 omieee
754 2041 846 2094 ibidem
866 2058 886 2094 r.
907 2057 940 2094 m.
958 2058 1091 2110 perperam
1111 2059 1204 2110 euper-

188 2150 289 2216 ecripait
307 2131 366 2216 epe,
387 2150 506 2217 dampnet
524 2146 602 2197 babet
617 2144 649 2209 t,
667 2146 789 2216 aipaebrt
808 2145 856 2208 na,
876 2150 904 2199 e'n
922 2151 1036 2215 prudntia
1055 2151 1206 2217 deaipnatat

188 2226 346 2298 dicentib,
367 2237 416 2288 die.
437 2227 577 2300 in'perim.
597 2231 777 2302 deeiprtatbie.
807 2233 861 2284 Vid.
876 2233 964 2284 Peim.
979 2235 1005 2298 5,
1018 2234 1041 2285 3.
1078 2236 1107 2297 tt
1126 2239 1205 2288 ereio
1291 2263 1292 2266 ¹

189 2325 222 2376 cd
240 2331 263 2375 te
280 2321 311 2384 t,
331 2324 365 2373 ed
383 2331 406 2374 te
425 2322 537 2372 adorate
551 2317 620 2381 Ver,
640 2321 720 2372 crete
737 2335 821 2381 eirene,
841 2330 865 2372 et
881 2323 1011 2374 mendice
1028 2319 1073 2385 ab,
1092 2326 1203 2389 demitte,

188 2403 272 2471 marie,
293 2419 317 2461 et
336 2410 432 2462 maed.
452 2404 512 2456 edd.
534 2401 595 2455 ret‘t.
616 2421 638 2456 e
658 2403 773 2468 Euam,
792 2409 902 2470 demine,
922 2417 947 2460 et
964 2411 1059 2461 exaud.
1079 2405 1108 2458 C.
1144 2407 1205 2459 Tum

190 2499 321 2549 nitriotem
340 2493 367 2546 G.
389 2491 512 2542 Wriiab.
534 2490 568 2542 aa
589 2500 616 2542 et
640 2491 681 2544 ed.
702 2492 813 2555 Marcii,
840 2497 969 2547 uarietate
987 2494 1056 2561 vulg.
1093 2497 1205 2548 Arietate

188 2586 234 2635 att
253 2593 277 2636 et
294 2585 385 2635 videte
404 2591 428 2634 te
441 2579 469 2644 G,
488 2583 596 2634 edetaie
613 2584 661 2633 titt
679 2589 703 2633 et
722 2583 851 2634 emeade'ee
869 2597 910 2634 me
927 2581 969 2633 alii
988 2590 1040 2634 trec
1055 2597 1096 2649 ep.
1110 2580 1205 2646 Baiae,

188 2695 212 2738 et
230 2688 404 2754 ecritempiebe
423 2695 447 2738 te
465 2683 512 2736 tta.
555 2685 584 2750 5)
603 2687 735 2754 loquitur,
761 2671 811 2740 die
829 2685 875 2749 W,
902 2688 1025 2740 dominata
1044 2689 1135 2741 ditans
1155 2685 1203 2738 ttb.

189 2771 244 2822 Vid.
264 2769 341 2822 Osee.
362 2769 394 2834 6,
417 2771 437 2819 i.
474 2769 543 2822 Dein
565 2780 651 2825 tranet
675 2781 699 2823 et
722 2774 839 2825 dituculo
862 2789 900 2838 pr.
920 2773 967 2824 bie.
1005 2771 1095 2824 Postea
1121 2783 1204 2825 autern

189 2865 330 2908 correctum
349 2864 392 2908 eat·
406 2871 480 2908 trimae
498 2858 635 2919 diluente,
659 2863 687 2905 ut
711 2855 804 2924 iegitur
823 2859 848 2906 in
868 2855 898 2906 Α.
937 2860 1063 2910 Deduc-uic
1083 2857 1103 2908 C
1123 2867 1148 2908 et
1166 2877 1203 2926 pr.

190 2943 237 2994 nt.
276 2941 337 2993 Tum
357 2941 562 3012 eipr'irbentbie.
600 2941 629 3007 6)
647 2946 743 2994 iterum
756 2941 802 2993 ab.
841 2940 904 2993 Dein
925 2943 947 2992 Α
965 2953 989 2996 et
1007 2960 1053 3010 pro
1073 2962 1112 2996 ee.
1151 2945 1206 2997 Mox

189 3049 300 3084 rursum
320 3027 357 3080 nt
379 3035 404 3079 et
424 3027 483 3078 edd.
502 3035 566 3078 vett.
586 3043 608 3078 c.
628 3027 724 3078 Erasm.
745 3027 913 3097 atqne'Grav.
950 3028 1010 3082 Peet
1028 3035 1156 3086 erendum
1174 3031 1205 3081 W

189 3126 214 3168 ct
233 3116 269 3168 bie
293 3125 416 3180 emeat,
446 3123 473 3164 ut
498 3129 572 3180 supra
600 3107 663 3180 (vid.
685 3131 709 3165 n.
729 3115 766 3179 2.)
787 3115 831 3166 Bb.
877 3117 906 3182 7)
925 3116 961 3168 Ita
982 3115 1010 3168 G.
1030 3117 1070 3168 W.
1090 3116 1204 3170 biabcde.

188 3203 249 3256 Bbr.
272 3203 310 3266 t,
337 3205 380 3256 aet
404 3219 486 3256 verae
509 3211 549 3256 eat
573 3211 596 3254 ct
622 3205 678 3256 dice
702 3220 784 3259 verde
807 3203 918 3268 aetite,
946 3207 989 3258 eei
1006 3222 1089 3258 verere
1108 3215 1130 3258 et
1150 3207 1206 3259 dica

188 3289 397 3353 erraterrat,
424 3291 483 3340 item
510 3289 567 3341 edd.
589 3289 755 3343 decutiebam
781 3293 979 3356 antecedentes,
1008 3295 1051 3346 eet
1074 3299 1157 3346 eer'ue
1182 3303 1206 3348 et

188 3379 244 3429 dier
268 3387 308 3430 ert
333 3394 415 3430 verae
435 3375 527 3428 Manet.
547 3385 572 3428 et
590 3379 754 3445 posteriores.
793 3377 856 3430 Vo'c.
876 3381 981 3434 receati
1003 3394 1052 3430 om.
1073 3379 1101 3430 Α.
1139 3379 1204 3430 Pro-

188 3463 253 3512 xime
272 3463 350 3514 veiha
373 3473 396 3516 et
412 3466 528 3532 perimere
547 3465 572 3516 in
593 3463 631 3514 ttt
651 3465 742 3515 eadem
760 3481 848 3516 manue
867 3467 933 3518 inter
952 3482 1042 3519 vercae
1068 3465 1204 3532 supplevit.

189 3547 263 3610 Quod
283 3553 399 3619 requitur
417 3561 446 3603 ut
464 3550 537 3600 abest
555 3566 570 3602 a
589 3547 623 3599 ae
644 3557 670 3600 et
688 3549 752 3600 Med.
790 3549 851 3601 Tum
877 3555 960 3606 meino
986 3555 1037 3606 iem
1061 3551 1146 3602 scribit
1165 3550 1205 3602 bie

191 3644 216 3686 et
234 3639 319 3690 veniet
338 3637 368 3688 Α.
405 3636 431 3688 In
458 3653 529 3704 seqq.
554 3651 602 3702 pre
625 3639 738 3706 qratiam
759 3634 793 3685 Bc
814 3645 840 3688 et
859 3636 914 3688 net
940 3637 1034 3689 babent
1059 3639 1204 3690 adventum.

188 3721 220 3788 81
242 3727 270 3776 in
293 3728 407 3794 perimit
431 3728 548 3779 declarat
567 3721 601 3773 aa
628 3730 654 3773 et
673 3721 708 3772 tit
732 3723 910 3793 editionecque
934 3732 996 3776 vett.
1022 3740 1044 3774 c.
1062 3721 1159 3774 Eraem.
1179 3731 1205 3773 et

138 3801 139 3806 ’
188 3807 281 3875 Gran,
309 3813 373 3866 deci.
397 3811 514 3881 'epiritae
540 3819 652 3864 certetur
676 3813 703 3862 t'rt
727 3813 823 3880 parim.
843 3810 891 3862 bib.
934 3810 963 3878 9)
983 3809 1076 3876 Scapti
1095 3811 1205 3878 tepidam

189 3899 246 3963 (pre
259 3897 327 3967 vulg.
341 3899 434 3970 inpia),
451 3901 545 3970 inquit,
564 3913 639 3968 quem
657 3899 864 3967 reprobaberunt
881 3901 1047 3966 aedificantee
1059 3899 1102 3948 die
1114 3899 1205 3966 [actua
