2880 4696
732 457 775 524 98

184 623 187 630 ’
247 623 344 678 tamen
368 615 514 679 diaconus
538 621 567 678 et
594 615 750 678 reluctanti
778 615 848 682 licet
876 615 915 680 de
944 621 1131 680 sacramento
1165 615 1273 678 calicis

242 729 355 794 infudit.
401 731 483 794 Tune
506 729 639 811 sequitur
661 729 808 812 singultus
831 736 862 794 et
883 730 1021 793 uomitue
1065 729 1097 792 In
1128 747 1270 811 corpore

244 850 334 926 atque
363 862 416 907 ore
446 842 558 907 uiolato
589 842 770 907 eucharistia
789 838 827 922 ¹⁰)
857 862 1034 928 permanere
1064 862 1125 908 non
1160 842 1270 925 potuit.

244 957 447 1023 Sanctificatus
470 957 631 1053 inldomini
654 959 800 1040 sanguine
820 956 856 1036 ¹¹)
879 967 968 1041 potus
992 959 1030 1023 de
1063 959 1185 1043 pollutis
1218 957 1272 1020 vi-

210 1088 224 1130 e
244 1074 379 1137 sceribus
395 1074 501 1156 erupit.
547 1074 639 1137 Tanta
655 1079 701 1136 est
714 1070 755 1150 ιι1)
776 1079 909 1156 potestas
928 1074 1049 1154 domini,
1072 1079 1151 1136 tenta
1168 1072 1271 1134 nisie-

244 1195 314 1250 stas.
360 1187 482 1252 Secreta
502 1183 539 1263 ¹³)
561 1186 750 1248 tenebrarum
774 1186 828 1248 sub
852 1187 917 1248 eius
939 1186 1007 1250 luce
1037 1186 1155 1250 detecta
1186 1189 1270 1263 suut,

244 1297 432 1362 sacerdotem
455 1296 503 1359 dei
525 1315 582 1360 nec
606 1296 722 1359 occulta
745 1297 865 1360 crimine
883 1296 1062 1361 fefellerunt.
1101 1300 1167 1363 Hoc
1186 1299 1272 1364 eires

245 1412 385 1476 iniantern
407 1407 444 1489 ¹⁴)
469 1430 545 1493 quae
568 1411 605 1474 ad
630 1410 812 1493 loquendum
836 1413 964 1476 alienum
987 1413 1069 1478 circa
1091 1432 1127 1478 se
1152 1415 1273 1478 crimen

245 1526 374 1590 necdum
398 1526 499 1588 habuit
520 1531 656 1588 aetatem.

707 1717 806 1786 xxt.

209 1897 236 1939 ω
336 1868 377 1932 At
409 1884 484 1930 vero
516 1883 551 1928 ea
568 1863 614 1942 ¹),
648 1881 724 1944 quoe
757 1869 853 1926 aetate
883 1868 1028 1945 proveeta
1060 1870 1091 1927 et
1119 1865 1150 1927 in
1182 1864 1273 1954 annis

246 1982 440 2046 adultioribus
481 1979 639 2042 constituta
676 1975 910 2040 sacrificantibus
952 1979 1080 2041 latenter
1123 1979 1273 2060 obrepsit,
1367 2037 1371 2044 .

245 2114 306 2160 nou
337 2096 453 2172 cibum,
484 2092 538 2156 sed
560 2089 689 2174 gladium
714 2089 770 2152 sibi
792 2107 930 2170 sumens,
962 2098 991 2155 et
1013 2092 1096 2154 velut
1119 2092 1274 2174 quaedam

246 2229 364 2276 venena
385 2209 483 2274 letalis
504 2209 581 2272 intra
607 2205 709 2270 fauces
729 2202 756 2282 ²)
786 2210 816 2268 et
845 2213 951 2288 pectus
983 2206 1165 2286 admittens,
1200 2207 1276 2291 augi

254 2361 457 2377 ..ιιι-Ἀ*

249 2439 311 2491 Voe.
331 2439 426 2491 coticis
444 2450 493 2486 orn.
506 2422 553 2484 B'h.
584 2430 711 2498 Deinceps
728 2433 844 2499 infundit
860 2429 939 2484 habet
952 2429 982 2483 tt.
1020 2431 1067 2501 to)
1085 2435 1278 2487 monomenta

250 2561 309 2626 Mb,
333 2559 482 2614 eukaristia
500 2554 530 2606 A.
569 2551 658 2605 Statim
677 2567 782 2606 nteners
800 2549 849 2604 Md.
891 2552 937 2622 ii)
961 2556 992 2606 in
1016 2556 1149 2625 empcione
1172 2521 1278 2574 dmm.

250 2665 283 2701 ex
310 2661 376 2719 corr.
403 2660 424 2696 r.
442 2658 475 2694 m.
495 2638 544 2692 ttn.
582 2637 626 2706 12)
648 2629 692 2692 'est
715 2652 764 2690 om.
783 2635 814 2687 W
833 2647 859 2689 et
880 2638 943 2692 Mac.
980 2639 1045 2692 Vooi
1069 2644 1201 2697 maiestas
1225 2641 1278 2694 sd-

250 2735 317 2787 ditur
335 2735 376 2788 dci
393 2731 419 2782 in
437 2726 482 2779 Bu.
521 2724 568 2790 13)
587 2727 655 2795 quod
672 2733 773 2778 secreta
791 2722 822 2776 Α.
857 2722 906 2776 Pro
925 2730 1026 2782 detecto
1043 2725 1080 2778 Ba
1098 2726 1179 2782 habet
1201 2732 1279 2784 (ιρις.

251 2828 335 2886 oiais,
361 2815 402 2867 Md
428 2818 553 2868 detrusis·
596 2811 642 2877 11)
665 2809 751 2862 1ng
775 2815 819 2867 vai
841 2817 957 2881 pucilam
981 2831 1001 2866 r,
1025 2831 1058 2867 m,
1083 2818 1279 2886 pamel-pm

248 2907 330 2958 Recte
355 2905 510 2972 loquendum
536 2899 609 2954 codd.
630 2899 709 2951 nostri
732 2912 819 2952 omues
843 2908 869 2951 et
893 2901 951 2954 edd.
971 2902 1155 2957 antecedentes
1180 2901 1280 2957 Peme-

248 2994 351 3056 liansm‚
370 2992 395 3041 iu
413 3004 487 3058 quam
505 3002 537 3040 ex
556 2986 618 3040 iibro
638 2983 770 3038 cembron.
790 2988 920 3039 invectum
938 2995 978 3040 est
996 2992 1186 3058 eloquentium,
1208 2991 1280 3061 quod

250 3083 367 3149 recipere
384 3094 435 3131 non
455 3076 582 3129 debebant
600 3074 690 3143 Rigalt.
711 3072 791 3126 Oxou.
811 3082 838 3126 et
856 3072 961 3128 Belum*
978 3070 1036 3130 vid
1059 3077 1202 3132 Gronov.
1222 3077 1281 3132 libr.

251 3187 274 3223 e.
293 3185 319 3236 p.
337 3166 397 3218 570.
432 3163 491 3216 iiior
506 3182 556 3235 psa·
573 3171 683 3218 oetatem
701 3160 786 3213 scribit
803 3158 849 3213 Ba.

322 3253 386 3308 xxi.
415 3253 444 3318 1]
463 3269 493 3308 oo
510 3261 561 3304 orn.
579 3249 626 3302 tie.
662 3246 953 3316 Postenoripoantitoe
972 3254 1198 3320 expandistis,
1229 3268 1283 3322 quo

252 3348 452 3412 opponerent,
471 3355 527 3392 curn
545 3337 570 3390 h.
589 3338 605 3389 1.
623 3335 776 3403 subintelligi
793 3334 871 3390 incito
892 3339 988 3405 possit,
1014 3340 1184 3393 suadentibus
1210 3339 1284 3394 libri.

241 3430 294 3487 ,W.
313 3427 411 3480 Mebcd.
431 3425 469 3479 Bb
488 3434 515 3478 et
537 3424 661 3477 tredecim
686 3423 795 3490 antiquio
812 3419 914 3490 Baium,
940 3424 1032 3494 quibu.
1058 3425 1188 3480 accedunt
1214 3435 1284 3481 κη,

254 3517 319 3570 editi
336 3531 388 3567 una
406 3529 462 3566 eum
475 3511 570 3562 Erasm.
586 3507 679 3560 Manut.
698 3515 773 3576 atque
790 3505 888 3561 Mureti.
918 3508 1063 3565 Pronomen
1081 3511 1152 3565 istud
1169 3515 1285 3582 priunum

255 3610 362 3672 apparet
385 3603 410 3651 iu
434 3597 474 3652 ed.
500 3595 592 3660 Gran,
619 3610 652 3646 ex
674 3609 723 3663 qua
748 3592 846 3646 influxit
868 3595 896 3646 in
919 3593 1015 3651 Psmci.
1033 3597 1129 3668 Rigalt.
1150 3598 1236 3654 oxon.
1258 3608 1287 3654 ῃ

254 3689 341 3743 Balun.
384 3685 442 3738 Mox
466 3685 578 3738 otreisit
598 3679 639 3745 W,
657 3683 790 3750 oppressit
812 3677 842 3732 A
887 3679 916 3745 2)
942 3684 1012 3737 intes·
1034 3689 1133 3754 [aneae
1159 3686 1287 3740 exhibent

256 3777 308 3830 duo
333 3761 440 3826 codd.'a
458 3767 562 3820 Baiunio
587 3767 700 3834 inspecti.
736 3764 817 3829 Quem
835 3764 973 3819 lectionem
990 3769 1111 3824 vitiosam
1130 3787 1147 3825 ι
1165 3769 1286 3828 Pometia

257 3878 289 3916 ex
303 3858 358 3913 eod.
371 3857 481 3925 pessimo
494 3862 519 3906 et
531 3852 751 3921 interpolatiosirno
762 3851 858 3904 ittatnm
869 3853 1027 3908 reiutsverat
1038 3859 1088 3910 inm
1102 3857 1216 3913 (irone
1227 3876 1255 3915 v.
1268 3860 1288 3916 l.

257 3966 280 4002 o.
293 3962 318 4015 p.
332 3944 382 3996 57³
395 3943 535 4010 meritoque
546 3940 635 3992 reiecit
646 3936 732 3992 Baius.
762 3937 833 3991 Idem
844 3937 969 3994 Pameiius
983 3957 1015 3995 ex
1033 3945 1129 3998 eodem
1147 3947 1209 4000 cod.
1223 3953 1285 4016 pont

255 4045 351 4108 peetus
368 4031 434 4086 male
451 4029 553 4082 inseruit
570 4031 741 4098 renosindus,
765 4027 843 4096 idque
864 4027 972 4094 posthac
992 4037 1093 4087 temero
1109 4035 1216 4104 recepit
1233 4035 1286 4090 m.
