2880 4696
693 329 736 398 88

212 525 289 572 meo.
327 507 378 570 ille
394 507 505 571 anricus
521 507 579 587 dei,
602 501 689 584 itle⁸)
712 495 789 570 iacie
812 506 849 571 ad
867 505 977 570 'faeiem
999 507 1114 572 locutus
1137 523 1229 592 saepe

215 641 280 685 curn
304 621 440 703 domino,
473 621 553 703 quod
583 622 656 704 petit
683 623 834 703 inpetrare
862 639 923 686 non
953 623 1064 704 potuit,
1093 642 1151 686 nec
1177 623 1230 686 'dei

213 735 393 819 indignantis
428 735 571 799 oiicnsam
606 753 661 799 sua
700 735 914 820 deprecatione
953 737 1089 820 placavit.
1153 737 1230 800 Hic-

213 851 334 913 remiam
347 843 375 929 9)
400 849 474 914 deus
496 850 596 914 laudat
619 856 650 913 et
670 851 822 934 praedicat
840 850 942 915 dicens
957 847 1012 928 ¹⁰):
1034 851 1231 932 Priusquam

188 969 244 1026 tte
265 963 489 1044 formaremin
510 971 599 1027 atero
619 961 666 1045 ¹¹),
690 966 763 1028 novi
786 973 825 1044 te,
850 971 880 1027 et
896 967 988 1046 prior
1012 985 1102 1046 qaam
1125 967 1231 1046 emirea

216 1077 253 1140 de
274 1078 378 1155 colea,
401 1076 595 1156 sanctificavi
617 1082 657 1154 te,
681 1084 711 1138 et
728 1077 911 1158 prophetam
932 1077 966 1139 in
983 1077 1125 1158 pentibus
1135 1080 1232 1158 pesas·

217 1195 265 1264 te,·
287 1195 318 1250 et
334 1183 374 1262 ¹²)
399 1187 496 1251 eidem
519 1206 574 1270 pro
597 1189 728 1271 peccatis
743 1188 845 1271 populi
860 1189 1031 1273 deprecanti
1046 1191 1232 1274 frequentius

217 1305 247 1364 ct
276 1303 388 1366 oranti:
421 1301 511 1382 Noti,
543 1305 584 1365 ait
600 1300 657 1383 ¹³),
682 1321 782 1366 crore
805 1321 866 1382 pro
893 1304 1009 1386 popolo
1034 1305 1093 1367 boe
1114 1313 1145 1367 et
1164 1307 1232 1370 noli

214 1415 378 1494 postulare
396 1433 458 1494 pro
481 1415 526 1478 eia
549 1415 583 1477 in
602 1433 694 1496 prece
716 1422 747 1477 et
769 1417 927 1496 motione,
950 1417 1025 1498 quio
1046 1437 1109 1480 non
1130 1438 1231 1482 ecee-

178 1530 301 1594 ¹⁰diam
323 1531 357 1594 in
378 1508 520 1611 ternpore,
542 1532 576 1592 in
597 1541 658 1612 qao
680 1524 867 1594 invocabant
888 1551 946 1610 me,
969 1533 1003 1594 in
1025 1515 1157 1613 tempore
1174 1533 1232 1596 od-

156 1651 159 1663 '
215 1639 368 1721 dictionis
383 1661 468 1706 anae.
515 1642 591 1716 Quid
613 1643 688 1706 vero
710 1644 816 1706 iustius
837 1643 920 1723 Noe,
943 1645 1008 1726 qui,
1031 1663 1097 1709 cum
1119 1647 1233 1730 repleta

220 1765 303 1824 essct
325 1765 405 1824 terra
427 1760 570 1842 pcccatis²
592 1758 675 1823 solos
697 1758 835 1823 inventus
851 1765 897 1823 cst
910 1759 1004 1824 iustus
1019 1763 1051 1824 in
1065 1762 1154 1826 terris
1165 1758 1233 1839 ¹⁴)'t

224 1896 424 1907 ......-.----

219 1980 267 2032 Ma.
285 1975 323 2029 Ba
347 1984 373 2027 et
397 1992 437 2045 pr.
457 1975 504 2031 bic.
540 1973 602 2027 Tam
621 1973 658 2026 Βιι
685 1982 711 2026 et
729 1973 768 2026 bie
794 1977 935 2046 delinquit,
960 1974 993 2025 W
1011 1985 1036 2030 et
1053 1976 1095 2030 bid
1118 1979 1234 2034 ceditis

219 2069 275 2124 iere
293 2065 408 2118 omnibus
426 2068 548 2136 deliquit,
574 2062 658 2116 itaet
674 2062 713 2130 Bb
738 2066 868 2134 deliquid,
892 2063 934 2116 Mb
953 2079 975 2116 c.
995 2066 1033 2133 Α,
1058 2074 1086 2117 nt
1104 2064 1189 2118 Belua.
1209 2077 1235 2120 et

221 2156 334 2221 Gotdb..
355 2157 499 2226 deliquerit.
546 2151 592 2204 Est
616 2155 641 2204 in
666 2150 754 2204 Graec.
778 2153 800 2200 εἴ
821 2171 855 2208 τις
877 2149 1038 2220 idicrensis
1062 2153 1091 2218 8)
1115 2157 1160 2208 dte
1184 2171 1234 2208 om.

146 2269 159 2282 ν
220 2243 264 2297 Ra.
299 2241 358 2295 Mox
375 2246 480 2298 loeutus
499 2252 539 2296 eat
558 2269 589 2280 ·-
610 2259 670 2296 eum
688 2243 734 2294 deo
751 2239 869 2293 scribitur
885 2241 911 2290 in
928 2239 979 2292 bib.
1009 2239 1073 2292 Edd.
1086 2239 1235 2298 Gravianam

220 2331 404 2385 antecedentes
423 2327 543 2380 exhibent
560 2331 666 2382 locutus
688 2330 827 2395 conedae,
853 2323 926 2379 Grav.
945 2335 1028 2378 autem
1048 2327 1087 2380 his
1105 2329 1236 2384 vocabulis

220 2419 437 2488 praefixit'aaepe.
473 2415 538 2467 Dein
556 2431 604 2484 pro
621 2419 697 2486 petiit
715 2431 747 2466 ex
764 2413 837 2466 ttahc
854 2423 985 2482 receptum
1002 2418 1082 2485 petit,
1106 2425 1134 2468 ut
1152 2434 1237 2486 supra.

219 2507 259 2574 Ita
281 2522 319 2574 pr.
338 2503 472 2558 exhibebat
497 2505 573 2554 etiam
591 2502 630 2556 W.
663 2501 782 2559 Proxime
807 2505 832 2554 in
850 2503 872 2554 Α
890 2519 1024 2572 perperam
1045 2503 1137 2573 legitur
1159 2509 1236 2560 tett-

218 2604 325 2666 qnatua.
356 2592 417 2644 Tum
429 2592 468 2642 Mc
487 2589 564 2642 babet
579 2593 688 2659 placuit,
707 2592 732 2641 in
751 2607 801 2659 mg.
823 2599 905 2642 autem
925 2607 940 2643 a
958 2607 978 2642 r.
991 2596 1149 2658 myrmecis,
1168 2593 1238 2662 qnod

220 2689 309 2734 tenent
326 2678 384 2731 libri
402 2687 461 2732 ante
480 2676 553 2730 Grav.
572 2677 643 2728 editi.
680 2677 707 2744 9)
725 2682 892 2748 Hyeremiem
909 2677 947 2730 Ba
977 2687 1003 2732 et
1020 2679 1076 2746 Mc,
1090 2683 1239 2754 decentiam

221 2769 286 2822 Mad.
323 2767 410 2822 Statim
429 2769 551 2820 dentientes
569 2780 615 2835 pro
634 2769 699 2820 dces
716 2765 756 2836 W.
775 2766 833 2818 bibe
850 2775 876 2818 et
894 2765 941 2819 Bb.
979 2767 1022 2833 10)
1041 2767 1152 2820 Hierem.
1168 2767 1192 2834 1,
1212 2769 1237 2820 5.

187 2849 197 2856 “
224 2859 269 2922 11)
287 2861 317 2911 in
334 2865 409 2910 cetero
429 2869 492 2908 corr.
511 2869 544 2906 rn.
562 2869 638 2921 snpra
655 2854 748 2906 adiecit
767 2856 792 2906 in
810 2854 850 2908 W.
886 2854 953 2908 Dein
971 2865 995 2910 et
1013 2870 1062 2908 om.
1080 2855 1136 2922 bic,
1162 2871 1238 2909 mox-

224 2961 272 3016 que
291 2949 322 3000 de
338 2947 423 3014 vulfe,
442 2946 595 3010 sacrificavi
612 2952 635 2997 te
652 2943 737 2995 scribit
755 2942 805 2994 Mb.
842 2941 903 2996 Tum
923 2946 950 2996 in
968 2953 1057 3014 qentea
1076 2942 1123 3011 (ita
1142 2952 1168 2996 et
1186 2942 1236 3010 Ba)

224 3033 256 3085 W
275 3049 290 3085 a
308 3047 371 3084 corr.
390 3047 423 3082 m.
442 3032 508 3082 inter
531 3046 597 3084 vers.
617 3029 702 3084 babet.
736 3028 785 3082 Pro
806 3035 890 3102 posui
914 3032 939 3084 in
963 3030 993 3083 Α.
1019 3039 1044 3082 et
1069 3031 1143 3098 edd,
1171 3047 1239 3101 quae

224 3120 391 3173 Manutianam
412 3127 622 3187 praecesserunt,
649 3127 689 3170 est
713 3122 786 3184 dedi3
811 3120 871 3170 item
888 3135 926 3188 pr.
946 3121 1065 3186 scriptum
1084 3117 1130 3171 fuit
1147 3121 1172 3172 in
1191 3119 1239 3172 bia.

226 3209 271 3275 12)
291 3205 489 3276 tineproetA.
522 3205 586 3258 Dein
607 3210 757 3268 idemam.
776 3206 965 3274 pr.WetMa;
985 3222 999 3258 a
1018 3221 1070 3260 sec.
1088 3207 1131 3258 itte
1149 3211 1239 3273 eidem,

224 3297 268 3348 bic
292 3300 386 3350 eodem.
426 3295 553 3363 Syllabam
578 3299 602 3349 ei
626 3297 701 3347 ctiam
724 3293 765 3346 Mb
791 3294 823 3348 ab
848 3295 880 3350 al.
899 3312 932 3348 m.
952 3295 1037 3348 babet.
1079 3293 1157 3350 Paulo
1182 3302 1241 3363 post

225 3384 348 3438 mendose
367 3389 471 3440 ornanti
488 3387 517 3438 Α.
562 3384 623 3437 'ium
641 3389 678 3440 ait
696 3389 832 3440 dominus.-
850 3389 911 3442 Noti
929 3401 1008 3440 orare
1024 3383 1074 3436 Mb.
1120 3383 1166 3448 13)
1187 3383 1239 3436 Pa-

226 3473 316 3526 melius
340 3489 372 3525 ex
400 3473 457 3527 cod.
481 3472 615 3526 Cambron.
643 3473 739 3530 addidit
764 3477 894 3528 dominus.
910 3472 995 3526 'Male
1041 3469 1162 3524 Ceterum
1188 3471 1240 3524 vid.

226 3559 337 3613 Hierem.
356 3560 382 3626 t,
403 3560 443 3614 16.
486 3558 605 3613 Proxime
629 3568 686 3628 post
708 3563 764 3614 troii
781 3559 876 3612 librarii
893 3560 989 3610 incuria
1007 3573 1039 3610 ox
1057 3558 1141 3610 verbis
1161 3572 1241 3625 prae-

227 3649 377 3702 cedentibus
400 3650 534 3718 repetitnm
557 3653 594 3702 eit
613 3650 638 3700 in
656 3648 696 3701 W.
731 3648 797 3702 Dein
817 3651 960 3704 scandiam
977 3660 1022 3702 eoa·
1042 3645 1084 3699 dat
1101 3645 1170 3711 Ver,
1189 3663 1240 3700 ee:-

228 3741 335 3792 aetiam
352 3746 377 3791 te
393 3737 456 3790 bia..
478 3735 559 3789 Verba
577 3753 663 3806 seqq:
689 3741 719 3791 in
739 3749 854 3809 tempore
873 3766 905 3776 —
927 3765 957 3775 -
978 3765 1009 3776 -
1028 3738 1243 3792 invocationem

228 3824 320 3877 desunt
340 3826 366 3875 in
383 3824 413 3878 Α.
444 3823 583 3894 Praeposit.
601 3833 661 3876 ants
679 3845 729 3898 que
747 3824 868 3878 cmiter.
886 3824 966 3892 Neap.
979 3822 1020 3878 W.
1033 3820 1081 3875 bib.
1121 3820 1165 3888 14)
1184 3820 1240 3877 Ab·

229 3919 268 3968 ιιι
284 3916 314 3970 in
332 3916 413 3972 terrie
431 3911 462 3968 ab
480 3910 510 3965 Α.
545 3912 666 3981 Respexit
683 3915 764 3970 nimir.
782 3913 876 3970 Noster
894 3910 956 3980 Gen.
977 3910 1004 3978 t,
1023 3910 1046 3966 1.
