2868 4700
624 433 665 498 41

137 591 265 654 sistente
296 587 405 654 Araris
428 589 587 653 sacerdote
616 589 826 672 obtemperare
858 589 961 653 nollet
975 597 1006 652 et
1038 589 1159 669 cedere,

139 702 241 766 divina
265 702 470 786 indignatione
494 703 636 768 confusus
660 709 690 766 et
711 703 813 785 leprae
835 705 979 766 varietate
1007 703 1037 765 in
1060 702 1160 766 fronte

139 817 303 880 maculatus
327 822 389 895 est,
414 836 450 881 ea
472 823 557 898 parte
597 823 603 892 Ι
646 817 783 898 corporis
805 822 924 880 notatus
956 817 1072 880 offenso
1096 816 1157 879 do·
1170 808 1210 852 ²⁰¹

139 931 240 1008 mino,
273 929 324 991 ubi
345 930 502 1013 signamur
524 929 575 1010 qui
598 928 748 992 dominnm
780 935 997 1010 promerentur.
1042 929 1080 992 Et
1110 928 1161 990 filii

100 1058 114 1101 5
140 1043 261 1120 Aaron,
287 1045 336 1124 qui
358 1045 555 1126 inposuerunt
578 1043 664 1106 altari
691 1045 791 1124 ignem
815 1043 958 1121 alienum,
990 1059 1077 1124 quem
1100 1059 1162 1104 non

140 1162 339 1237 praeceperat
361 1153 514 1233 dominus,
546 1156 576 1217 in
600 1160 763 1235 oonspeotu
797 1155 893 1216 statim
926 1153 1037 1216 domini
1059 1151 1162 1215 vindi·

141 1269 235 1332 cantis
245 1263 273 1345 ⁶)
297 1266 436 1328 exstincti
455 1273 532 1330 sunt.

598 1459 707 1528 xvn.

230 1606 314 1682 Quos
332 1605 481 1669 imitantur
496 1603 610 1668 scilicet
626 1611 715 1686 atque
730 1610 881 1668 sectantur
897 1606 947 1686 qni
963 1604 1011 1668 dei
1025 1603 1047 1684 ¹)
1066 1604 1164 1668 tradi-

142 1718 226 1780 tione
251 1722 418 1797 contempta
448 1716 560 1778 alienas
584 1715 735 1778 doctrinas
766 1715 908 1796 adpetunt
931 1724 960 1780 et
992 1719 1163 1802 magisteria

103 1831 293 1914 inhumanae
314 1828 505 1891 institutionis
528 1827 687 1906 inducunt,
718 1845 795 1908 quos
818 1829 952 1910 increpat
974 1830 1111 1894 dominns
1135 1838 1165 1893 et

144 1943 285 2024 obiurgat
301 1941 330 2000 in
354 1939 511 2022 evangelio
535 1956 590 2001 sno
610 1938 713 2000 dicens
724 1937 769 2016 2);
789 1927 924 2002 Reicitis
934 1938 961 2018 ³)
985 1943 1165 2006 mandatnm

143 2055 215 2130 dei,
239 2062 275 2116 ot
297 2053 498 2116 traditionem
519 2060 656 2114 vestram
678 2053 838 2114 statuatis.
882 2053 968 2115 Peius
979 2049 1006 2132 ⁴)
1027 2055 1086 2117 hoo
1102 2057 1166 2117 ori-

143 2184 213 2228 men
239 2172 303 2243 est,
327 2182 415 2246 quam
438 2164 519 2245 quod
542 2164 698 2226 admisisse
724 2163 799 2245 lapsi
815 2163 969 2244 videntur,
993 2169 1043 2247 qui
1067 2174 1166 2229 tamen

144 2278 384 2360 inpoenitentia
414 2280 543 2341 criminis
567 2279 719 2340 constituti
750 2276 836 2340 deum
860 2278 954 2359 plenis
985 2279 1167 2344 satisfactio-

106 2410 130 2452 ιο
144 2395 231 2458 nibus
264 2392 472 2474 deprecantur.
518 2391 608 2470 Hio⁵)
639 2393 768 2456 eeclesia
798 2395 1002 2474 quaeritaret
1032 2401 1164 2476 rogatur,

145 2511 357 2522 m

215 2549 244 2616 6)
264 2552 411 2602 iudicantis
428 2545 464 2601 Αἱ
492 2546 532 2598 De
552 2548 682 2616 utriusque
701 2547 773 2600 verbi
791 2550 977 2615 permutatione
996 2548 1062 2600 hand
1081 2549 1164 2602 inire-

144 2637 231 2706 quanti
257 2636 308 2688 vid.
328 2651 393 2704 qnae
425 2635 545 2687 adnotavi
568 2637 592 2686 in
612 2633 795 2703 Ephemeridd.
815 2635 934 2688 littersrr.
955 2635 1068 2688 dionaeo.
1090 2636 1165 2690 1850.

144 2723 187 2775 Nr.
207 2723 247 2774 52.
270 2739 295 2789 p.
314 2723 374 2774 421.

215 2809 288 2861 xvtt
317 2807 344 2873 1)
364 2811 464 2862 domini
481 2807 527 2860 Bb.
564 2807 612 2859 Pro
633 2818 775 2879 contempto
795 2807 831 2860 Ba
851 2820 979 2879 temptato.
1015 2810 1073 2861 Mox
1097 2828 1164 2863 eon-

144 2901 294 2951 rtttnts'onis
313 2895 357 2946 Bb.
393 2896 421 2956 2)
441 2895 516 2946 Marc.
535 2895 561 2959 7,
580 2894 604 2944 9.
641 2893 669 2960 3)
690 2899 821 2950 Reicistis
839 2893 894 2960 Bb,
912 2899 1017 2950 reicitis
1034 2895 1089 2948 rell.
1107 2895 1166 2948 iibri

143 2987 224 3036 nostri
243 2992 351 3050 excepto
371 2982 419 3048 Mc,
440 2983 482 3050 qui
500 2981 596 3033 verbs:
617 2985 742 3036 Reiicitis
761 2985 915 3036 mandatam
933 2986 983 3046 dei,
1001 2993 1031 3036 nt
1049 2981 1080 3032 ab
1099 2998 1118 3034 r.
1132 3001 1166 3038 m.

145 3074 169 3122 in
196 3087 247 3140 mg.
265 3069 367 3122 habet.v
387 3069 426 3121 Ad
452 3073 554 3122 reicitis
580 3071 604 3120 io
630 3067 671 3120 nb
698 3069 801 3121 additur
826 3072 917 3138 inqrss't.
962 3067 1023 3120 Tum
1048 3080 1166 3124 vestram

144 3161 246 3227 pnnotis
265 3165 376 3208 notatum
396 3158 421 3208 in
441 3155 495 3221 tta,
521 3157 640 3208 omissum
662 3158 686 3207 in
706 3156 745 3208 W.
783 3155 882 3208 Deinde
902 3161 997 3210 tuentis
1017 3157 1079 3223 (sic)
1100 3174 1114 3209 a
1133 3175 1165 3210 m.

145 3262 191 3313 pr.‚
210 3261 225 3295 a
244 3260 264 3295 s.
284 3245 349 3295 inter
367 3259 434 3295 vers.
453 3247 580 3297 statuatis
598 3241 644 3295 Mo.
680 3244 710 3306 4)
730 3247 802 3298 idios
822 3241 867 3296 Bb.
906 3240 1010 3308 „Codex
1029 3243 1166 3298 Gratiano·

143 3332 287 3400 politanus:
308 3334 390 3384 Peior
409 3337 457 3384 too
476 3335 576 3384 erineo
594 3342 634 3385 est
652 3349 730 3400 passm
749 3335 817 3400 qnod
833 3335 862 3385 tt
879 3335 925 3400 qut
942 3335 1167 3404 sacrificaverunt

145 3421 290 3472 admisisse
307 3421 374 3486 tapsi
391 3421 522 3471 videnter.
557 3416 650 3468 Verum
669 3417 736 3468 istud
755 3417 882 3483 glossema
902 3427 957 3483 est,
985 3418 1052 3487 quod
1072 3435 1103 3470 ex
1122 3435 1166 3470 ora

145 3503 201 3556 iibri
221 3506 323 3572 irrepsit
341 3505 365 3554 in
377 3505 497 3556 textum.“
531 3505 675 3557 Batrseins.
696 3531 727 3541 -
749 3521 826 3572 priam
844 3505 912 3572 qnod
930 3507 972 3572 tij
990 3509 1036 3576 qni
1054 3508 1165 3572 sacrifi-

146 3600 273 3645 caverunt
298 3594 441 3645 admisisse
460 3594 521 3651 (om.
541 3593 622 3658 lapsi)
641 3592 763 3644 videntur
788 3590 891 3641 exhibet
909 3591 945 3656 Α;
972 3597 1100 3646 omisisse
1118 3587 1166 3639 Bb·

147 3677 204 3730 dior
222 3681 251 3730 in
269 3681 409 3746 potentiam
433 3677 490 3728 edd.
510 3674 555 3728 SP.
574 3684 600 3726 et
618 3674 709 3726 Venet.
731 3675 769 3741 i.‚
794 3678 823 3728 s'n
845 3681 1015 3747 penitentiam
1034 3675 1164 3739 flavente,

146 3768 374 3834 inpoenitentium
392 3771 451 3814 ante
470 3762 564 3814 Manat.
585 3778 679 3816 omnes.
717 3762 765 3814 Pro
784 3767 860 3818 deam
880 3763 937 3830 Ver.
956 3771 983 3814 et
1000 3760 1054 3813 Bab
1076 3764 1165 3815 domi-

147 3870 217 3905 num.
254 3849 315 3900 Tum
338 3853 445 3918 plastas
464 3850 495 3901 Α.
538 3851 567 3919 5)
586 3853 645 3904 ntis
666 3881 696 3890 -
717 3855 760 3906 die
784 3866 830 3918 pro
850 3855 894 3905 tie
913 3884 944 3892 -
964 3851 1020 3900 ittie
1040 3845 1080 3897 Mb
1100 3855 1126 3897 et
1145 3848 1166 3899 A

148 4007 224 4080 idque
242 4013 397 4062 constanter.
429 4005 494 4060 Dein
512 4018 536 4063 st
554 4009 667 4064 sestaria
681 4007 727 4072 Ba,
745 3940 983 4075 sootsss'aquuasr.
996 4000 1051 4070 (dei
1062 4017 1085 4056 a.
1099 4017 1119 4054 s.
1132 4017 1165 4054 m.
