2834 4686
618 391 686 458 esa
797 358 806 366 ’

147 560 178 618 et
200 557 309 635 quanta
332 551 472 636 petientia
495 550 666 621 incredulos
689 550 726 614 ad
748 549 835 614 bdem
860 547 1013 615 suadendo
1029 546 1162 628 flectere,

146 666 294 747 obsequio
332 664 467 747 ingratos
507 662 632 743 lovere,
670 661 940 726 contradicentibus
975 661 1162 744 respondere

145 778 263 856 leniter,
285 775 434 858 superbos
451 774 601 855 sustinere
617 773 788 852 clementer,
810 771 958 836 humiliter
972 792 1160 858 persequen-

147 892 225 956 tibus
240 888 362 968 cedere,
384 887 596 970 prophetarum
619 882 831 948 interfectores
853 890 883 946 et
906 882 1052 950 adversus
1075 886 1162 950 deum

146 1024 266 1087 semper
287 1001 416 1068 rebelles
439 999 595 1082 usquead
619 999 716 1062 crucis
740 1005 769 1060 et
792 999 940 1080 passionis
963 999 1066 1061 buram
1085 999 1163 1062 velle

146 1118 312 1201 colligere3
347 1117 402 1178 sub
426 1115 488 1196 ipsa
512 1121 610 1177 autem
633 1113 775 1196 passione
798 1118 827 1173 et
850 1131 958 1192 cruce,
991 1115 1163 1194 priusquam

145 1231 182 1296 ad
214 1229 417 1296 crudelitatem
448 1228 531 1290 necis
563 1234 593 1290 et
622 1225 799 1290 effusionem
824 1226 978 1308 sanguinis
1002 1227 1163 1306 veniretur,

146 1363 223 1426 quse
246 1343 445 1408 convitiorum
469 1341 576 1424 probra
600 1341 746 1423 patienter
769 1339 877 1420 audita,
905 1357 982 1422 quae
1006 1346 1163 1404 contume-

144 1459 250 1522 liarum
272 1456 395 1519 tolerata
418 1453 561 1540 ludibria,
594 1460 626 1516 ut
641 1451 670 1528 ³)
694 1452 893 1518 insultantium
916 1455 1080 1534 sputamina
1105 1473 1163 1516 ex·

145 1571 260 1654 ciperet
288 1570 338 1652 qui
366 1576 455 1651 sputo
486 1585 543 1631 suo
570 1567 654 1630 caeci
676 1565 780 1629 oculos
803 1566 891 1648 paulo
915 1573 983 1630 ante
1006 1566 1165 1630 formasset

145 1691 176 1748 et
199 1685 284 1748 ouius
306 1685 428 1750 nornine
450 1703 466 1745 a
489 1682 587 1746 servis
611 1681 778 1766 nunccius
802 1679 937 1745 diabolus
960 1699 1027 1744 cum
1048 1680 1164 1763 angelis

146 1799 209 1862 suis
231 1796 414 1880 depellatur,
438 1797 554 1882 flagella
578 1797 642 1879 ipse
665 1801 829 1878 peteretur,
852 1803 1049 1866 coronaretur
1071 1795 1164 1877 spinis

147 1913 199 1994 qui
219 1919 366 1995 martyres
390 1911 514 1975 iloribus
537 1914 663 1976 coronat
685 1909 834 1987 aeternis,
866 1909 970 1990 palmis
999 1909 1029 1970 in
1058 1907 1164 1972 laciem

148 2027 359 2090 verberaretur
382 2025 433 2106 qui
453 2024 563 2106 palmas
587 2029 674 2088 veras
698 2023 884 2094 vincentibus
908 2022 1024 2101 tribuit,
1047 2022 1162 2103 spolia-

146 2147 229 2204 retur
251 2146 337 2202 vesta
364 2144 484 2202 terrens
513 2137 567 2218 qui.
593 2133 779 2208 indumento,
796 2135 1013 2217 inmortalitatis
1043 2142 1162 2200 ceteros

146 2398 191 2452 sn.
226 2397 327 2450 Deinde
352 2398 543 2467 aequanimitas
568 2399 712 2452 totam
736 2399 823 2466 qualis
845 2405 868 2450 st
886 2405 984 2466 quanta
1002 2398 1091 2448 scribit
1111 2396 1160 2449 lib.

145 2484 336 2540 Coniunctiouis
356 2482 478 2551 perticuls
497 2481 571 2534 deest
589 2484 614 2534 iu
627 2482 659 2534 Δ.
695 2482 774 2534 Voce.
793 2486 915 2552 obsequia
934 2486 1054 2553 incretos
1071 2487 1162 2552 fovere

143 2587 193 2624 οι.
207 2571 257 2624 lib.
293 2570 355 2624 'lum
374 2574 467 2626 lecim·
485 2585 532 2637 pro
551 2573 644 2624 lauder
663 2570 782 2622 bebetA.
818 2569 845 2620 ln
864 2586 936 2640 seqq.
956 2584 1001 2637 pro
1018 2573 1162 2625 mensum

142 2662 219 2714 hun
237 2660 326 2725 recepi
345 2661 477 2713 adeersum
496 2661 573 2712 deust
591 2674 606 2710 e
625 2658 700 2709 codd.
721 2658 800 2724 meis,
828 2656 976 2726 quibuscum
999 2659 1162 2710 consentiunt

143 2744 204 2796 edd.
225 2744 302 2796 Grsv.
322 2751 350 2794 et
368 2743 430 2794 lior.
465 2743 495 2806 3)
514 2755 561 2798 uest
578 2742 609 2793 W
629 2752 654 2794 et
672 2742 727 2810 sn„
753 2743 813 2794 Tum
832 2754 911 2812 spreta
930 2745 961 2806 Α,
983 2755 1116 2812 spumata,
1137 2745 1161 2794 in

144 2846 194 2897 mg.
212 2833 366 2897 sputamina
384 2829 432 2880 lic.
470 2829 536 2880 Ante
560 2833 695 2896 acciperet
712 2827 831 2880 Erasmus
855 2831 938 2879 invitis
963 2830 1094 2881 codicibus
1118 2832 1159 2880 in-

143 2917 224 2967 seruit
241 2919 380 2980 patienter,
401 2914 468 2982 quod
488 2913 662 2980 probaverunt
680 2913 794 2964 editores
814 2915 972 2979 posteriores
990 2922 1091 2980 praeter
1103 2914 1171 2983 llo-¹

144 3001 243 3054 relliun
265 3010 292 3054 et
310 3000 437 3054 Bulusium
457 3015 560 3062 ornnes;
586 3003 771 3054 mkmdeardia
789 3003 905 3066 excipiet
927 3015 1060 3066 perperam
1085 2999 1162 3052 bobes

144 3090 175 3142 Α.
213 3088 252 3140 lle
271 3103 300 3139 re
318 3087 368 3138 rid.
388 3085 475 3140 locun.
495 3087 527 3149 9,
546 3085 570 3138 6.
609 3085 666 3136 blox
691 3105 707 3138 s
731 3090 790 3154 (pro
814 3085 850 3153 et)
876 3089 955 3140 cuius
975 3090 1079 3140 namins
1098 3091 1119 3135 Α
1137 3096 1162 3140 et

145 3181 226 3232 cuttu
245 3180 274 3230 t'ss
291 3179 397 3228 nouisse
415 3174 451 3226 bb
471 3182 497 3226 et
517 3173 566 3225 lld.
604 3172 821 3240 Praepositiomem
840 3177 868 3227 in
888 3171 944 3225 cod.
963 3173 992 3223 W
1011 3190 1024 3224 u
1044 3190 1107 3226 corr.
1128 3191 1160 3227 rn.

144 3264 169 3314 in
187 3277 238 3330 mq.
260 3261 344 3315 bsbet.
382 3259 534 3328 Conspirant
559 3260 616 3312 edd.
644 3276 746 3330 quoque
770 3260 849 3326 dett,
876 3277 924 3314 neo
949 3277 998 3314 uon
1020 3259 1114 3314 Erasm.
1133 3270 1161 3313 et

145 3349 236 3414 Gran,
255 3352 279 3402 in
299 3349 390 3418 quibus
410 3349 503 3401 deiude
521 3349 614 3418 legitur
631 3367 702 3404 nunc
720 3370 736 3402 a
754 3354 844 3404 eureis
864 3355 924 3404 mass
941 3353 1065 3404 calistus.
1102 3349 1160 3399 blo-

145 3436 231 3494 rellims
249 3444 334 3488 sutem
353 3436 423 3488 dedit
441 3447 465 3490 et
482 3441 561 3492 csisrs
579 3453 651 3492 nunc
665 3441 695 3490 s'ss
708 3442 813 3492 nominee
825 3458 841 3490 a
854 3442 944 3492 umis
956 3442 1016 3492 eine
1028 3441 1158 3502 diabotus,

145 3524 283 3590 bacurius,
311 3523 437 3576 Psmelius
462 3532 488 3575 et
511 3526 668 3576 recentiores
691 3527 848 3592 scripserunt
871 3535 894 3578 st
911 3529 943 3578 s'ss
959 3528 1039 3578 cuius
1058 3514 1162 3574 maraine

144 3631 161 3666 s
184 3614 276 3665 ames
300 3628 370 3666 nuce
394 3616 454 3666 eius
478 3614 606 3666 diabolus.
644 3607 695 3661 Sed
720 3611 795 3664 codd.
814 3610 894 3661 blsbc.
914 3608 948 3660 su
970 3618 996 3662 et
1015 3609 1036 3661 Α
1054 3613 1083 3660 a'n
1105 3608 1160 3658 inre

112 3712 119 3724 ·
144 3715 194 3752 our.
232 3697 341 3754 Enusrc
360 3708 460 3752 anetum
480 3708 518 3751 est
538 3710 600 3752 tuac
618 3700 643 3750 iu
663 3698 710 3763 lle,
729 3703 789 3754 etus
809 3700 833 3750 iu
853 3699 892 3750 lle
911 3699 992 3750 deest.
1030 3695 1087 3747 llos
1104 3696 1159 3764 ptu-

143 3789 211 3857 pslls
234 3790 295 3854 ipen
320 3794 400 3838 exstat
424 3787 449 3836 in
474 3784 562 3850 need,
588 3795 687 3854 pateret
711 3787 735 3836 iu
758 3784 805 3838 llb.
840 3784 961 3852 Respexit
980 3782 1074 3835 Noster
1097 3783 1121 3834 lr.
1142 3783 1158 3834 Ι.
1240 3823 1243 3831 .

144 3873 231 3926 blattb.
250 3875 299 3940 27,
318 3876 367 3939 26,
385 3874 492 3942 28sqq.
513 3882 539 3924 et
556 3873 600 3926 3⁴.
638 3871 703 3926 Dein
727 3883 862 3944 martyras
882 3872 922 3925 W.
942 3871 977 3923 tta
1000 3879 1026 3922 et
1049 3887 1085 3940 pr.
1107 3871 1160 3923 blac

143 3961 256 4031 itemque
282 3962 323 4014 ed.
346 3961 438 4013 blanut.
474 3960 612 4030 Perpetem
637 3965 793 4016 nuberetur
818 3960 852 4014 Bu
877 3969 903 4012 et
928 3959 958 4010 A.
996 3959 1022 4012 ln
1048 3958 1159 4010 clausula

877 4048 952 4112 17⁴·
