2904 4692
635 399 676 464 93

145 563 238 640 nodie
272 579 367 624 onum
402 561 474 623 etet
530 557 636 640 lingna
660 551 697 632 Ιἴ)
733 557 842 620 domini
876 552 1000 639 propter
1037 556 1161 621 saturem

145 685 276 740 nostram
307 673 474 756 benignitas
501 670 612 752 pariter
641 674 670 732 at
700 669 813 750 matus,
846 674 878 730 ut
911 685 969 730 non
1003 675 1161 732 contentus

146 789 227 870 quod
252 805 307 850 nos
330 785 478 866 sanguiue
500 801 555 844 suo
579 779 756 856 redimeret,
787 780 882 843 adhuc
904 796 960 860 pro
985 780 1071 842 uobis
1094 797 1161 840 arn-

145 901 222 982 plius
246 906 277 960 et
299 902 431 979 rogaret.
471 893 615 975 lingentis
639 898 735 952 autem
758 889 938 953 desiderium
958 890 1056 953 videte
1080 891 1161 971 quod

147 1012 254 1089 luerit,
284 1016 317 1073 ut
339 1006 491 1089 quomodo
522 1022 612 1068 unum
636 999 757 1076 erinon)
780 1009 864 1084 puter
888 1010 917 1065 et
938 1004 1032 1085 lilius,
1063 1006 1108 1067 sic
1132 1011 1161 1066 et

146 1143 202 1188 noa
233 1126 262 1186 in
291 1125 354 1204 ipsa
386 1121 498 1182 unitate
527 1135 718 1196 maneamus,
754 1124 785 1180 ut
818 1117 884 1179 lrinc
915 1135 1036 1199 quoque
1066 1123 1162 1201 possit

145 1239 268 1320 intelligi
286 1242 427 1318 quantum
450 1232 601 1311 delinquet
625 1231 674 1311 qui
699 1232 839 1292 unitatem
864 1230 971 1293 scindit
994 1238 1023 1294 et
1046 1249 1161 1312 pacem,

146 1369 211 1415 cum
236 1367 292 1430 pro
316 1343 373 1411 lroo
397 1355 427 1410 et
449 1344 603 1427 rogaverit
620 1344 756 1406 domiuus
780 1343 884 1405 rolens
908 1343 1022 1405 scilicet
1044 1343 1161 1424 plelreur

147 1482 229 1526 suam
251 1459 428 1524 unanimiter
452 1459 574 1535 vivere,
605 1475 670 1518 cum
694 1456 784 1518 sciret
807 1455 842 1517 ad
875 1474 1000 1538 regnum
1025 1457 1073 1518 dei
1096 1456 1161 1518 dis-

146 1576 276 1641 cordiam
300 1592 359 1637 non
382 1572 495 1636 venire.

608 1749 697 1834 ml.

235 1870 361 1988 Quando
385 1913 483 1971 autem
506 1912 618 1967 stamus
642 1904 678 1964 ad
703 1907 868 1969 orationem
883 1907 927 1987 ¹),
951 1910 1060 1976 iratres
1083 1915 1162 1980 dile-

299 2063 354 2070 ...-

147 2135 1165 2218 mmmmmmmmmfflfflmfflmmmwfflm

148 2241 175 2283 et
199 2233 223 2283 in
247 2229 343 2281 Eraem.
370 2227 444 2278 Grau.
471 2225 564 2277 Manet.
591 2232 665 2292 atque
690 2221 804 2288 morell,
832 2227 961 2280 omieeum.
1008 2229 1053 2299 te)
1070 2236 1165 2304 Magna

149 2329 236 2372 autem
255 2315 304 2380 tte,
323 2318 364 2369 dei
382 2313 412 2378 Ο,
431 2324 455 2368 et
471 2315 556 2382 pictae
573 2315 673 2380 pariter
692 2309 763 2376 Med,
782 2321 944 2381 eartteutptue
963 2315 1009 2368 llic.
1047 2318 1165 2372 Proxima

147 2407 289 2459 redemerat
306 2400 335 2453 G.
372 2399 431 2452 Poet
449 2403 534 2454 oddae
553 2401 674 2451 incertum
693 2409 718 2451 et
735 2401 761 2448 in
782 2396 825 2449 Bc.
866 2402 1102 2459 tricenteno.
1138 2406 1165 2457 lu

148 2506 220 2559 eeqq.
240 2492 366 2558 delinquit
389 2485 467 2538 hebet
490 2485 530 2536 ed.
553 2483 633 2548 Dae,
662 2487 766 2539 retrectat
785 2483 822 2536 Bb
842 2493 868 2536 et
886 2500 944 2537 mox
963 2494 1097 2559 recreer-tt
1114 2495 1165 2546 do-

148 2580 248 2631 erinuer
266 2576 377 2629 ecribunt
397 2571 431 2624 Bc
450 2581 476 2625 et
496 2571 560 2623 llud
598 2571 701 2639 tegitur
725 2571 816 2623 deinde
841 2576 945 2628 scilieet
965 2577 1064 2646 pteteer
1088 2595 1167 2631 cuam

148 2667 239 2718 uiuere
256 2665 281 2713 in
301 2661 377 2712 codd.
398 2659 425 2712 C.
448 2659 486 2712 W.
507 2659 612 2711 llabcde
631 2667 657 2711 et
676 2656 746 2724 Bbc,
771 2663 832 2714 eeil.
851 2663 915 2729 piel.
935 2679 1014 2715 ruem
1031 2666 1168 2732 vivificare

149 2748 267 2800 acribitur
284 2751 310 2798 in
323 2746 370 2810 tte,
389 2751 449 2800 eee'l.
469 2751 534 2813 plei-
554 2765 632 2800 auum
650 2751 729 2799 unire
747 2746 867 2798 exhibent
884 2747 941 2799 edd.
957 2757 1019 2800 vett.
1034 2747 1166 2803 citream.

150 2841 226 2900 atque
245 2831 354 2894 linunt,
382 2830 530 2899 quibuscum
555 2833 685 2897 conspirat
711 2831 759 2894 tlt,
786 2833 862 2900 idque
887 2831 1004 2901 probavit
1028 2838 1167 2891 Wellrerue

150 2917 166 2970 l.
182 2935 203 2968 c.
222 2933 246 2984 p.
262 2917 305 2980 5⁴,
325 2920 385 2969 eeil.
399 2920 435 2984 pl.
451 2934 475 2969 e,
493 2919 597 2970 ecloum
614 2919 674 2983 fieri
691 2924 714 2966 et
733 2920 762 2967 r'rr
779 2932 844 2983 poce
861 2921 952 2970 uicere
971 2935 1002 2969 ex
1021 2921 1167 2972 coniectura

151 3003 221 3055 dedit
239 3001 376 3052 llorelliue.
414 2999 491 3051 Cuiue
510 2985 622 3065 vestigiis
641 2999 759 3049 insistens
776 3007 835 3065 poet
853 3004 956 3054 celticae
974 3001 1100 3055 famella,
1118 3006 1167 3055 qd.

151 3087 212 3138 didit
230 3086 287 3138 adv.
308 3090 349 3140 eic
368 3099 477 3152 eumque
495 3085 549 3134 sine
568 3083 734 3134 haesitatione
752 3079 833 3135 e'ecrrti
856 3094 912 3137 eunt
937 3087 1050 3139 editores
1073 3105 1167 3142 receu-

150 3169 1169 3242 mmmmimmmffifflmmmwmmwmw

151 3277 225 3329 quem
253 3261 358 3328 egregie
382 3258 514 3311 confirmat
538 3257 620 3308 codex
644 3257 708 3309 Voce
736 3258 759 3310 3.
785 3275 824 3328 ep.
850 3259 930 3312 tlxon.
969 3260 1089 3314 Similiter
1114 3263 1168 3330 Cy-

151 3345 1168 3417 mmmmfflwfflmmwmluffimwssnw

152 3435 228 3484 utitur
248 3433 553 3496 locutione,oeuuioeiter
571 3450 664 3500 orere,
692 3437 763 3502 inque
787 3438 1001 3499 rmertmttaom,
1028 3441 1169 3492 unmimee

152 3536 229 3585 ecee,
262 3523 401 3574 erenuimee
428 3522 546 3573 delitare
572 3523 600 3572 ire
627 3523 701 3573 domo
730 3523 822 3587 peeaim
849 3524 974 3589 praecipit
999 3523 1168 3590 inculcatque.

153 3605 209 3657 Vid.
230 3607 321 3657 domin.
341 3606 410 3658 Orat.
437 3623 492 3674 cap.
514 3607 558 3670 V.‚
586 3607 618 3657 de
643 3607 735 3658 cathol.
756 3607 850 3659 eeclee.
870 3610 930 3659 uuit.
952 3625 1007 3676 cap.
1027 3607 1055 3659 Χ.
1082 3624 1107 3676 p.
1127 3607 1169 3660 25.

152 3691 1168 3762 wmmnqurQMMnmmmmfflwmmm

153 3775 191 3828 Ad
212 3778 261 3830 hoc
280 3778 357 3830 lectio
376 3778 418 3830 ille
437 3778 523 3830 verbio
542 3745 754 3846 preeressntibue
773 3788 798 3830 et
816 3782 981 3849 sequentibue
1006 3783 1099 3848 optime
1124 3797 1169 3833 re·

153 3864 270 3930 spondet.
305 3863 430 3928 Quocirca
451 3879 506 3916 aem
525 3866 550 3916 iu
570 3873 664 3917 textum
686 3868 802 3932 recipere
821 3881 871 3920 nou
890 3868 1011 3920 dubitavi.

223 3949 297 4003 xxti.
332 3953 359 4020 l)
378 3954 522 4007 orete'oeeru
542 3967 579 4018 pr.
600 3969 631 4002 ru.
652 3955 737 4004 cruiait
755 3955 780 4005 in
800 3953 848 4006 lle.
885 3954 932 4006 Pro
953 3958 1065 4025 vicilare
1084 3959 1170 4028 recepi
