2858 4688
750 387 813 456 206
871 389 874 402 '

272 543 324 610 die
351 545 435 612 mato
465 547 613 612 liberabit
642 565 709 610 eam
740 547 893 612 dominae.
940 548 1075 623 Quorum
1106 557 1292 632 praecepto·

271 679 336 724 rum
354 655 391 738 ¹⁰)
415 680 529 727 memor
551 661 666 741 Daniel,
690 680 757 726 oum
779 680 835 726 rex
857 661 1140 728 Nabuchodonosor
1162 663 1292 726 adverso

272 774 388 837 somnio
419 775 541 839 territus
571 779 740 852 aestuaret,
774 772 945 836 avertendis
978 774 1061 838 malis
1092 772 1130 837 ad
1162 771 1291 838 divinam

273 907 360 970 opem
383 885 587 969 inpetrandam
610 885 773 954 remedium
798 885 880 949 dedit
902 886 1005 969 diaeum
1023 885 1082 963 ¹'):
1108 887 1291 967 Propterea,
1401 899 1402 904 ’

272 1020 342 1079 rea,
366 1001 533 1064 aoaaa'tiam
555 999 803 1078 meom'ptaatat
824 997 899 1076 tibi,
923 1007 953 1062 et
973 1008 1107 1078 peecata
1129 1007 1185 1064 tata
1208 1001 1291 1062 elee-

273 1114 411 1196 moayata
444 1113 562 1176 redime
595 1121 625 1176 et
659 1113 833 1176 iniustitiae
866 1120 936 1176 taaa
962 1109 1000 1189 ¹²)
1035 1113 1294 1178 miserationibus

268 1245 461 1308 pauperum,
485 1234 515 1288 et
537 1227 599 1288 erit
621 1227 698 1288 deas
718 1244 857 1305 paroeat
877 1228 1019 1306 peccatis
1042 1229 1113 1291 tais.
1160 1227 1215 1290 Cui
1237 1245 1292 1291 rea

274 1356 334 1403 noa
358 1341 567 1421 obtemperares
590 1338 734 1418 adversa,
766 1356 844 1419 quae
868 1339 1001 1420 viderat,
1033 1346 1063 1402 et
1085 1340 1193 1405 intesta
1216 1359 1292 1422 per-

273 1471 383 1536 pessus
405 1459 467 1532 est,
490 1469 568 1532 quae
591 1449 774 1536 euadereet
797 1451 894 1514 vitare
915 1449 953 1528 ¹³)
976 1451 1142 1532 potuisset,
1166 1453 1192 1516 si
1215 1471 1292 1533 peo-
1402 1523 1403 1530 χ

240 1573 244 1580 ’
274 1574 340 1630 eata
363 1584 417 1631 tua
441 1564 642 1648 eleemosynis
665 1563 852 1628 redemisset.

274 1833 314 1887 W.
333 1833 398 1885 ttae.
420 1832 456 1886 ba
477 1844 503 1887 et
521 1836 546 1886 iu
565 1833 633 1888 Teat.
652 1835 670 1887 1.
690 1853 714 1888 a.
733 1835 779 1887 ua.
818 1833 906 1887 Statim
925 1839 954 1890 ia
971 1839 1013 1891 die
1027 1829 1104 1892 ‘mato
1129 1853 1176 1905 pro
1201 1839 1229 1891 in
1253 1841 1294 1892 die

274 1926 344 1977 mata
362 1923 421 1974 Ver.
442 1923 522 1992 Neap.
542 1922 582 1975 W.
602 1923 683 1976 Maed.
703 1923 738 1974 Ra
765 1931 793 1974 et
809 1923 839 1974 Α.
877 1923 918 1976 Sia
943 1925 1017 1976 etiam
1036 1912 1104 1976 teo}
1129 1924 1293 1976 concordan—
1334 1979 1339 1985 ,
1403 1911 1404 1920 ’

275 2010 341 2062 tibus
358 2009 430 2062 libris
443 2007 537 2062 Italicis
551 2011 667 2064 omuibus
680 2018 705 2062 et
717 2009 783 2062 ttae.
814 2008 1022 2085 Tamlliberaeit,
1042 2011 1166 2062 attonio
1180 2011 1293 2078 auique,
1404 2067 1405 2074 χ

273 2097 325 2162 bb,
348 2114 386 2166 pt.
405 2097 437 2150 W
461 2107 486 2150 et
504 2097 545 2150 bib
575 2093 764 2165 permutatione
789 2097 999 2168 frequentissima.
1036 2094 1100 2148 Deio
1124 2099 1201 2152 dilatat
1226 2100 1293 2152 doru

273 2184 332 2236 Ver.
352 2184 392 2236 W.
413 2184 483 2236 biacd
511 2194 536 2237 et
554 2183 592 2236 Bb
618 2185 697 2253 (deae
723 2187 799 2237 etiam
819 2183 884 2249 oa),
912 2199 961 2236 uec
985 2183 1059 2235 a'liter
1082 2183 1138 2235 bibo
1162 2191 1188 2236 et
1213 2183 1293 2236 Italici

273 2287 361 2326 omues
383 2274 406 2324 iu
426 2272 509 2337 Test,
529 2272 571 2324 ubi
592 2271 623 2322 W
641 2277 717 2327 ittam
735 2275 869 2336 dominae,
888 2270 923 2322 aa
943 2289 1003 2326 eram
1021 2274 1151 2326 damnat.
1190 2269 1294 2338 Legitur

272 2364 297 2410 iu
319 2357 433 2411 Graecot
460 2358 554 2428 ῥύσεται
572 2356 647 2408 αὐτὸν
665 2357 680 2408 o‘
697 2357 778 2424 κύριος.
825 2358 869 2423 10)
893 2369 1061 2429 peccatoram
1081 2357 1133 2422 Bb3
1162 2356 1194 2409 W
1213 2367 1239 2410 et
1258 2359 1292 2410 Ba

273 2451 399 2512 Deuitet3
420 2448 457 2500 tta
471 2449 719 2512 Nabuchodonosor,
734 2445 765 2496 W
778 2449 1006 2511 Natoaodoaoeor,
1022 2437 1044 2497 'A
1058 2448 1291 2520 Nataaotamar,

274 2536 312 2587 bia
330 2537 592 2590 Nauboottodoaoaor.
630 2531 692 2584 Tam
712 2537 844 2587 adversm
864 2537 997 2587 tamaium
1017 2531 1066 2597 bib,
1086 2533 1207 2602 eompaio
1226 2531 1247 2582 Α
1267 2540 1293 2583 et

274 2624 315 2675 ed.
331 2621 393 2673 Dat.
428 2619 475 2670 Pro
495 2629 629 2673 aestuaret
642 2617 678 2669 Bb
697 2623 858 2673 turbaretur.
891 2619 956 2670 [teia
973 2617 1025 2688 'pare
1044 2623 1194 2674 avertentia
1213 2621 1293 2672 madia

273 2726 305 2762 aa
323 2711 415 2762 diviua
434 2721 479 2774 ope
496 2707 660 2773 impetranda
678 2705 738 2756 edd.
758 2714 819 2757 vett.
839 2721 861 2758 e.
876 2706 950 2758 Grau.
971 2715 996 2757 et
1015 2705 1122 2771 Maseli,
1141 2723 1189 2774 pro
1209 2707 1291 2760 aber·-

273 2799 359 2851 tentia
377 2789 456 2848 maida
474 2797 508 2846 ad
527 2795 643 2848 diuinam
662 2811 735 2862 opem
753 2797 942 2864 torpeo-audam
962 2793 1053 2845 Manat.
1074 2793 1166 2844 Pamel.
1189 2800 1216 2843 et
1240 2808 1290 2861 po-

273 2884 402 2947 steriores,
419 2899 467 2952 pro
487 2877 638 2936 avertendis*
657 2884 737 2936 matie
756 2898 788 2934 aa
803 2885 956 2951 mitipaadia
969 2884 1059 2934 diviua
1073 2899 1120 2949 ope
1131 2883 1292 2948 impetraveris

273 2969 370 3024 Erasm.
407 2967 457 3019 Sed
481 2986 529 3036 pro
556 2983 605 3019 om.
632 2970 709 3019 codd.
730 2967 787 3018 Ver.
812 2967 893 3034 Neap.
915 2966 953 3018 W.
976 2967 1058 3018 biabd.
1082 2965 1142 3018 Bab.
1162 2965 1192 3016 A.
1229 2965 1291 3016 Tum

273 3064 304 3114 da
322 3061 412 3112 diviua
432 3074 480 3126 ope
498 3059 664 3123 impetranda
682 3054 771 3128 scribit
789 3053 866 3118 Vem,
893 3072 924 3107 aa
948 3057 1040 3107 divina
1063 3071 1111 3122 ope
1135 3055 1292 3123 inpetranda

192 3149 196 3156 '
274 3143 393 3198 exhibeat
413 3142 487 3194 Mabd
507 3151 533 3194 et
551 3141 605 3208 Bb,
624 3160 655 3197 aa
674 3145 765 3196 diviua
784 3159 831 3212 ope
848 3148 948 3212 impete.
968 3139 1000 3191 W
1019 3149 1045 3192 et
1065 3139 1117 3206 Ba,
1142 3144 1173 3193 de
1191 3143 1291 3223 adver-

274 3252 359 3304 teatit'a
384 3250 464 3300 matis
491 3267 522 3301 aa
546 3252 637 3302 diviua
664 3263 711 3314 ope
737 3250 838 3316 impeta.
867 3247 911 3297 dat
936 3245 989 3310 tte,
1016 3248 1049 3298 ad
1075 3247 1193 3297 divinam
1219 3261 1292 3314 operte

272 3339 437 3424 meamea
464 3353 496 3403 Α.
539 3351 599 3404 toa
625 3355 695 3406 aaa
720 3353 804 3404 omna
834 3353 927 3404 tesana
954 3365 1034 3419 usqua
1060 3349 1091 3400 aa
1118 3353 1183 3404 aaa
1210 3350 1235 3399 an
1261 3353 1292 3399 a

276 3439 320 3507 11)
340 3438 438 3492 Dauiai.
459 3439 484 3502 d,
503 3440 544 3490 tt.
584 3439 628 3500 12)
648 3448 709 3491 tuat
728 3440 846 3492 omissum
866 3440 891 3488 in
910 3437 965 3501 Ma,
989 3438 1187 3503 superscriptum
1206 3434 1238 3486 ab
1257 3435 1291 3486 at.

275 3545 307 3580 m.
327 3529 351 3579 io
366 3526 415 3578 ttb.
448 3526 511 3584 biox.
522 3525 674 3594 paraeartA
694 3533 720 3576 et
738 3541 753 3576 e
772 3539 838 3576 corr.
854 3525 892 3579 tte
911 3532 1063 3592 veteresque
1083 3522 1142 3572 edd.
1159 3538 1179 3572 a.
1195 3520 1292 3572 Eraam.

276 3613 352 3665 Grau.
373 3613 470 3666 Motelt.
496 3621 521 3663 at
547 3611 649 3679 Belum,
676 3617 781 3682 patiam
806 3613 861 3664 tell.
887 3613 972 3678 scripti
999 3619 1025 3661 et
1048 3609 1117 3661 editi.
1153 3605 1242 3660 Exstat
1267 3609 1293 3658 iu

274 3699 372 3754 Graeco
390 3703 444 3756 ioue
461 3699 512 3757 deae
529 3697 692 3767 μακρόθνμος.
730 3699 762 3752 13
765 3708 774 3764 t
794 3704 879 3754 attare
897 3709 921 3754 et
938 3701 1048 3754 evadere
1065 3695 1097 3748 Α»
