2880 4696
667 338 729 409 187

191 506 261 583 pest
282 505 313 564 te
334 500 452 582 mahts,
482 500 714 584 concupiscendi
734 500 885 566 libidinem
907 500 1037 582 nutrias,
1066 501 1207 586 sperandi

96 683 100 692 ,
191 615 322 696 fomenta
344 616 528 697 succendas,
552 624 600 696 ut,
624 618 680 681 etsi
702 617 766 699 ipsu
788 635 849 681 non
871 634 990 699 pereas,
1012 616 1086 682 ulios
1110 624 1207 682 tumen

192 729 301 812 perdas
332 736 362 792 et
392 731 483 794 velut.
496 731 624 817 gladium
648 739 678 795 te
700 738 731 794 et
752 749 901 796 venenum
924 731 1092 796 videntibus
1114 749 1208 813 prae-

192 845 275 923 hens,
299 847 438 909 excusari
459 864 521 910 non
543 853 639 928 potes,
662 846 748 929 qussi
769 854 869 911 mente
891 852 972 910 ceste
987 847 1028 910 sis
1045 851 1075 908 et
1089 844 1206 927 pudiea.

163 957 410 1043 sRednrguit1'2)
437 965 466 1023 te
489 960 586 1042 cultus
607 961 751 1042 inprobus
774 967 805 1023 et
826 960 982 1043 inpudicus
999 966 1131 1040 ornatus,
1152 976 1209 1023 nee

193 1074 348 1155 conputari
371 1073 428 1135 ium
449 1079 535 1154 potes
558 1072 636 1136 inter
658 1074 772 1155 puellus
795 1081 825 1137 et
847 1074 980 1158 virgines
1001 1073 1109 1137 Christi
1131 1091 1209 1154 quse

193 1187 346 1268 sicimis,
369 1193 401 1249 ut
422 1188 522 1268 possis
545 1186 682 1251 adamari.

659 1383 750 1454 vili.

281 1526 473 1612 Locupleiem
497 1534 526 1592 te
549 1526 623 1592 dieis
645 1534 674 1592 et
698 1528 828 1594 divitem.
873 1528 933 1594 Sed
956 1530 1067 1594 iusisse
1094 1527 1211 1594 divitius

196 1659 265 1706 sues
278 1641 304 1721 ¹)
326 1643 473 1728 virginem
494 1662 555 1736 non
579 1644 675 1726 decet,
700 1663 767 1710 eum
790 1644 869 1709 dicat
889 1647 1035 1729 seriptum
1054 1643 1211 1727 divine²):

156 1774 183 1819 se
198 1754 282 1832 Quid
304 1755 394 1820 nobis
414 1755 541 1837 profuit
561 1757 725 1840 superbia,
762 1767 819 1822 aut
848 1759 924 1838 quid
954 1760 1134 1822 dinitiarum
1156 1761 1211 1824 ia-

198 1871 293 1934 ctatio
317 1872 447 1934 eontulit
467 1871 557 1935 nodis
574 1869 613 1950 ³),
637 1874 832 1936 transierunt
853 1873 957 1936 omnia
978 1873 1035 1935 iila
1058 1865 1211 1956 tamquam

196 1985 322 2064 umbra,
352 1992 382 2048 et
404 1987 555 2070 spostolus
577 2003 695 2050 rursum
716 1991 837 2050 monent
865 1991 895 2048 et
925 1984 1002 2049 dicut
1015 1983 1057 2064 ⁴):
1088 1985 1140 2048 m·
1158 1990 1212 2068 qui

196 2107 301 2162 emunt
329 2101 376 2163 sie
404 2101 470 2164 sint
498 2103 590 2184 quasi
618 2119 682 2163 non
710 2099 910 2180 possidentes
926 2097 971 2179 ⁵),
1007 2108 1037 2163 et
1068 2095 1212 2184 quitos

266 2341 311 2410 12)
331 2345 481 2412 Redarquet
497 2340 526 2396 Β,
545 2340 575 2394 Α.
613 2341 675 2394 Tum
695 2346 774 2397 enitet
790 2345 955 2413 improprius
973 2344 1011 2410 d3
1033 2348 1162 2416 snprntus
1187 2357 1211 2404 et

193 2435 345 2502 impudicus
361 2429 403 2496 W,
421 2434 559 2502 impretus
577 2442 602 2486 et
619 2436 708 2502 inpud.
727 2430 794 2485 diub.
831 2430 931 2485 Deinde
948 2449 996 2488 nst
1015 2449 1030 2485 e
1047 2451 1081 2487 ns
1099 2449 1163 2488 com.
1176 2436 1210 2488 si.

194 2571 227 2606 m.
246 2553 271 2604 in
290 2551 330 2604 W.
367 2552 455 2606 Statim
482 2539 629 2626 sompnium
652 2555 691 2623 [ri
715 2571 729 2607 s
756 2570 820 2607 corr,
839 2573 872 2609 m.
892 2558 1031 2625 superem.)
1057 2562 1111 2612 iam
1126 2569 1212 2630 potest

195 2641 272 2692 hebet
295 2639 349 2706 tte,
376 2646 513 2709 conputari
536 2645 590 2696 inm
613 2647 714 2712 peteris
732 2641 774 2694 Fr.
795 2641 876 2696 Emm.
896 2643 937 2708 2.;
960 2650 1061 2715 puteris
1087 2649 1163 2699 etiem
1181 2646 1209 2701 B.

194 2727 222 2780 ln
241 2729 283 2781 fin.
301 2732 368 2783 vivit
385 2738 414 2784 ut
430 2733 518 2798 pessit
536 2728 584 2795 tte,
604 2740 628 2784 st
645 2734 739 2802 pessis
758 2746 795 2799 pr.
813 2729 854 2782 W.

264 2813 328 2866 vul.
357 2813 384 2881 1)
403 2832 471 2869 suas
491 2831 539 2869 om.
553 2819 582 2868 Α
614 2816 677 2868 Voc.
694 2821 825 2887 virqinem
843 2817 875 2869 ab
895 2817 944 2870 ulia
963 2834 1045 2888 euque
1063 2821 1119 2871 rudi
1137 2837 1211 2873 manu

194 2900 273 2954 habet
289 2900 330 2954 W.
378 2902 407 2971 2)
427 2904 538 2972 sapient.
558 2905 590 2970 5,
608 2903 632 2955 8.
680 2903 708 2968 3)
732 2907 810 2959 nodis
834 2921 958 2972 supensos.
986 2922 1017 2957 ex
1041 2923 1106 2961 corr.
1127 2911 1153 2959 in
1170 2907 1212 2963 W.

195 2986 295 3041 Deinde
321 2994 371 3045 itis
395 2995 483 3046 omnis
506 2991 627 3044 exhibent
650 2992 712 3044 editi
737 3001 795 3043 unte
814 2991 908 3045 Munut.
927 3009 1025 3059 omues,
1043 2996 1091 3049 itte
1111 3009 1160 3046 om.
1178 2996 1211 3048 A.

197 3073 254 3128 dion
270 3095 373 3132 rursus
391 3079 504 3133 scribunt
517 3079 599 3134 dibcd.
614 3080 644 3133 Α.
676 3078 766 3132 Statim
783 3091 886 3136 monent
903 3089 1023 3133 mutatum
1041 3082 1067 3134 in
1084 3093 1170 3136 menet
1186 3083 1212 3134 in

719 3189 729 3223 ι

196 3235 252 3288 ced.
271 3235 321 3288 tib.
365 3237 396 3306 4)
415 3257 445 3292 ae
463 3242 532 3292 diest
549 3238 599 3291 diu.
617 3239 647 3306 B,
670 3242 741 3294 disat
759 3237 807 3294 Mb.
844 3239 899 3291 Vid.
920 3239 944 3292 1.
964 3237 1021 3292 Cor.
1040 3239 1066 3305 ⁷,
1086 3237 1211 3292 30-31,

198 3321 225 3388 5)
244 3321 281 3374 ita
300 3321 340 3376 W.
358 3323 438 3378 Mecd.
457 3325 486 3379 B.
505 3324 528 3377 Α
547 3335 574 3378 et
592 3327 649 3388 edd.
668 3311 728 3380 ente
746 3325 890 3393 deludium,
914 3330 958 3398 qui
976 3335 1034 3396 pest
1050 3328 1146 3379 verbus
1173 3330 1211 3381 m

197 3413 242 3478 qui
259 3421 346 3465 emunt
362 3416 404 3467 ss's
423 3416 479 3467 sint
497 3429 511 3464 e
530 3413 604 3466 codd.
623 3412 763 3466 Pithoeeno
782 3423 808 3465 et
827 3411 1008 3468 Gambronensi
1034 3413 1210 3482 interpolatis·

197 3498 261 3549 simo
285 3497 381 3551 addidit
398 3502 477 3570 quasi
493 3518 546 3554 nen
563 3512 675 3555 ementes
699 3510 723 3554 et
741 3504 787 3569 qni
802 3505 949 3570 possident.
993 3499 1076 3554 Habet
1093 3501 1158 3552 haec
1180 3515 1211 3550 ex

197 3585 260 3636 meis
277 3583 346 3636 libris
364 3585 432 3639 solus
450 3587 500 3652 nib,
519 3590 563 3657 qui
580 3586 729 3639 melioribus
745 3602 796 3638 non
816 3596 855 3639 est
874 3589 1064 3653 accensendus,
1083 3596 1110 3639 et
1127 3588 1167 3638 hie
1185 3595 1212 3638 et

197 3674 224 3723 iu
242 3672 269 3724 L.
288 3671 330 3725 111.
349 3675 381 3726 ed
400 3675 494 3740 Quiris.
513 3693 535 3729 e.
557 3677 597 3728 11.
616 3694 641 3745 p.
661 3675 720 3727 307.
766 3675 817 3728 Sed
834 3673 875 3727 W.
893 3674 914 3726 B
933 3684 959 3728 et
977 3675 1031 3741 tte,
1051 3675 1092 3742 qui
1111 3680 1214 3741 praeter

198 3757 239 3811 dib
252 3759 302 3812 hoe
315 3759 431 3829 Cypriani
443 3779 507 3832 epus
526 3765 665 3828 sentiment,
684 3762 819 3814 novissimo
839 3776 941 3832 quoque
959 3763 1017 3815 loco
1036 3760 1212 3812 adsumentum

198 3848 264 3900 istud
282 3863 333 3902 non
351 3862 498 3920 agnoscunt
534 3852 583 3906 Pro
604 3855 774 3922 possidentes
794 3849 900 3904 Granium
925 3851 1026 3919 scripsit
1047 3850 1211 3916 possideant.

199 3933 265 3990 Dein
288 3941 387 4014 utqui
411 3937 489 3995 hebet
506 3943 529 3994 Α
547 3947 573 3992 et
596 3948 709 3994 utuntur
733 3943 781 4000 det
805 3940 901 3996 mundo
919 3937 969 3994 did.
1004 3934 1120 3990 Proxime
1143 3937 1213 3992 setim
