2880 4696
763 431 807 499 ’14

233 566 237 582 ’
275 590 350 656 ders
371 609 407 656 ss
434 590 560 656 credunt
588 592 639 676 qui
666 593 767 676 potius
799 593 1007 678 possidentur,
1038 615 1147 664 census
1168 596 1209 678 ¹⁵)
1241 601 1290 666 soi

276 704 374 783 servi,
407 722 465 768 noc
496 704 538 784 ,od
575 707 730 789 pecuniam
767 706 896 789 domini,
929 709 984 774 sed
1018 714 1113 796 magis
1144 716 1289 797 pecuniae

277 817 441 901 mancipati

765 979 889 1089 x..

366 1161 430 1226 Hoc
452 1168 578 1244 tempos,
600 1162 656 1225 hos
676 1162 811 1228 homines
827 1165 981 1246 spostolus
996 1164 1117 1231 denotet
1132 1167 1236 1234 dicens
1252 1168 1290 1248 Ι);

252 1277 341 1356 thi
363 1285 463 1342 cotem
484 1279 592 1342 coiomt
609 1279 719 1342 divites
739 1280 825 1360 pieri,
850 1281 991 1345 iocidoot
1011 1285 1044 1346 im
1070 1287 1291 1364 temptationem

278 1399 309 1456 ct
329 1393 530 1472 muscipulam
546 1388 574 1472 ²)
604 1401 634 1454 et
661 1393 815 1456 desiderio
842 1396 937 1458 motta
967 1403 997 1459 et
1018 1399 1180 1476 oocemtic,
1214 1418 1291 1479 quoe

277 1515 418 1588 mcrpomt
435 1507 585 1570 domimcm
607 1508 862 1588 deperditionem
886 1519 916 1574 et
936 1513 969 1574 im
983 1513 1148 1576 interitum.
1185 1513 1292 1578 Rodio

280 1624 360 1686 emim
375 1617 403 1699 ³)
432 1621 563 1683 ommium
590 1621 739 1684 maiorem
770 1629 817 1686 ert
844 1623 1020 1702 copiditas,
1052 1644 1142 1706 quom
1171 1625 1293 1707 quidam
1399 1655 1403 1672 ·

278 1839 455 1908 superscripsit
464 1841 514 1892 coi
545 1817 602 1890 Mox
615 1838 655 1890 ed.
669 1836 789 1890 Devenit.
802 1837 879 1890 hebet
896 1851 1098 1910 preprooomtor.
1136 1842 1181 1908 15)
1201 1845 1293 1896 conciri

280 1929 339 1993 (eoi
351 1942 365 1978 e
378 1943 398 1980 r.
410 1943 442 1981 rm
455 1930 500 1981 int.
509 1943 534 1980 v.
545 1926 643 1994 addito)
658 1925 704 1979 tte.
737 1925 793 1977 Mox
804 1943 852 1980 mec
865 1931 898 1981 od
907 1932 1045 1998 pecuniam
1057 1945 1104 1997 pro
1118 1930 1186 2000 vulg.
1199 1946 1248 1983 occ
1260 1932 1294 1982 od

277 2019 416 2085 pecuniam
432 2034 511 2070 soom
527 2017 614 2085 recepi
627 2031 658 2066 ex
669 2013 744 2066 codd.
757 2012 815 2066 Ver.
827 2013 867 2067 W.
880 2014 928 2067 Mo.
942 2015 1022 2083 Neop.
1036 2025 1063 2068 et
1076 2018 1175 2070 duobos
1186 2032 1200 2068 s
1213 2015 1292 2068 Botu-

279 2107 320 2157 zio
338 2105 465 2169 excuso„
483 2121 531 2157 mec
548 2107 678 2174 peeooioe
695 2120 761 2156 rose
773 2101 866 2154 hebent
878 2105 987 2172 qoinqoe
999 2103 1058 2157 libri
1071 2113 1132 2157 vett
1145 2121 1186 2174 op.
1199 2103 1295 2169 Bolus„

278 2210 326 2248 mcc
343 2195 377 2247 ad
391 2195 541 2264 pecuniam
553 2195 599 2246 roi
617 2194 716 2246 domimi
732 2188 782 2242 tto.
815 2188 874 2240 'sum
892 2194 948 2260 ipsi
963 2195 1054 2261 potior
1073 2208 1119 2260 pro
1138 2197 1224 2263 osopio
1243 2191 1295 2243 duo

280 2281 315 2334 itti
332 2297 347 2334 c
365 2281 468 2334 Boionio
486 2281 561 2332 citati.
598 2278 716 2331 Ceterum
735 2281 769 2332 od
786 2279 937 2328 correctorie
955 2281 1039 2330 monui
1057 2280 1135 2332 debet
1152 2279 1191 2332 W.
1229 2279 1295 2332 Dein

281 2367 317 2422 Bo
333 2385 468 2438 perperam
488 2369 574 2420 scribit
592 2371 758 2436 moricipotie.

351 2458 381 2510 X.
412 2458 440 2527 t)
462 2459 518 2510 Hoc
540 2467 643 2526 tempos
666 2460 715 2510 too
741 2459 828 2510 docuit
850 2461 968 2512 dominer
992 2460 1130 2526 apostotos
1155 2459 1245 2510 dicem
1263 2461 1295 2508 Α.

282 2546 344 2598 Voc.
363 2547 500 2616 apostotos
519 2545 543 2594 io
563 2541 600 2596 Bb
621 2551 764 2610 corruptum
782 2545 806 2594 io
825 2549 976 2614 apostolor,
1002 2559 1051 2595 nec
1076 2542 1150 2595 oliter
1173 2560 1186 2596 o
1206 2559 1238 2595 m.
1256 2558 1296 2611 pr.

282 2634 392 2687 habebat
411 2632 460 2684 tto.
496 2630 613 2698 Apostoli
632 2631 711 2684 verbe
728 2640 827 2700 sumpto
845 2640 903 2686 sunt
921 2647 952 2684 ex
972 2632 994 2684 1.
1014 2630 1121 2682 Timoth.
1143 2631 1177 2696 6,
1201 2630 1297 2683 9-10.

282 2721 312 2789 2)
331 2731 356 2774 ct
369 2723 398 2774 im
410 2721 588 2788 muscipulam
607 2722 712 2788 dyaioii
723 2719 755 2783 A,
774 2723 943 2788 miseciprdos
956 2718 1019 2787 (non
1033 2721 1171 2787 praemisso
1184 2720 1221 2788 ct)
1235 2719 1297 2771 edd.

281 2809 372 2862 Venet.
393 2809 416 2860 1.
436 2806 459 2858 2.
473 2805 553 2858 tuno
573 2806 708 2872 Rembolt„
726 2817 750 2862 et
767 2812 935 2878 muscipulos
949 2808 988 2860 W.
1002 2807 1073 2859 Mocd
1094 2806 1298 2874 conspirootihus

281 2896 338 2949 edd
361 2893 406 2948 s1’.
428 2893 548 2946 Devenit.
567 2892 663 2946 Essem.
683 2894 756 2948 Grec.
792 2893 858 2946 Dein
882 2899 965 2950 molto
991 2898 1098 2949 ioutitio
1123 2905 1150 2948 st
1176 2895 1299 2948 moeotida

281 2981 415 3034 ediderunt
431 2978 525 3032 Pomel.
543 2978 637 3048 Rigalt.
657 2978 746 3047 Oxou„
765 2982 876 3050 itemquo
894 2979 980 3034 Batos.
1001 2988 1027 3032 et
1046 2979 1135 3034 Gotdh.
1173 2979 1225 3032 Sed
1248 2983 1297 3034 im-

281 3072 359 3124 mtiiio
377 3082 428 3118 noo
448 3076 588 3135 agnoscunt
605 3068 678 3120 codd.
691 3068 731 3120 W.
747 3067 827 3120 Macd.
846 3067 893 3120 Bb.
911 3068 942 3120 A.
973 3065 1045 3120 Cooi.
1065 3066 1097 3118 do
1116 3076 1180 3122 oret.
1200 3067 1296 3119 domin.

283 3175 307 3227 p.
327 3154 392 3221 210,
412 3156 445 3224 de
463 3171 542 3222 opere
560 3165 587 3208 ot
604 3155 724 3208 eleemos.
743 3173 767 3224 p.
789 3155 840 3206 240
859 3163 885 3207 et
903 3155 934 3206 od
955 3154 1050 3220 Quirin.
1069 3153 1110 3206 111.
1128 3153 1169 3206 61.
1188 3170 1214 3220 p.
1233 3152 1294 3206 323.

282 3243 380 3298 Desunt
396 3243 474 3295 verbo
493 3247 599 3298 inutilia
616 3254 641 3298 et
658 3245 683 3294 in
695 3241 739 3294 Bo.
771 3241 829 3294 Mox
847 3241 888 3292 tto
906 3242 983 3295 habet
1001 3244 1130 3295 homimem
1148 3243 1176 3293 im
1197 3243 1298 3294 doteri-

282 3341 338 3386 trtm
355 3329 526 3397 (intermediis
544 3331 621 3398 om.);
647 3341 671 3384 ct
693 3333 830 3384 interitum
847 3329 959 3382 scribunt
976 3327 1012 3380 Bo
1031 3335 1057 3380 et
1075 3327 1122 3392 Mc,
1140 3326 1230 3395 quibus
1249 3342 1299 3377 ac-

283 3418 377 3470 cedunt
403 3417 460 3470 o'dd.
486 3417 576 3471 Venet.
605 3419 627 3470 1.
656 3418 680 3470 2.
706 3417 826 3470 Devenit.
856 3417 937 3470 Kuoo.
969 3415 1068 3482 Remb„
1091 3414 1188 3468 Erosm.
1224 3412 1300 3488 Gpov.

284 3505 314 3570 3)
333 3509 402 3559 emim
422 3521 460 3573 pr.
480 3506 567 3558 oberat
586 3507 611 3556 io
630 3505 668 3558 W.
704 3504 803 3557 Deinde
822 3507 954 3575 copiditas
972 3513 1013 3557 cot
1029 3503 1122 3572 legitur
1139 3503 1164 3553 in
1181 3501 1205 3552 A
1223 3515 1300 3552 mox·

283 3609 333 3662 que
356 3596 382 3646 in
406 3594 496 3646 eodern
520 3594 585 3646 libro
609 3596 718 3663 quidem.
754 3592 870 3644 Proxime
895 3600 1068 3654 moverunt,
1095 3590 1166 3640 cuius
1188 3587 1247 3639 loco
1272 3588 1300 3638 io

283 3680 341 3732 edd.
359 3680 451 3733 Manui.
471 3680 566 3733 Morcll.
585 3679 680 3733 Pomel.
698 3679 791 3749 Rigalt.
811 3688 837 3732 ot
854 3677 934 3731 Oxou.
954 3686 1035 3730 exstet
1058 3681 1300 3746 mpropoccmrrt,

283 3769 353 3838 qood
371 3767 445 3822 Grec.
464 3771 489 3821 in
507 3785 559 3837 mg.
576 3768 653 3819 hebet
669 3776 696 3819 et
712 3765 831 3820 Boluzios
852 3769 878 3819 io
896 3768 1006 3834 quinque
1025 3763 1082 3816 diss.
1102 3764 1211 3826 invenit,
1236 3761 1263 3812 h.
1282 3759 1300 3812 1.

284 3863 386 3908 tuentur
398 3856 473 3908 codd.
487 3855 566 3908 nostri
579 3868 666 3905 omncs
680 3861 706 3905 et
717 3853 871 3921 undeviginti
883 3851 1021 3914 Boiuzioni
1039 3851 1150 3917 itemque
1164 3847 1222 3900 edd.
1235 3853 1300 3900 vett.

283 3943 419 4011 Reperitur
434 3951 518 3995 tomen
536 3946 765 4011 moosropoceromt
784 3959 800 3994 a
816 3941 907 4004 poetri
927 3937 983 3991 libr.
997 3937 1029 3988 de
1047 3943 1111 3988 oret.
1128 3933 1249 3988 domimi
1263 3949 1300 3998 c.‚

222 4045 227 4050 ·
285 4029 318 4088 de
342 4046 421 4102 opere
445 4038 471 4082 ot
495 4029 616 4084 eleemos.
640 4027 656 4084 l.
682 4043 704 4083 c.
730 4036 757 4084 ct
779 4025 936 4094 rd‘Qoirin.
962 4023 979 4080 l.
999 4039 1021 4080 c.
1062 4021 1151 4078 stetim
1174 4025 1301 4083 inem
