2834 4686
637 383 702 448 279

158 559 297 623 umquem
329 543 365 604 ab
398 540 501 604 eadem
525 541 695 624 inpatientia
719 540 847 620 destitit,
881 543 1038 621 quominus
1059 557 1180 624 semper

158 655 317 720 docilitatis
340 659 370 716 et
390 653 512 718 divitae
534 653 744 720 admonitionis
764 653 911 736 inpatiens
928 654 1089 738 prophotas
1106 671 1177 718 suos

157 775 189 830 ot
210 770 307 832 iustos
330 784 467 848 quosque
489 768 665 850 perimendo
689 767 726 828 ad
750 785 869 832 orooem
893 784 1015 848 quoque
1044 773 1074 828 et
1102 783 1175 830 seu·

156 882 279 965 guinem
303 879 414 944 domini
437 881 597 962 prosiliret.
642 880 817 962 lopatieotie
840 880 926 944 etiam
944 874 970 952 9)
995 880 1024 940 in
1048 880 1175 944 ecelesia

156 992 325 1054 merettoos
360 989 432 1054 laeit
465 997 496 1052 et
529 990 568 1054 ad
601 989 778 1056 ludaeorum
815 990 1034 1057 similitudinem
1073 999 1175 1055 eontra

154 1104 264 1167 Gbnisli
286 1121 390 1184 pueem
414 1110 443 1166 et
466 1104 617 1169 ouuitutom
641 1103 772 1170 rebelles
795 1103 833 1165 ad
857 1103 975 1180 hostilia
1005 1110 1035 1166 et
1063 1102 1174 1166 furiosa

155 1213 225 1279 odia
249 1213 408 1294 conumollit.
455 1212 490 1278 Et
513 1231 551 1276 ne
574 1213 696 1296 longum
718 1209 753 1291 10)
784 1215 823 1278 sit
853 1215 970 1295 singulo
1002 1234 1174 1293 recensere,

156 1327 254 1390 samio
278 1328 415 1408 omnino,
446 1345 524 1409 quae
545 1327 686 1409 patientia
710 1328 863 1410 operibus⁴
881 1328 943 1390 suis
972 1327 1108 1394 aedificat
1138 1329 1174 1392 ad

155 1439 293 1521 gloriam,
316 1440 488 1521 inpatientia
511 1439 637 1514 destruit
658 1439 695 1505 od
721 1439 844 1505 ruinam.

519 1707 521 1712 ,
630 1637 694 1708 Xll.

240 1781 350 1858 Ounno,
374 1778 483 1844 inatres
506 1780 699 1856 dilectissimi,
722 1786 753 1842 et
775 1779 863 1844 bonis
886 1780 1046 1861 patientiae
1069 1787 1099 1844 et
1121 1782 1171 1844 in-

151 1895 311 1977 patientiae
336 1893 419 1980 malit
441 1893 600 1978 diligenter
624 1894 767 1975 expensis
790 1894 980 1975 patientiam,
1007 1911 1062 1974 per
1076 1911 1170 1975 uuam

151 2011 181 2072 in
206 2007 323 2070 Christo
348 2023 501 2070 monemus
519 2004 563 2080 ¹),
594 2011 625 2068 ut
648 2007 753 2068 venire
778 2022 844 2067 eum
868 2004 986 2069 Christo
1016 2007 1051 2068 ad
1083 2007 1170 2070 deum

151 2123 317 2205 possimus,
341 2121 430 2202 plena
455 2121 669 2184 observatione
693 2127 862 2194 teneamus;
893 2137 970 2200 quae
993 2120 1116 2202 copioso
1140 2124 1169 2181 et

152 2231 304 2315 multiplex
328 2249 388 2294 non
412 2237 540 2312 angusto
564 2230 622 2294 line
645 2229 842 2305 eoooluditut,
867 2247 923 2290 neo
942 2229 1082 2292 brevibus
1103 2237 1168 2292 ter·

154 2385 360 2397 ....----ο·-

150 2468 228 2518 babet
246 2465 294 2516 blo.
332 2463 392 2515 Post
408 2457 556 2534 pipanentum
574 2467 598 2516 in
620 2463 660 2516 blb
685 2448 792 2515 additui
810 2465 849 2518 eie
872 2466 947 2518 eoeiit.
983 2461 1099 2514 Proxime
1119 2463 1166 2513 du-

149 2558 223 2610 siatit
242 2553 289 2604 lle.
328 2551 427 2603 Deinde
445 2555 642 2606 ammonitionis
657 2552 686 2602 W
706 2561 732 2604 et
749 2551 797 2616 lla,
816 2561 840 2604 et
857 2555 1000 2620 propbetas
1019 2550 1051 2612 tt,
1070 2562 1168 2616 quoque

150 2656 196 2707 pro
216 2657 332 2708 quosque
351 2639 415 2691 blab.
435 2637 470 2690 Bu
489 2648 516 2692 ot
534 2639 573 2705 A,
596 2633 750 2710 peremmtdo
770 2640 808 2691 W.
829 2639 885 2690 blab
904 2647 931 2690 ut
949 2635 999 2700 ua,
1024 2641 1099 2690 etium
1120 2649 1166 2703 pro

149 2742 250 2794 quoque
274 2725 320 2774 ut.
357 2725 418 2777 Tum
444 2739 468 2780 et
493 2731 650 2795 sanquinem
675 2726 858 2794 aptiusoodd.
885 2741 989 2789 omnes,
1017 2723 1167 2794 quibuscum

149 2811 248 2862 iuoiunt
266 2812 342 2860 etiam
362 2819 465 2860 veteres
483 2811 558 2873 edd,
577 2810 673 2863 Eunoen.
695 2812 770 2862 Grau.
789 2820 942 2880 oetoruequo
961 2819 1062 2877 proetus
1082 2807 1165 2862 belot.

149 2903 175 2946 et
188 2893 287 2958 (toton,
307 2895 332 2944 in
351 2893 443 2960 quibus
461 2893 555 2960 legitur
573 2904 596 2947 et
614 2897 648 2968 od
666 2898 831 2964 sanpuinoam
868 2897 896 2957 9)
915 2901 1030 2950 etiamst
1047 2895 1167 2948 exhibent

150 2981 205 3032 blod
227 2980 406 3047 editionesquo
429 2978 520 3031 blunut.
541 2978 634 3030 Pamsl.
655 2987 681 3030 ot
699 2979 797 3044 Onon,
824 2984 893 3034 entim
912 2991 936 3034 et
958 2981 1046 3033 scribit
1064 2980 1116 3044 Bb,
1143 2992 1165 3034 et

147 3077 206 3136 post
224 3071 289 3135 [neit
307 3082 357 3119 om.
376 3065 411 3118 Be
458 3065 673 3133 Praepositionem
692 3070 726 3120 od
743 3069 769 3118 in
781 3066 814 3117 W
833 3081 897 3118 eone.
916 3083 948 3118 m.
967 3081 1040 3131 supra
1060 3065 1164 3116 addidit.

149 3155 205 3206 blox
225 3165 249 3208 et
267 3158 405 3208 damiatem
423 3167 473 3202 om.
493 3152 559 3204 idem
574 3151 649 3216 liber,
669 3157 791 3210 caritatis
805 3153 882 3204 babet
894 3153 943 3217 lle,
963 3155 1108 3206 claritatem
1121 3150 1163 3200 Ba.

148 3244 215 3295 Ante
239 3244 347 3312 fumosa
372 3239 532 3292 desideratur
557 3248 581 3293 et
604 3241 629 3290 in
649 3239 679 3290 W
703 3248 730 3296 ot
751 3239 797 3292 tta.
836 3238 898 3292 Dein
923 3241 1048 3309 conpellit
1073 3236 1113 3288 lllb
1138 3245 1164 3288 ot

148 3345 186 3398 pn.
207 3328 255 3379 blo.
295 3328 338 3392 10)
358 3331 437 3396 lotape
455 3326 493 3390 t;
513 3330 550 3380 ait
567 3326 600 3378 al.
620 3343 652 3378 nu.
671 3328 850 3396 auperacripsit
868 3328 893 3378 in
914 3327 952 3376 W.
990 3325 1038 3378 Pro
1056 3328 1164 3396 simpulo
1202 3365 1204 3372 .

147 3425 228 3468 exstst
246 3417 404 3485 abepillotian
422 3415 447 3465 in
466 3413 508 3466 ed.
528 3414 618 3482 prima,
637 3416 784 3484 aiapilatien
803 3415 828 3464 in
843 3412 932 3466 leuet.
949 3412 1012 3466 Dov.
1032 3411 1162 3474 etlinun,

146 3505 303 3570 einpulaian
321 3503 345 3552 in
365 3499 453 3554 Remb.
475 3509 500 3553 ot
519 3499 615 3554 Erusm.
857 3552 862 3558 ,

215 3589 268 3642 xit.
308 3590 507 3656 timuissemus
527 3587 567 3640 dib
588 3589 663 3642 etl.
700 3587 788 3640 Statim
806 3598 830 3641 ut
847 3602 893 3654 pro
911 3597 939 3641 nt
959 3584 997 3636 W.
1019 3585 1080 3636 liae.
1101 3581 1162 3636 ltab.

147 3677 168 3728 A
193 3685 219 3729 et
242 3692 258 3728 e
278 3690 344 3728 corr.
365 3675 414 3727 bib.
448 3659 602 3749 'Conspirant
628 3675 686 3728 edd.
713 3683 793 3739 vett,
820 3684 843 3729 et
866 3685 896 3728 ut
918 3673 994 3728 hebet
1013 3671 1061 3722 tto.
1100 3669 1162 3722 Tum

145 3779 293 3834 muamus
314 3763 353 3814 W.
374 3763 436 3816 Meo.
456 3762 502 3816 Bb.
523 3763 546 3814 A
570 3773 597 3816 et
617 3764 676 3816 odd.
696 3772 757 3816 vett.
777 3780 799 3814 o.
819 3763 898 3826 tlon,
927 3771 954 3816 ut
973 3787 1004 3800 -
1022 3761 1162 3829 possimus

146 3851 242 3918 primus
268 3850 340 3903 dudit
365 3847 492 3904 Erasmus.
523 3848 613 3910 ¹l’aulo
639 3859 695 3918 post
720 3853 762 3905 vel
786 3851 907 3906 brevibus
931 3848 1051 3902 testationis
1074 3843 1161 3914 scribit
