2868 4700
800 399 845 466 28
1009 418 1017 449 s

314 557 420 626 orandi
440 559 541 647 legem
563 557 664 643 deret,
692 556 803 626 addidit
824 557 992 640 dicens¹²)=
1025 559 1067 626 Et
1087 557 1209 641 damst)
1232 567 1329 627 stete-

314 675 386 738 ritis
411 675 454 738 ad
480 677 665 755 orationem,
700 677 843 740 remittite
870 678 898 740 ri
928 677 1003 759 quid
1031 677 1149 741 bebetis
1179 678 1332 742 adeersus

315 791 462 872 attpmm,
486 798 521 854 ul
542 799 572 854 et
588 799 679 872 poter
700 799 817 870 cestu,
848 793 901 872 qui
922 792 955 854 in
985 793 1081 856 coelis
1103 800 1164 871 est,
1197 792 1333 854 remdtct
1420 821 1421 840 i

313 903 403 968 vodis
413 912 551 984 peecata.
589 903 625 967 Et
640 904 676 966 ad
697 905 873 968 sacrificium
895 923 960 968 eum
988 904 1176 970 dissensione
1198 905 1331 968 venien-

289 1022 374 1080 stem
396 1025 521 1081 revocat
542 1018 579 1081 ab
602 1017 685 1082 altari
702 1016 743 1098 ¹⁴)
765 1024 795 1081 et
817 1019 899 1082 iubet
928 1020 1010 1100 prius
1039 1017 1226 1082 concordare
1260 1037 1329 1103 eum
1422 1075 1423 1082 ,

316 1130 424 1209 fratre,
455 1137 525 1193 tunc
554 1147 719 1212 cumpace
749 1129 924 1194 redeuntem
947 1127 1054 1208 deo¹⁵)
1077 1148 1182 1194 munus
1206 1130 1331 1210 offerre,

317 1243 385 1323 quis
413 1259 471 1304 nec
500 1239 536 1304 cd
568 1241 640 1304 Cain
667 1259 791 1305 munera
824 1241 958 1324 respexit
989 1241 1070 1306 deus.
1115 1244 1221 1328 Neque
1253 1245 1332 1307 enim

316 1355 428 1418 habere
450 1362 585 1437 pacatum
596 1353 633 1435 ¹⁶)
658 1356 745 1419 deum
768 1361 885 1438 poterat
900 1356 949 1437 qui
965 1375 1031 1418 cum
1047 1356 1138 1422 irotre
1152 1377 1255 1440 pacem
1275 1377 1333 1440 per

317 1470 375 1534 aeli
399 1468 575 1533 discordiam
598 1466 709 1548 non¹⁷)
732 1471 866 1535 habebat.
911 1471 1006 1545 Quam
1033 1465 1139 1551 sibi¹⁸)
1161 1475 1253 1558 igitur
1272 1491 1333 1556 pe-

320 1625 523 1640 *nunu—nm*—

390 1713 436 1782 12)
460 1713 536 1766 blare.
564 1713 611 1780 11,
636 1714 677 1766 25.
720 1713 765 1778 13)
791 1719 843 1784 qao
862 1716 913 1767 i.e
938 1717 1060 1785 quoniam
1085 1714 1148 1782 (vid.
1172 1715 1205 1768 ad
1229 1713 1292 1784 Cap.
1311 1713 1332 1768 l.

215 1843 217 1848 .
317 1819 342 1854 n.
363 1801 418 1870 11.)
436 1800 467 1854 A.
497 1801 524 1854 ln
541 1817 612 1871 seqq.
624 1800 671 1855 Bu.
691 1802 777 1854 scribit
795 1806 944 1858 adeersum.
975 1801 1042 1854 Dein
1059 1811 1088 1857 aet
1105 1812 1179 1873 pater
1196 1812 1289 1856 noster
1300 1801 1332 1856 A.
1422 1875 1423 1878 Ἴ

317 1889 377 1968 blox
401 1892 512 1944 remittet
529 1889 562 1940 W
580 1898 606 1943 et
623 1907 662 1958 pr.
681 1889 728 1942 llo.
766 1889 827 1943 'lum
850 1900 958 1961 peecata
979 1893 1056 1946 velie
1076 1890 1118 1942 W.
1137 1890 1193 1942 llac
1219 1899 1245 1942 et
1269 1889 1334 1957 Bnb,
1422 1939 1423 1942 ,

317 1981 432 2048 peccatis
451 1975 514 2047 (sic)
532 1981 609 2031 codis
627 1978 657 2030 A.
704 1977 749 2046 14)
769 1981 799 2033 ad
827 1981 923 2031 altario
945 1977 989 2029 Ba.
1025 1977 1085 2030 Post
1108 1979 1179 2032 iaciat
1201 1976 1242 2029 llb
1267 1979 1334 2031 male
1422 1985 1423 2056 g

317 2063 395 2117 infert
412 2068 489 2118 burte.
520 2063 578 2116 llos
596 2068 756 2118 concordari
773 2064 888 2116 scribunt
905 2063 977 2117 llacd
997 2071 1023 2114 et
1035 2063 1096 2115 Bnb.
1129 2060 1261 2132 Conspirat
1275 2081 1334 2117 eum

317 2153 356 2206 his
375 2151 506 2218 exemplar
523 2149 645 2205 Devenit.
674 2151 743 2204 idem
761 2152 825 2204 liber
842 2151 949 2219 posthae
968 2150 1072 2203 exhibet
1089 2164 1113 2207 et
1132 2161 1201 2208 tunc.
1239 2152 1283 2217 15)
1296 2153 1335 2204 lta

318 2240 400 2292 blebc.
418 2238 500 2290 BmA
518 2248 545 2291 et
563 2239 595 2290 ab
615 2239 645 2292 el.
665 2256 697 2292 m.
710 2239 750 2291 W.
766 2240 839 2308 Vulg.
860 2242 972 2293 dominc.
1004 2238 1065 2290 'lum
1084 2243 1156 2310 Capra
1168 2240 1199 2292 A.
1236 2240 1281 2306 16)
1295 2240 1336 2292 lta

319 2327 361 2380 W.
379 2325 477 2379 llabcd.
496 2326 558 2380 Bab,
578 2326 609 2379 A.
637 2335 663 2378 et
690 2327 747 2378 edd.
774 2326 914 2378 llenutiana
941 2327 1094 2394 antiquiores
1118 2343 1141 2379 c.
1165 2327 1263 2380 lllorell.
1287 2343 1335 2396 pro
1419 2360 1421 2377 .

318 2425 440 2485 pacatum
464 2419 565 2469 bolesa.
603 2415 679 2480 „l'res
704 2414 762 2467 libri
789 2421 891 2466 veteres
914 2411 1008 2465 habent
1031 2419 1173 2484 placatum.
1209 2413 1262 2467 Alii
1282 2423 1337 2467 tres

320 2511 347 2556 et
364 2505 517 2556 vetustiores
536 2502 662 2556 editiones
680 2502 775 2554 addunt
793 2505 840 2555 eal
853 2519 947 2571 pacem
966 2506 1037 2572 apud
1054 2506 1138 2556 deum.
1169 2501 1220 2554 Sed
1235 2519 1266 2554 ea
1284 2503 1335 2554 de-

320 2598 379 2642 sunt
396 2592 421 2642 in
439 2589 494 2642 aliis
510 2590 664 2642 editionibus
678 2591 740 2642 etin
755 2589 898 2659 quindecim
911 2591 1019 2659 antiquis
1030 2590 1224 2657 exemplaribus.
1254 2591 1337 2644 Recte

321 2685 406 2729 autem
424 2677 549 2730 Pamelius
568 2680 693 2730 existimat
710 2678 842 2744 irrepsisse
861 2678 886 2729 in
904 2686 999 2730 textum
1017 2695 1049 2731 ex
1067 2680 1187 2746 margine.
1217 2677 1274 2748 Ego
1293 2679 1336 2730 la-

320 2764 390 2816 cilius
409 2766 560 2818 crediderim
574 2765 664 2817 addita
682 2763 759 2816 fuisse
778 2781 853 2832 supra
876 2765 968 2818 lineam
986 2767 1011 2818 in
1028 2765 1159 2818 codicibus
1172 2768 1291 2836 antiquis,
1310 2775 1337 2818 ut

319 2866 399 2920 saepe
426 2853 521 2904 lactum
550 2852 628 2904 luisse
657 2851 798 2903 monuimus
825 2868 910 2920 supra.
954 2851 1041 2905 Codes
1064 2851 1215 2906 Turonensis
1242 2854 1335 2906 babet:

318 2941 405 3009 Neque
428 2944 497 2994 enim
521 2943 614 2994 debera
637 2955 727 3008 pacem
751 2941 823 3008 apud
847 2942 923 2993 Mum
945 2948 1054 3008 poterat.
1088 2937 1226 2991 Forensis:
1250 2944 1338 3012 Neque

318 3031 387 3082 enim
404 3045 495 3098 pacem
513 3030 611 3081 demissi
627 3029 721 3080 latere
736 3036 846 3095 poterat.
888 3026 916 3079 ln
935 3025 1044 3094 epistola
1062 3025 1173 3077 secunde
1191 3025 1289 3098 Pelagii
1307 3028 1337 3081 ll.
1422 3049 1423 3072 i

318 3113 351 3167 ud
369 3116 505 3183 episcopos
523 3113 610 3166 Istriae
629 3113 735 3182 legitur:
754 3115 843 3184 Neque
862 3118 931 3168 enim
949 3119 1043 3168 balare
1060 3124 1184 3182 pacatum
1202 3120 1338 3170 dominum

317 3212 426 3273 poteret.
462 3201 544 3252 Aliter
566 3201 633 3252 bunc
652 3199 772 3268 Cypriani
797 3201 881 3254 locum
905 3203 1029 3270 expressit
1046 3200 1190 3253 ludovicus
1208 3201 1338 3254 Romanus

318 3291 344 3342 iu
369 3304 503 3353 sermone,
530 3305 604 3356 quem
630 3288 716 3340 babuit
734 3291 758 3340 in
778 3289 886 3343 concilio
904 3289 1054 3342 Basileensi.
1090 3287 1132 3340 sic
1150 3291 1217 3341 euim
1235 3293 1336 3358 posuit:
1422 3277 1423 3296 ¹

319 3383 406 3448 Neque
419 3380 494 3430 enim
512 3379 588 3429 deum
605 3380 699 3432 babere
716 3388 837 3445 pacatum
853 3383 964 3448 poterit,
979 3373 1035 3446 xqui
1058 3393 1117 3429 cum
1141 3380 1228 3445 [retra
1244 3397 1338 3448 pacem
1416 3422 1419 3433 .

318 3483 372 3520 non
390 3467 472 3532 tate,
492 3466 540 3518 aed
556 3467 611 3518 aeli
628 3467 816 3519 discordiam.“
853 3469 996 3521 Betucius.
1026 3462 1075 3515 Pro
1094 3467 1169 3517 Mum
1187 3466 1211 3516 in
1231 3465 1291 3518 Ver.
1311 3473 1337 3518 et

319 3552 358 3606 Bb
381 3553 476 3619 legitur
499 3555 640 3606 dominum.
682 3552 727 3618 17)
745 3571 812 3618 eon,
839 3553 905 3622 quod
929 3567 980 3603 om.
999 3548 1037 3614 A,
1061 3548 1101 3600 blo
1124 3565 1176 3602 rr.
1195 3567 1227 3603 m.
1247 3551 1333 3604 habet.
1415 3546 1418 3563 ¹

320 3638 387 3692 Dein
399 3641 491 3692 babeat
503 3637 590 3690 scribit
601 3639 630 3690 B.
662 3626 779 3707 illiciti
790 3640 862 3692 deest
875 3640 900 3690 in
911 3637 940 3689 A.
967 3636 1029 3688 ltem
1043 3651 1188 3706 moxqseae.
1220 3637 1248 3688 ln
1261 3655 1338 3708 seqq.

321 3743 355 3780 cn
380 3732 439 3776 anta
462 3741 553 3779 seeum
579 3725 631 3794 (lid
655 3727 812 3789 seeundum)
836 3722 1017 3792 praeeuntibus
1038 3722 1096 3775 Ver.
1115 3722 1155 3774 W.
1181 3721 1247 3777 blab.
1275 3724 1337 3778 llab.

1411 3590 1418 3803 1

320 3813 402 3879 Neap.
420 3820 447 3864 et
470 3812 493 3864 A
519 3815 590 3866 omisi
614 3814 738 3883 probante
762 3812 872 3880 Rigaltio
898 3810 915 3861 l.
935 3825 957 3861 c.
985 3808 1025 3860 lle
1052 3824 1065 3860 a
1090 3825 1110 3860 r.
1130 3825 1162 3860 m.
1181 3811 1249 3862 inter
1271 3821 1337 3865 vers,
1414 3816 1416 3827 '

320 3900 406 3954 babet.
441 3899 556 3954 meime
579 3908 690 3972 fuerunt
707 3899 738 3954 A.
775 3898 836 3953 Tum
859 3901 899 3952 bii
922 3899 967 3971 qui
991 3893 1042 3963 ea,
1067 3899 1095 3951 Aa*
1119 3899 1164 3968 qm·
1187 3895 1235 3950 ido.
1271 3896 1337 3950 Dein

321 3991 462 4049 occludam
480 3991 583 4046 Christi
600 3988 630 4043 A.
