2880 4696
771 403 815 470 Μ
934 401 936 412 .

286 566 353 626 lere
373 561 448 626 iram
470 561 519 626 dei
540 561 656 640 nltilur;
687 561 716 625 ei
738 562 876 642 minaris,
908 563 958 644 qui
979 581 1035 645 pro
1057 568 1088 626 te
1111 561 1222 628 domini
1244 563 1304 627 ml·

287 675 480 742 sericordiam
503 677 690 761 deprecatur,
714 678 764 759 qui
786 677 894 740 vulnus
918 684 998 742 tuum
1021 680 1118 759 sentit,
1143 677 1222 761 quod
1239 680 1304 762 ipse

286 809 349 856 non
371 793 475 872 sentis,
499 794 550 876 qui
571 811 627 877 pro
649 799 683 856 le
701 792 837 857 lacrimas
860 792 972 874 fundit,
995 813 1068 877 quas
1092 795 1216 860 forsitan
1239 794 1305 876 ipra

287 925 348 972 non
378 905 487 971 lundis.
550 905 668 970 Oneras
691 899 716 982 τ)
751 904 846 968 adhuc
883 907 995 971 crimen
1033 914 1062 972 et
1100 907 1231 971 cumules
1266 912 1306 987 et,

262 1032 357 1085 ocum
386 1024 428 1086 eis
458 1021 524 1105 ipse
553 1019 736 1103 inplacabilis
766 1019 803 1084 ad
831 1022 976 1086 antistites
999 1030 1030 1086 et
1053 1022 1225 1086 sacerdotes
1248 1021 1307 1101 dei,

289 1142 374 1218 pules
397 1135 477 1199 circa
499 1141 529 1199 te
551 1134 701 1198 dominum
723 1151 816 1216 posse
838 1135 977 1218 placari?
1021 1136 1134 1220 Accipe
1155 1136 1254 1218 potius
1278 1141 1309 1198 el
1427 1177 1428 1222 3

289 1247 409 1312 admitte
438 1265 516 1330 quae
545 1247 693 1328 loquimur
708 1240 746 1323 ⁸).
800 1247 878 1322 Quid
908 1246 1017 1311 surdae
1047 1266 1135 1312 aures
1166 1249 1308 1312 salutaria

288 1369 449 1445 praecepta
478 1379 539 1426 non
569 1359 710 1439 audiunt,
741 1377 820 1440 quae
850 1377 1006 1425 monemus
1019 1354 1072 1438 ⁹)l
1113 1361 1193 1436 Quid
1224 1363 1308 1425 caeci

290 1478 371 1544 oculi
392 1476 592 1562 paenitentiae
612 1469 653 1554 ¹⁰)
683 1476 741 1538 iter
763 1492 824 1540 non
846 1475 962 1556 vident,
992 1473 1074 1558 quod
1096 1475 1307 1540 ostendimus?

752 1669 846 1738 xlx.

252 1840 278 1885 m
378 1815 455 1894 Quid
493 1814 649 1898 praeclusa
670 1812 696 1892 ¹)
733 1820 763 1878 et
792 1813 932 1890 alielnata
964 1831 1049 1880 mens
1086 1814 1219 1880 remedia
1256 1816 1309 1880 vi·
1322 1838 1361 1886 rsa

291 1933 359 2018 talia
386 1951 447 1997 non
477 1931 616 2015 percipit,
649 1947 727 2011 quae
757 1929 794 1992 de
825 1930 979 2012 scripturis
1002 1931 1182 1995 caelestibus
1206 1937 1236 1994 et
1258 1929 1309 1994 di-

291 2047 400 2111 scimus
432 2051 462 2108 et
499 2045 664 2109 docemus?
725 2043 783 2109 Aut
821 2046 847 2109 si
886 2045 1046 2110 incredulis
1066 2043 1093 2123 ²)
1133 2045 1310 2128 quibusdam
1427 2125 1428 2128 Ἴ

290 2163 388 2226 minor
413 2160 488 2225 fides
520 2167 567 2225 est
598 2153 789 2240 futurorum,'
812 2160 861 2223 vel
891 2161 1099 2244 praesentibus
1130 2166 1309 2225 terreantur.
1427 2175 1428 2234 ξ

290 2276 370 2341 Ecce
393 2294 512 2356 eorum,
535 2275 585 2357 qui
607 2280 810 2358 negaverunt,
832 2292 908 2357 quae
931 2275 1074 2358 supplicia
1096 2277 1308 2359 conspicimus,
1427 2283 1428 2354 t

459 2467 500 2476 -ι

361 2574 391 2644 7)
410 2554 514 2629 Onera⁸
534 2587 566 2624 ex
592 2585 657 2622 corr.
680 2586 700 2622 r.
719 2585 752 2622 m.
771 2567 818 2621 lle.
860 2569 918 2623 llox
942 2587 1003 2626 cnm
1029 2575 1090 2627 vica
1114 2589 1161 2642 pro
1190 2577 1313 2631 comulas

289 2664 335 2716 Ba.
370 2662 432 2715 Turn
448 2663 588 2732 placabilia
606 2657 637 2712 Α.
673 2655 793 2726 Praepos.
813 2661 846 2712 ad
869 2675 942 2712 erasa
965 2660 991 2711 in
1009 2656 1061 2712 llb.
1098 2659 1168 2712 ldem
1188 2660 1313 2730 deinceps

288 2753 384 2808 acrilit
407 2751 551 2804 calmillas.
586 2746 663 2799 Voce.
682 2756 707 2800 et
729 2747 883 2802 sacerdotes
908 2764 956 2800 om.
978 2746 1038 2801 eddt
1056 2756 1119 2800 velt.
1141 2765 1163 2800 c.
1182 2747 1314 2801 Rembolt.

289 2838 351 2891 Post
369 2840 521 2893 recudent
539 2839 581 2891 dei
596 2833 633 2887 aa
650 2835 875 2904 perperamaddit
893 2839 1044 2900 irasceris,
1070 2842 1097 2887 ut
1114 2834 1208 2904 legitur
1226 2839 1252 2888 in
1272 2837 1314 2889 ed.

291 2922 385 2990 Orou.;
410 2924 471 2976 dein
494 2923 572 2976 haber
598 2923 739 2988 deontlita
759 2921 1045 2991 attumuletur.)
1065 2926 1188 2977 eircatc.
1226 2923 1317 2976 Statim

292 3015 343 3068 cito
360 3029 441 3081 porse
457 3014 562 3082 placari
572 3010 634 3064 Ver.
663 3013 772 3066 Placere·
790 3026 804 3062 a
823 3027 855 3062 m.
874 3026 922 3078 pn,
940 3026 956 3062 a
974 3026 995 3062 r.
1012 3012 1124 3080 placore
1139 3009 1191 3063 tlt.
1228 3011 1258 3078 8)
1272 3014 1316 3065 lo-

292 3109 389 3155 cuntur
409 3099 466 3165 tle,
490 3102 634 3172 loquuntur
659 3099 690 3152 Α.
736 3098 764 3166 9)
791 3097 927 3168 Sequentia
952 3097 1044 3151 desunt
1062 3099 1089 3152 in
1106 3098 1137 3152 Α.
1184 3097 1229 3166 10)
1247 3117 1316 3170 pae-

296 3191 434 3243 nitentiam
450 3188 495 3240 Be.

364 3275 427 3331 xlx.
455 3276 483 3347 1)
500 3275 538 3329 lta
556 3275 631 3328 codd.
644 3273 788 3342 cambron,
802 3291 848 3328 rex
859 3274 934 3344 Angl.
954 3283 980 3327 et
994 3274 1025 3342 Α,
1043 3275 1104 3328 ilem
1121 3277 1147 3328 in
1165 3292 1215 3356 pag.
1230 3275 1316 3342 liram,

292 3383 424 3439 percurro
442 3365 499 3434 (ccl
515 3369 614 3436 ‘fictura
631 3365 663 3418 ab
681 3382 702 3419 r.
721 3381 846 3434 m.,supra
866 3364 971 3434 ediec.)
990 3364 1041 3430 lid,
1061 3381 1193 3434 pereussa
1206 3361 1319 3426 Manut.;

293 3453 362 3524 vulg.
379 3457 520 3524 perculsa,
547 3455 620 3506 cuius
643 3451 702 3504 loco
727 3451 888 3504 scribendum
917 3467 974 3504 esse
991 3453 1136 3522 praeclarae
1153 3451 1321 3502 munditiam

296 3540 432 3596 Gronov.
459 3541 516 3595 libr.
547 3558 569 3596 c.
596 3557 621 3610 p.
648 3539 707 3591 264.
760 3538 880 3592 Similiter
912 3538 1053 3606 Cyprianus
1082 3554 1157 3605 supra
1187 3534 1249 3606 Gap.
1280 3535 1321 3594 nl

295 3646 321 3698 p.
340 3630 383 3696 72,
406 3630 444 3684 12.
464 3630 525 3682 dixit
543 3631 634 3682 areima
651 3631 803 3698 praeclusa.
848 3626 928 3680 Paulo
954 3636 1014 3696 post
1040 3626 1082 3679 lllr
1108 3625 1186 3678 habet
1214 3627 1322 3694 recipit·

277 3787 361 3841 cern
378 3736 502 3855 sezenca,
524 3787 551 3852 (a
569 3801 584 3837 a
601 3800 621 3838 r.
640 3802 673 3838 m.
692 3787 831 3854 superscr.)
849 3783 891 3850 W,
910 3786 1033 3838 diximus
1051 3781 1098 3834 Mc.
1135 3781 1164 3846 2)
1184 3791 1209 3837 et
1227 3785 1255 3836 ai
1275 3786 1323 3836 in-

295 3875 432 3930 credibilia
456 3885 480 3929 et
504 3875 659 3929 incredulus
678 3874 717 3940 Α,
746 3890 799 3928 non
823 3875 941 3928 credulio
959 3869 1007 3924 Bb.
1043 3868 1104 3922 Tum
1122 3869 1145 3922 Α
1164 3879 1188 3925 et
1206 3885 1254 3939 pro
1273 3879 1325 3936 eal,
1427 3931 1428 3944 χ

296 3963 365 4032 quod
383 3965 410 4015 in
426 3960 460 4013 W
478 3955 501 4014 ¹r.
520 3977 553 4016 ur.
572 3963 758 4032 superacrIpsit.
793 4013 795 4020 a
