2882 4692
257 487 295 552 ad
317 485 442 552 infames
465 503 566 550 carum
588 502 624 548 ac
645 483 835 550 detestabiles
863 483 978 555 icbtdas
1004 485 1191 570 ingemescit,
1221 485 1264 550 sic

257 601 313 664 ilos
341 601 490 684 virginum
521 600 735 682 exstinguitur,
765 601 862 666 bonor
891 602 1090 665 continentiae
1112 618 1147 664 ac
1168 599 1264 683 pudor

257 713 399 794 caeditur,
421 713 518 797 gloria
541 713 636 775 omnis
659 731 694 776 ac
716 711 845 795 dignitas
867 712 1048 795 profanatur.
1086 712 1134 778 Sic
1157 729 1190 775 sc
1205 731 1265 776 ex-

256 836 405 913 pugnator
422 827 462 907 ¹¹)
491 828 625 891 inimicus
655 845 711 910 per
739 835 819 909 artes
842 847 911 892 suns
934 830 1055 906 inserit;
1087 829 1130 892 sic
1152 826 1265 892 insidiis

230 962 312 1026 sper
334 944 449 1006 occulta
472 942 641 1006 fallentibus
665 942 798 1006 diabulus
822 945 947 1025 obrepit.
993 943 1051 1024 Sic,
1075 943 1143 1008 dnm
1167 942 1267 1006 ornari

257 1056 373 1136 cultius,
397 1056 465 1120 dum
487 1055 609 1120 liberius
623 1051 664 1133 ¹²)
689 1059 812 1141 evagari
834 1059 967 1142 virgines
983 1059 1096 1138 volunt,
1118 1076 1187 1122 esse
1202 1058 1267 1120 vir-

255 1172 343 1254 gines
367 1171 520 1250 desinunt,
543 1169 654 1234 furtivo
679 1171 829 1237 dedecore
854 1181 1027 1257 corruptae,
1050 1173 1157 1238 uiduae
1179 1182 1268 1239 aute-

255 1304 343 1367 quam
370 1291 499 1366 nuptae,
530 1304 591 1350 non
623 1288 734 1367 mariti,
765 1287 819 1350 sad
843 1287 950 1352 Christi
981 1290 1151 1369 adulterae,
1182 1307 1268 1370 quam

255 1399 372 1464 fuerant
393 1401 533 1481 praemiis
556 1401 727 1485 ingentibus
742 1403 875 1485 virgines
895 1402 1066 1480 destinatae,
1088 1409 1147 1464 tam
1161 1421 1269 1484 magna

216 1529 243 1572 so
256 1514 399 1595 supplicia
419 1533 475 1597 pro
498 1509 606 1580 amissa
628 1516 796 1598 virginitate
817 1533 970 1578 sensurae.

713 1705 805 1798 nvn.

340 1856 449 1948 Audite
469 1853 491 1931 ¹)
527 1851 644 1934 itaque,
688 1853 838 1936 uirgines,
853 1921 859 1931 ,
876 1857 908 1915 ut
944 1859 1098 1935 parentem
1105 1875 1115 1931 ;
1158 1853 1267 1935 audite,

253 1988 366 2051 quaeso
389 1985 460 2047 vos,
482 1965 633 2028 timentem
655 1967 767 2047 pariter
790 1984 824 2028 ac
847 1972 1034 2046 monentem,
1063 1969 1162 2033 audite
1185 1970 1267 2034 utili-

256 2112 461 2122 Μ--α--υ-

252 2203 323 2256 seqq.
345 2189 378 2240 cd
396 2189 560 2240 detestabiles
571 2186 621 2239 ttd.
652 2181 714 2239 Tum
733 2189 886 2258 inpemcscit
898 2186 937 2238 W.
950 2185 1000 2240 llb.
1014 2186 1043 2240 Β.
1056 2186 1097 2241 Fr.
1110 2187 1190 2242 Emm.
1207 2189 1229 2241 l.
1244 2197 1270 2241 et

252 2291 290 2342 pr.
302 2272 350 2324 lla.
381 2270 454 2340 Vulg.
467 2276 622 2343 inpomiscit.
654 2273 727 2326 Comi.
741 2274 774 2325 ad
786 2273 876 2326 librum
889 2274 921 2326 de
941 2275 1005 2327 catb.
1019 2277 1114 2330 eccles.
1130 2279 1192 2330 unit.
1207 2277 1268 2346 Cap.

252 2359 339 2413 XVIll.
358 2377 382 2412 n.
396 2361 420 2412 5.
451 2359 516 2413 Dein
533 2365 584 2432 ptos
597 2367 684 2417 omnia
698 2363 738 2414 ttd
751 2371 905 2432 veteresque
919 2363 977 2416 edd.
992 2380 1013 2415 c.
1027 2362 1164 2430 Rembolt,
1183 2369 1268 2419 omnis

252 2447 291 2498 lle
309 2464 324 2499 a
340 2464 360 2500 r.
374 2465 405 2500 m.
418 2450 444 2500 in
461 2465 511 2518 mg.
546 2449 633 2503 Statim
652 2455 820 2522 extirtpuc'tur
831 2453 871 2504 W.
885 2451 959 2504 blabc
971 2461 997 2504 et
1008 2463 1071 2506 vett.
1084 2453 1153 2518 cdd,
1172 2457 1265 2509 extin-

253 2547 369 2608 quurttur
382 2537 421 2590 Fr.
436 2537 517 2590 Emm.
535 2539 557 2589 l.
589 2539 647 2591 llos
665 2557 696 2593 cc
714 2539 746 2590 ab
766 2538 797 2591 al.
816 2557 848 2591 m.
867 2541 1016 2600 interuers.
1035 2540 1113 2592 babet
1125 2539 1164 2591 W.
1202 2539 1267 2590 Dein

252 2629 371 2680 caeditur
395 2626 454 2678 dant
472 2625 512 2676 W.
532 2625 597 2678 blab.
617 2626 658 2678 Fr.
676 2625 757 2676 Emm.
778 2629 800 2677 1.
820 2624 848 2676 B.
868 2625 905 2692 Α,
929 2629 1044 2681 laeditur
1068 2617 1153 2679 estin
1175 2625 1265 2694 Nenp,

249 2719 360 2784 ponitur
384 2717 410 2767 in
434 2714 499 2766 blod.
519 2714 574 2765 Vat.
594 2715 723 2779 omnibus,
750 2714 875 2784 editisque
895 2714 988 2767 Manui.
1007 2712 1214 2767 antecedentibus
1239 2720 1265 2765 et

251 2803 277 2853 in
294 2801 390 2854 llorell.
438 2801 483 2868 tt)
502 2811 672 2872 corpusculus
690 2800 745 2867 ltld,
770 2802 827 2854 libri
851 2805 961 2872 quinque
981 2812 1041 2857 vett.
1060 2819 1075 2854 a
1093 2801 1197 2854 Buluaio
1216 2816 1263 2851 ex-

252 2893 317 2942 cussi
334 2900 487 2960 veteresque
506 2890 565 2942 edd.
584 2907 606 2942 c.
625 2889 714 2942 liernb.
733 2889 832 2942 Erasm.
852 2899 878 2941 et
897 2890 970 2944 Grau.
1002 2891 1168 2952 Confirmatur
1186 2889 1265 2941 altera

251 2978 328 3031 lectio
356 2995 406 3031 non
425 2978 506 3031 solum
526 2979 658 3031 codicibus
675 2977 731 3030 rell.
752 2980 861 3044 nostris,
887 2979 932 3030 scd
951 2981 1026 3031 etiarn
1045 2979 1179 3031 duodecim
1197 2978 1264 3029 anti·

251 3069 306 3136 quis
319 3066 460 3120 Buluzianis
478 3069 621 3136 ceterisque
641 3067 721 3120 editis.
753 3066 872 3119 Similiter
884 3067 977 3120 Noster
994 3069 1026 3119 de
1045 3066 1121 3134 lapsis
1135 3065 1195 3133 Cup.
1210 3063 1264 3116 lX.:

250 3161 350 3210 bostem
368 3165 392 3208 et
408 3166 617 3226 caepupnctorem
634 3158 806 3211 domesticum
823 3174 875 3210 nen
893 3161 1021 3212 baberent.
1052 3155 1120 3228 ¹blox
1143 3158 1172 3209 in
1190 3157 1263 3207 insi-

251 3246 304 3297 diis
323 3241 352 3294 Β.
387 3242 449 3295 Turn
469 3247 592 3298 dictutus
612 3243 659 3294 lla.
696 3243 741 3308 12)
760 3247 809 3298 Sic
827 3248 889 3298 dum
908 3243 1060 3299 literiusb.
1096 3241 1162 3294 Dein
1180 3244 1266 3296 votuit

250 3331 318 3381 idern
336 3329 408 3382 liber.
451 3331 517 3382 lnlra
535 3336 629 3385 nubtce
647 3329 676 3382 Β.
720 3330 806 3383 Statim
824 3338 918 3387 naariae
936 3332 975 3385 ed.
996 3332 1135 3396 Daventr.,
1158 3333 1264 3384 maritis

251 3418 301 3470 llld.
336 3418 364 3471 ln
388 3435 459 3488 seqq.
478 3418 519 3470 Fr.
538 3419 619 3472 Emm.
642 3419 663 3472 l.
683 3419 760 3472 babet
783 3425 891 3490 fucrant
913 3425 943 3476 in
964 3424 1094 3492 praemiis
1120 3423 1264 3474 destinatus

250 3511 384 3578 cirpioec3
403 3524 461 3560 voc.
478 3511 596 3577 oia-pines
615 3523 664 3562 om.
684 3508 730 3561 lle.
773 3507 838 3562 Dein
863 3513 1014 3564 destinandc
1038 3508 1099 3575 (sic)
1124 3509 1220 3578 legitur
1238 3511 1263 3560 in

250 3595 290 3648 Md
310 3605 335 3646 et
354 3595 411 3647 cdd.
430 3603 491 3646 vett.
511 3603 587 3664 atque
607 3595 694 3648 llemb.
731 3596 849 3650 Proxime
867 3597 907 3649 llo
931 3597 1017 3650 scribit
1040 3617 1090 3669 pro
1109 3600 1262 3668 cirpinitatc

250 3687 352 3738 amisso
371 3692 397 3735 et
415 3698 460 3750 pro
479 3701 610 3738 samsurcc
627 3687 649 3736 Α
666 3701 800 3754 perperam
819 3705 927 3740 arsura.

319 3771 384 3823 xvi.
411 3769 654 3839 1J0ntssovarbo
680 3778 767 3830 aarum
784 3776 806 3826 n
824 3775 864 3826 ma
889 3775 960 3842 pone
983 3761 1089 3846 sicque.
1119 3775 1159 3828 ua
1183 3771 1258 3825 nabes

248 3863 331 3914 litus

247 3881 335 4000 idoque
353 3929 447 3998 (altera
464 3929 575 3983 lectione
592 3931 625 3984 eb
643 3949 664 3987 r.
684 3949 716 3986 m.
735 3935 932 4003 superscripta);
957 3924 1047 4007 ipisus?
1059 3937 1118 3988 item
1136 3934 1259 4003 reperitur
