2904 4692
655 437 698 501 49

169 613 239 658 esse
262 589 419 676 possimus
462 589 570 671 'Tunc,
601 595 711 675 iuquit,
742 593 794 656 itti
815 595 877 660 tres
896 594 921 675 ἵ)
944 599 1037 678 quusi
1060 621 1101 662 ec·
1123 621 1186 666 uno

170 727 225 771 cre
255 707 397 788 dymnum
429 707 584 770 cauebant
613 715 642 770 ct
669 707 894 772 benedicebant
920 711 1016 774 deum.
1061 714 1185 796 Loque-
1268 719 1271 726 “

170 822 276 904 buntur
306 821 392 901 quiesi
421 840 460 883 ex
492 839 550 885 uuo
581 839 634 884 ore
651 817 697 901 8),
733 829 762 884 et
794 823 925 887 nondum
955 825 1022 888 illos
1051 826 1186 891 Christus

170 929 313 996 docuerat
335 951 440 1012 orere,
477 941 505 997 ct
535 935 648 998 idcirco
679 937 832 999 orantibus
863 937 918 999 luit
947 939 1127 1020 inpetrabilis
1157 949 1187 1005 et

170 1047 277 1110 efficax
300 1063 410 1126 senno,
434 1049 501 1128 quie
524 1050 751 1130 promerebatur
774 1049 859 1112 deum
877 1051 999 1132 pucilicu
1016 1059 1045 1114 et
1060 1054 1186 1135 simplex

170 1165 200 1218 et
221 1160 360 1240 spiritalis
384 1161 487 1223 cretio.
535 1161 583 1224 Sic
606 1169 635 1224 ct
656 1163 810 1244 apostolos
841 1183 907 1227 curn
939 1165 1088 1248 discipulis
1118 1176 1186 1249 post

170 1261 326 1335 ascensum
340 1269 366 1350 ⁹)
385 1273 494 1336 domini
508 1275 675 1338 invenimus
691 1293 805 1338 orasse.
844 1277 945 1339 Erunt
961 1273 1010 1354 ¹⁰),
1030 1280 1123 1359 inquit
1139 1279 1186 1359 ¹¹),

167 1395 405 1464 perseuerantes
430 1407 536 1452 omncs
556 1389 720 1451 suasimus
744 1391 778 1451 ιἰι
802 1392 948 1454 oratioue
977 1409 1045 1454 cum
1075 1394 1186 1455 multe-

169 1501 257 1562 rr‘bus
281 1509 310 1562 el
333 1501 457 1577 Music,
492 1521 572 1581 quoe
594 1500 703 1593 suerat
727 1512 827 1565 muter
849 1502 937 1580 Iesu,
972 1512 1003 1566 et
1029 1505 1187 1583 frutribus

170 1615 251 1696 cius.¹
289 1615 524 1682 Perseverabont
546 1616 575 1679 in
600 1617 735 1679 cretione
757 1620 922 1698 unanimes,
946 1621 1090 1684 orutiouis
1113 1639 1187 1684 suue

171 1910 261 1962 lentur
276 1936 305 1946 -
321 1925 468 1977 prosumus
488 1908 518 1958 Α.
556 1909 583 1972 7)
603 1909 639 1959 ltu
659 1908 686 1962 0.
706 1908 745 1958 W.
767 1909 891 1962 blubcdel.
911 1911 971 1962 Boc.
993 1912 1014 1963 Α
1034 1921 1187 1982 veteresque

172 1993 230 2046 cdd.
250 2010 271 2045 c.
292 1993 389 2045 Eresm.
410 1993 483 2045 Grev.
503 2002 528 2044 et
547 1994 662 2059 llorcll.‚
687 2005 751 2048 trruc
770 1999 812 2049 illi
830 2007 899 2063 tres,
915 2001 1008 2066 'irrpur't
1028 1996 1062 2048 Be
1082 2007 1108 2049 et
1126 2000 1185 2052 edd.

170 2078 224 2132 rell.
254 2079 307 2133 llid.
323 2079 387 2131 Dru.
402 2079 425 2130 3.
442 2079 512 2132 Prec.
528 2080 601 2132 Azur.
623 2090 648 2133 et
666 2082 751 2147 hymn.
770 2083 843 2134 triurn
863 2098 934 2149 puer.
945 2084 994 2142 27.
1015 2084 1091 2150 (Dan.
1105 2085 1130 2150 3,
1144 2087 1184 2138 5¹.

165 2182 234 2218 vers.
253 2163 328 2228 ιιι).
360 2164 442 2216 Verbo
465 2169 544 2234 quusi
562 2184 598 2220 ιω
616 2185 668 2221 uno
688 2184 733 2220 ore
752 2196 784 2204 -
803 2195 846 2216 -·
875 2171 1060 2237 Loquebuntur
1078 2172 1185 2224 excide-

166 2259 224 2304 runt
243 2254 268 2302 iu
288 2251 326 2314 Α,
354 2260 476 2320 lantquarn
495 2268 531 2305 eor
548 2270 601 2307 uno
620 2270 665 2306 cre
684 2252 771 2304 scribit
790 2250 825 2316 0,
850 2270 895 2306 cre
913 2268 962 2304 our.
985 2252 1038 2320 bb,
1061 2261 1186 2326 hymeram

166 2341 291 2392 canebant
310 2347 333 2390 et
351 2327 531 2392 benedicebant
549 2342 648 2392 ileum-¹
668 2342 780 2408 Loqueb.
801 2344 879 2408 picari
904 2358 939 2394 ex
964 2359 1017 2395 rano
1042 2360 1087 2395 cre
1111 2344 1142 2394 ub
1166 2361 1185 2397 r.

166 2441 197 2475 ιιι.
218 2424 242 2474 in
261 2439 310 2492 rng.
331 2423 407 2474 hebet
420 2422 467 2474 lle.
501 2423 548 2475 Pro
569 2430 693 2480 cauebant
712 2425 770 2476 Ver.
791 2431 937 2480 constabunt.
970 2427 1098 2496 Deinceps
1110 2434 1194 2504 deum·

165 2525 211 2579 pro
229 2515 363 2565 dominum
382 2513 498 2577 (domino
519 2511 570 2580 lle)
592 2513 680 2580 recepi
700 2529 730 2564 ex
750 2512 825 2563 codd.
847 2511 874 2563 C.
896 2512 947 2564 Bnc
966 2521 992 2565 et
1010 2513 1083 2580 blod3
1110 2519 1134 2568 ln
1155 2517 1186 2567 W

166 2606 246 2650 exstet
274 2613 358 2666 neque
387 2601 478 2663 deum,
507 2613 591 2668 neque
617 2604 758 2654 dominum.
803 2598 969 2653 confirmetur
995 2601 1072 2654 lectio
1100 2615 1185 2657 rostro

166 2681 264 2738 Graeco
282 2681 397 2752 pu’tdyoor
415 2681 543 2734 τὸνθεόν.
590 2686 618 2750 8)
640 2705 685 2742 ore
704 2701 752 2738 cm.
772 2686 809 2739 Bc
828 2696 854 2738 et
873 2689 937 2739 lllcd.
975 2688 1036 2740 Tum
1059 2693 1118 2760 ipre
1138 2707 1185 2759 pro

167 2774 291 2826 cbristus
310 2772 340 2822 Α.
378 2769 442 2821 Dein
461 2789 539 2825 crare
558 2777 685 2827 doe-uerat
703 2773 739 2824 tn
756 2782 782 2826 et
798 2775 857 2826 edd.
873 2783 932 2826 oute
946 2773 1037 2826 Manui.
1052 2795 1073 2828 c.
1089 2775 1185 2831 blorcll.

97 2864 103 2877 ·
166 2857 223 2907 blcx
247 2854 414 2926 inpetrabilir
440 2861 553 2924 (impetr.
578 2859 660 2924 vulg.)
684 2858 715 2908 W
742 2867 768 2908 ct
793 2859 856 2910 llab.
899 2859 1014 2910 Proximo
1039 2865 1114 2915 deum
1139 2880 1185 2931 pro

167 2945 299 2996 dominum
324 2940 495 3008 praebuerunt
518 2943 593 2992 codd.
615 2942 654 2991 W.
678 2941 776 2992 blbcde.
797 2942 858 2993 lleb.
878 2942 915 3007 Α,
943 2947 968 2994 in
987 2942 1021 2994 Bc
1046 2949 1123 3000 deum
1148 2949 1185 3000 bis

166 3031 294 3096 scriptum.
332 3027 426 3079 ibidem
452 3036 477 3078 et
503 3030 527 3078 in
548 3027 587 3078 lde
610 3026 717 3078 babetur
734 3031 899 3096 spiritualis.
945 3029 974 3092 9)
993 3047 1123 3087 urceum
1142 3033 1184 3084 lli.

167 3115 279 3167 Aduolat
292 3117 445 3168 Betucius:
466 3112 554 3178 „uuae
574 3121 676 3164 veteres
695 3113 820 3165 editiones
840 3122 866 3165 ot
883 3122 935 3190 tres
954 3115 1010 3167 iibri
1022 3122 1185 3186 manuscripti

167 3203 259 3256 hubent
285 3219 441 3265 asomum,
467 3201 518 3252 duo
542 3207 732 3256 ascensionem.
771 3201 826 3271 Ego
851 3203 1006 3270 praeferrem
1032 3223 1183 3274 accersant,

166 3290 215 3342 uid
244 3303 333 3340 omues
359 3286 415 3339 lere
442 3287 498 3338 iibri
525 3296 626 3339 ueteres
652 3297 831 3358 repugnarent.
874 3288 937 3340 llum
964 3287 1130 3344 Tertullianus
1159 3302 1185 3344 et

167 3375 306 3444 Cyprianus
325 3375 438 3428 scribere
457 3375 542 3427 solent
560 3379 702 3430 remissum
722 3393 769 3446 pro
788 3379 955 3432 rescissione.
993 3378 1057 3430 Vide
1081 3378 1183 3448 glosse-

166 3465 231 3514 riurn
250 3461 365 3514 Latinum
384 3464 505 3532 Conpiifl
542 3460 660 3514 Ceterum
680 3464 716 3516 Bb
741 3466 841 3516 inverso
867 3465 955 3516 ordine
980 3465 1097 3517 exbibet:
1124 3476 1185 3535 port

167 3567 310 3604 asomum
334 3552 433 3604 domini
456 3566 517 3603 curn
542 3552 695 3618 discipulis.
742 3552 786 3613 no)
809 3553 845 3604 Et
862 3562 939 3605 erum
958 3551 1014 3602 ller.
1060 3550 1107 3617 ¹¹l
1128 3551 1183 3602 Act.

168 3637 193 3700 1,
213 3635 255 3687 14.
293 3635 416 3688 omittunt
434 3653 524 3690 omncs
543 3635 574 3687 W
595 3645 621 3688 et
639 3635 710 3702 nub,
730 3639 789 3688 item
809 3641 950 3692 omnim
968 3635 1003 3688 Bc
1022 3645 1048 3688 et
1066 3635 1138 3701 blod,
1157 3638 1183 3688 iu

167 3721 258 3791 quibus
278 3722 399 3790 deinceps
417 3722 510 3791 legitur
528 3740 588 3776 cum
605 3726 762 3778 mulieribus
780 3733 804 3777 et
821 3734 904 3776 matre
928 3726 991 3777 lesu
1009 3734 1034 3777 et
1050 3726 1184 3791 (rutulus

166 3811 234 3862 elur.
272 3807 320 3861 l’ro
340 3813 444 3875 ιἰιονιιι,
471 3810 538 3879 quod
560 3810 593 3861 ul.
614 3827 646 3862 m.
666 3810 762 3862 rddidit
779 3813 804 3861 iu
823 3808 877 3875 Bu,
904 3810 974 3862 eolus
992 3811 1014 3860 Α
1033 3818 1059 3862 et
1076 3810 1105 3861 b·
1121 3809 1138 3862 l.
1157 3820 1184 3864 et

169 3894 201 3945 dc
218 3895 312 3964 cathol.
333 3895 425 3948 eccles
445 3899 541 3948 unitate
560 3911 615 3963 cup.
633 3894 707 3948 xxti.
727 3895 830 3948 exbibet
846 3901 913 3967 suit,
943 3904 970 3946 ut
993 3896 1050 3948 cod.
1071 3895 1183 3960 Combe,

166 3964 242 4048 quern
261 3984 333 4050 sequi
353 3997 403 4033 uon
423 3982 535 4059 debebat
552 3980 686 4035 Peruelius.
723 3981 784 4034 Turn
804 3999 829 4034 r.
846 3993 930 4036 mter
948 3981 1021 4033 deest
1039 3983 1064 4034 in
1083 3981 1124 4035 lli.

955 4067 976 4132 4
