2868 4700
634 361 673 427 ol

151 517 261 586 ourior.
299 519 353 586 lile
366 519 622 605 adpropinquante
643 520 718 584 hora
741 513 783 598 18)
807 533 860 586 sua
883 519 940 584 iam
962 525 1096 586 maturus
1118 519 1169 584 in·

151 641 259 699 ventus
283 642 338 716 est,
359 633 408 698 hio
431 636 560 700 fortasse
583 635 690 698 dilatus
707 643 753 700 est
768 636 819 717 qui
833 637 1012 718 patrimonio
1028 634 1169 700 derelicto

151 750 262 814 idcirco
296 752 438 830 secessit,
473 752 541 833 quia
575 769 637 815 nou
670 756 734 814 erat
765 757 928 834 negaturus
935 771 945 829 ;
978 749 1170 815 confiteretur

152 865 265 946 utique,
281 854 313 929 'si
336 865 442 930 luisset
464 872 494 929 et
516 867 581 948 ipse
603 865 750 930 detentus.

633 1063 692 1133 111.
724 1015 726 1024 '

119 1221 136 1265 ε
238 1205 297 1270 llas
319 1212 480 1290 martyrum
504 1206 651 1270 caelestes
670 1204 694 1284 ¹)
718 1223 858 1288 coronas,
881 1205 935 1269 has
959 1203 1168 1270 confessorum

150 1319 264 1402 glorias
286 1319 448 1402 spiritales,
472 1319 526 1384 has
549 1320 687 1384 stantium
710 1320 833 1384 fratrum
856 1321 998 1384 maximas
1022 1319 1167 1382 eximiam

149 1451 211 1514 que
243 1433 369 1498 uirtutes
404 1435 547 1497 maestitia
580 1453 639 1497 una
673 1435 846 1513 contristat,
880 1432 962 1516 quod
995 1429 1167 1509 avulsam²)

147 1554 321 1610 nostrorum
343 1546 491 1608 viscerum
514 1553 627 1627 partem
650 1546 799 1609 violentus
814 1546 950 1610 inimicus
965 1543 1165 1628 populationis

148 1679 223 1725 suae
246 1666 348 1742 strage
371 1659 487 1723 deiecit.
534 1658 610 1734 Quid
629 1659 689 1724 hoc
711 1660 779 1724 loco
791 1656 819 1737 ³)
842 1659 959 1738 faciam,
984 1657 1168 1722 dilectissimi

108 1785 134 1829 ¹⁰
148 1773 286 1838 iratres?
323 1772 482 1862 Fluctuans
506 1771 589 1834 vario
612 1771 718 1834 mentis
742 1777 826 1834 aestu
849 1770 920 1854 quid
942 1778 992 1834 aut
1015 1770 1166 1852 quomodo

147 1887 273 1952 dicam?
317 1886 458 1948 Lacrimis
480 1886 590 1968 magis,
620 1902 708 1966 quam
737 1885 839 1948 verbis
869 1902 945 1968 opus
974 1892 1021 1948 cst
1047 1884 1084 1948 ad
1107 1903 1167 1948 ex-

146 2001 333 2084 primendum
358 2001 503 2079 dolorem,
526 2018 587 2082 quo
610 2001 747 2081 corporis
771 2001 865 2064 nostri
887 1999 975 2084 plaga
990 1995 1164 2075 dellenda⁴J

148 2122 212 2194 cst,
242 2132 302 2196 quo
325 2114 427 2197 populi
449 2112 609 2194 aliquando
631 2113 784 2176 numerosi
805 2112 957 2194 multiplex
978 2111 1166 2175 lamentanda

149 2228 260 2292 iactura
286 2232 340 2290 est.
385 2227 458 2302 Quis
481 2228 559 2290 enim
582 2227 626 2290 sic
649 2227 742 2290 durus
757 2223 784 2304 5)
808 2246 842 2290 ac
866 2225 1000 2306 ferreus,
1030 2227 1096 2309 quis
1119 2227 1166 2292 sic

114 2361 139 2404 rs
152 2341 298 2407 uaternae
321 2343 451 2406 caritatis
475 2342 602 2421 oblitus,
632 2342 683 2424 qui
701 2323 794 2406 ¹inter
822 2333 946 2406 suorum
968 2340 1165 2408 multiformes

149 2457 250 2520 ruinas
274 2461 304 2520 et
325 2455 467 2538 lugubres
489 2473 525 2518 ac
544 2455 634 2520 multo
649 2451 677 2535 6)
700 2455 840 2537 squalore
860 2454 1012 2520 deformes
1026 2454 1166 2536 reliquias

147 2569 325 2632 constitutus
348 2568 445 2630 siccos
470 2568 573 2631 oculos
594 2573 699 2630 terrere
714 2568 896 2650 praevaleat,
920 2555 977 2632 nec
993 2574 1167 2651 erumpente

147 2683 246 2744 statim
274 2680 346 2744 lletu
374 2682 455 2763 prius
485 2680 612 2764 gemitus
641 2697 714 2744 suos
743 2681 871 2744 lacrimis
899 2699 986 2761 quem
1008 2699 1085 2745 voce
1108 2680 1167 2744 de-

146 2833 357 2845 -ι--α--μ-..μ-

146 2909 205 2962 illic
230 2907 279 2959 lic.
325 2908 371 2976 18)
398 2925 446 2962 oro
470 2905 521 2961 lid.
556 2907 617 2962 Post
640 2911 739 2963 ditatae
761 2906 802 2958 llb
827 2923 876 2960 cm.
902 2917 950 2961 est.
985 2904 1043 2959 Mox
1068 2909 1168 2960 iccirco

147 2999 230 3053 babet
247 2996 297 3048 llld.
333 2994 394 3048 Tum
413 2999 528 3051 decessit
545 2995 577 3060 Α,
597 2999 642 3066 proi
659 3011 705 3063 pro
724 2998 786 3064 pur'a
805 2994 845 3046 llo
865 3003 955 3062 cipro
973 3013 1026 3048 non
1045 3004 1102 3048 erat
1125 2993 1168 3047 llo

146 3097 268 3142 noverat.
979 3085 982 3095 '

222 3173 264 3225 lll.
294 3172 324 3239 1)
344 3175 470 3228 calcatae
490 3171 530 3224 bis
542 3171 589 3225 Bb.
620 3171 677 3223 lior
696 3175 852 3241 spiritualer
864 3170 911 3222 lic.
943 3170 1006 3223 Tum
1023 3172 1167 3226 astantium

149 3262 201 3314 Μὰ.
239 3259 338 3313 Deinde
360 3265 496 3314 maximas
519 3263 704 3330 maximaeque
727 3259 774 3312 Bb.
817 3259 845 3324 2)
870 3261 997 3314 nochum
1017 3257 1064 3310 lla.
1099 3257 1168 3310 lnira

149 3353 245 3405 deiecit
264 3350 290 3400 in
309 3356 444 3412 contextu,
469 3349 495 3399 in
514 3351 624 3416 [πρωὶ
642 3351 736 3418 detcpit
754 3347 795 3412 W,
819 3349 911 3417 defecit
930 3345 975 3399 Ba.
1011 3345 1040 3416 3)
1059 3350 1117 3401 loeo
1136 3345 1167 3398 ab

150 3434 184 3488 al
203 3452 237 3488 m.
256 3451 332 3503 supra
350 3433 395 3484 lin.
415 3433 493 3486 habet
511 3433 559 3486 llb.
596 3434 625 3501 4)
643 3436 777 3504 dedicanda
794 3432 833 3485 Bb
853 3441 878 3486 et
895 3451 934 3502 pr.
953 3433 1000 3487 lle.
1036 3432 1093 3486 llox
1110 3435 1166 3487 ali·

151 3525 255 3592 mdo
279 3537 330 3574 om.
353 3521 404 3574 llb.
441 3521 502 3573 Tum
526 3525 633 3590 foetura
656 3519 779 3572 mendose
803 3518 848 3572 lia.
890 3520 918 3585 5)
942 3522 1028 3574 duram
1051 3523 1094 3574 sic
1117 3516 1167 3570 lld.

151 3609 202 3660 Pro
227 3618 274 3663 aut
292 3613 399 3679 (meus
417 3608 466 3676 (ita
484 3608 558 3660 codd.
577 3607 618 3660 lllb
637 3615 663 3659 et
681 3607 719 3659 Bb
737 3623 760 3658 c.
779 3607 838 3662 edd.
857 3607 952 3660 llorell.
973 3616 1049 3676 atque
1067 3603 1167 3673 Belua.)

152 3712 185 3748 ex
209 3695 266 3751 rell»
285 3695 354 3747 libris
377 3698 476 3765 scriptis
501 3705 528 3750 et
551 3695 626 3748 editis
651 3695 739 3762 recepi
761 3713 793 3749 ao
810 3700 925 3765 [earm
960 3691 1064 3746 Addidit
1081 3693 1107 3743 in
1125 3691 1166 3744 llb

151 3799 172 3837 r.
190 3802 223 3838 ru.
242 3794 293 3839 est.
335 3783 364 3852 6)
382 3802 414 3839 sc
431 3789 558 3856 tapnim
576 3794 600 3838 et
617 3787 698 3838 multo
716 3782 772 3848 lle,
795 3793 841 3838 out
858 3785 940 3838 multo
958 3796 996 3847 pr.
1015 3777 1065 3830 lib.
1100 3777 1167 3831 Dein

123 3876 293 3942 repostae-ae
310 3870 361 3923 lld.
396 3873 425 3926 ln
447 3889 517 3944 seqq.
537 3880 703 3942 erumpentes
721 3869 769 3925 llo.
805 3869 864 3924 llox
886 3873 992 3940 primus
1014 3865 1056 3920 lld
1079 3875 1106 3920 et
1127 3883 1166 3938 pr.

153 3957 201 4014 llb.
236 3959 330 4014 Statim
348 3964 472 4030 pensitans
488 3979 572 4017 eccas
588 3958 635 4012 Bb.
