2834 4686
769 421 834 488 258

289 586 404 650 ieiumi
425 580 461 662 ¹⁶)
491 602 547 666 per
572 599 661 663 qnem
685 581 779 644 ceteri
802 581 984 664 saginantur.
1029 577 1130 644 Esurit
1154 587 1184 643 et
1208 579 1317 644 tamem

291 700 382 764 sentit
400 691 456 775 Π),
490 702 521 760 ιιι
553 696 604 776 qui
634 697 664 758 in
697 692 774 756 iame
805 695 953 758 sermonis
987 699 1016 756 et
1047 695 1164 778 gratiae
1196 692 1319 758 fuerant

292 812 417 876 caetero
438 827 517 892 pane
539 814 719 872 saturentur.
758 806 831 872 Cum
847 802 887 886 18)
913 807 1032 871 diabolo
1055 814 1219 898 temptante
1236 827 1318 878 con·
1391 803 1393 848 ²

293 926 429 1010 preditur
452 930 481 987 et
504 923 652 986 inimicum
675 928 789 1002 onium
809 920 920 984 vicisse
942 927 1104 986 contentus
1135 922 1208 986 nituit
1225 923 1318 998 ¹ultra

294 1040 384 1102 verba
409 1044 542 1102 conatur.
589 1036 748 1118 Discipuiis
766 1054 825 1098 non
842 1041 873 1098 ut
889 1035 987 1100 servis
1004 1034 1150 1099 dominica
1166 1042 1318 1117 potestate

292 1151 437 1234 praefuit,
472 1150 525 1216 sed
549 1151 697 1234 benignus
719 1145 755 1227 ¹⁹)
786 1157 816 1212 et
846 1150 923 1212 mitis
954 1147 1085 1214 fraterna
1113 1167 1168 1212 eos
1192 1151 1317 1214 caritate

293 1265 403 1330 ditexit.
450 1265 596 1347 Dignatus
620 1259 722 1342 estw)
745 1264 833 1326 etiam
857 1262 951 1345 pedes
975 1262 1179 1346 apostolorum
1202 1263 1317 1340 invare,

292 1387 333 1458 ut,
358 1379 426 1443 dum
450 1380 529 1442 circa
553 1395 660 1442 servos
683 1377 751 1440 tnbs
774 1381 821 1440 sst
842 1375 989 1454 dominos,
1013 1377 1153 1457 exemplo
1177 1395 1236 1442 suo
1257 1377 1316 1438 do-

293 1499 377 1558 ceret
398 1492 494 1573 qualis
517 1493 595 1555 circa
618 1509 768 1572 conpares
791 1497 821 1554 et
843 1489 986 1571 aequales
1010 1490 1117 1554 debeat
1140 1508 1212 1554 esse
1237 1509 1315 1554 eon-

291 1623 408 1668 servus.
667 1619 670 1622 ·

750 1865 753 1874 ,
781 1800 827 1869 Π.

380 1946 443 2008 Nec
466 1943 629 2008 mirandum
654 1944 733 2025 qnod
752 1943 777 2014 ¹)
802 1945 884 2006 circa
910 1942 1086 2006 obedientes
1118 1945 1184 2006 talis
1217 1946 1314 2008 exsti-

293 2062 361 2123 terit
385 2060 435 2140 qui
457 2059 556 2121 ibdam
579 2060 674 2140 potuit
698 2075 793 2138 usque
817 2057 854 2118 ed
879 2063 1043 2120 extremum
1064 2057 1154 2140 longa
1170 2058 1314 2138 patientia
1392 2037 1393 2050 ¹

293 2175 452 2248 sustinere,
476 2172 573 2234 cibum
596 2189 662 2256 cum
686 2171 805 2234 inimico
829 2189 949 2254 cepere,
977 2171 1093 2234 hostem
1117 2170 1314 2232 domesticum

292 2289 381 2363 scire,
405 2303 462 2348 nec
484 2285 578 2367 palam
604 2284 776 2362 ostendere,
804 2283 954 2346 traditoris
980 2283 1111 2348 osculum
1135 2302 1195 2346 non
1222 2302 1314 2346 recu·

191 2419 197 2431 “
292 2419 370 2464 sare.
417 2395 630 2474 qna)1„,q„„s
663 2415 736 2459 vero
767 2395 928 2460 tolerandis
960 2397 1172 2477 aequanimitas
1203 2406 1313 2477 quanta

292 2533 499 2544 ...-.----··-

361 2605 407 2669 16)
425 2604 554 2656 iuiunucit
567 2600 597 2652 Α.
637 2600 679 2662 17)
699 2603 806 2652 Esuriit
825 2610 849 2654 at
865 2604 961 2669 famem
976 2603 1071 2655 esuriit
1084 2599 1145 2666 (sic)
1161 2601 1193 2664 A,
1214 2605 1313 2656 ermini

291 2701 315 2745 et
332 2694 428 2758 [antem
446 2690 531 2742 sarmit
551 2685 594 2750 ba,
611 2689 667 2754 [αῆ
686 2691 801 2740 scantur
818 2684 863 2740 Bb.
899 2685 964 2738 Deio
983 2698 1006 2741 at
1026 2703 1075 2758 om,
1112 2686 1176 2738 binio
1194 2699 1311 2742 amuru-

290 2786 384 2830 rmrtur
404 2775 460 2826 edd.
479 2781 539 2826 vett.
557 2790 605 2825 une
623 2772 787 2846 cumbraarn.
803 2772 878 2824 (ἔην.
893 2783 919 2825 et
932 2773 1026 2826 Morcii.
1066 2773 1110 2841 ts)
1128 2777 1165 2827 Et
1183 2791 1233 2842 pro
1252 2793 1313 2829 suar

291 2878 400 2931 moxque
420 2864 569 2932 inpreditnr
587 2860 624 2924 Δ,
644 2863 748 2914 diabolo
770 2858 799 2908 W
819 2867 845 2910 et
863 2857 910 2910 bia.
948 2857 1025 2910 Paulo
1044 2867 1102 2926 post
1120 2864 1159 2913 nii
1178 2877 1226 2926 pro
1245 2865 1315 2915 nibil
1391 2889 1392 2918 ι

291 2950 350 3002 edd.
372 2957 444 3014 vett,
467 2951 524 2998 item
544 2945 641 2998 Erasm.
661 2944 736 2998 Grav.
756 2954 832 3026 atque
853 2945 948 2997 bioreli.
985 2944 1033 2997 Pro
1053 2958 1165 3002 conrtnr
1185 2945 1223 2998 Bb
1243 2965 1312 3000 eorn-
1391 2955 1392 2960 ’

290 3041 380 3092 terrdit.
420 3036 464 3102 to)
483 3033 542 3084 Post
560 3038 687 3103 tenetque:
708 3035 733 3084 in
750 3033 789 3084 bib
809 3049 828 3083 r.
850 3050 881 3084 m.
902 3034 1083 3100 superscripsit
1100 3044 1123 3086 et
1141 3037 1312 3087 mimirum.

289 3123 336 3190 20)
356 3120 410 3174 0m.
426 3131 465 3176 est
480 3120 517 3173 W.
533 3120 579 3172 bia.
594 3119 647 3171 Bab
663 3130 688 3172 et
700 3120 732 3184 A,
753 3124 877 3189 diqnatnr
895 3119 1006 3170 scribunt
1020 3101 1100 3171 bedf
1121 3118 1169 3170 Pro
1188 3131 1229 3188 ut,
1249 3124 1314 3176 dnn
1391 3155 1392 3160 =

290 3211 354 3262 Act
373 3213 423 3278 quio
442 3210 471 3274 [i.
492 3210 684 3278 cqqrroaiam),
713 3207 780 3276 qnod
806 3209 830 3259 in
855 3207 903 3258 hoc
924 3205 989 3257 libro
1008 3206 1076 3257 velet
1095 3217 1118 3260 et
1137 3224 1206 3260 cum.
1247 3207 1314 3260 Dein

290 3298 353 3348 totio
371 3307 441 3349 osset
460 3296 518 3348 edd.
541 3303 600 3346 vett.
621 3310 677 3344 eum
697 3294 793 3346 Eresm.
817 3303 842 3346 ct
861 3293 935 3346 Grev.

360 3380 400 3432 tv,
431 3383 457 3449 1)
476 3386 503 3434 ei
521 3397 577 3447 pro,
589 3384 656 3448 quod
675 3379 720 3432 Bb.
757 3380 818 3432 Tum
838 3383 1015 3446 obaudientes,
1035 3388 1061 3430 nt
1080 3378 1114 3430 Ba
1136 3389 1162 3432 et
1182 3381 1234 3432 dno
1253 3381 1313 3432 libri

290 3467 400 3534 duplici,
420 3471 496 3520 tacite
511 3466 635 3518 baluzius.
668 3467 813 3520 Lectionenr
832 3475 916 3518 autem
936 3483 949 3519 a
969 3482 1009 3518 mc
1028 3451 1159 3534 receptam
1179 3477 1313 3534 praestant

289 3559 367 3607 ceteri
394 3555 469 3608 codd.
497 3569 593 3605 omnes.
632 3551 730 3606 Deinde
757 3559 842 3610 ledan
868 3553 957 3608 scribit
982 3553 1027 3606 nr.
1071 3553 1097 3604 ln
1124 3569 1196 3622 seqq.
1224 3558 1312 3608 ribuar

289 3660 381 3712 capere
406 3658 452 3708 pro
479 3645 565 3693 cibum
590 3658 712 3708 sumere,
740 3650 768 3693 ut
786 3643 919 3710 legebatur
938 3650 996 3693 ante
1016 3639 1159 3704 Batuzinm,
1187 3641 1311 3692 exhibent

202 3733 206 3739 '
288 3729 363 3780 codd.
386 3728 444 3779 Ver.
465 3726 558 3778 Renes.
581 3723 673 3795 Neap,
692 3731 780 3796 viginti
798 3728 941 3792 Baiuriani,
962 3729 1072 3796 quinquo
1093 3725 1193 3794 Aogtici
1214 3735 1242 3779 et
1260 3730 1310 3780 mei

288 3814 319 3864 ad
340 3829 414 3866 unum
434 3831 530 3867 omnes.
568 3814 629 3867 Post
646 3820 820 3870 domesticum
839 3816 860 3868 Α
879 3815 982 3868 iniercit
1000 3832 1066 3870 cum.
1104 3814 1161 3866 ttox
1183 3817 1311 3882 reperitur

286 3917 430 3954 recursare
449 3904 473 3955 in
493 3902 538 3954 tta,
578 3903 615 3954 oe
635 3920 683 3972 qun
704 3905 826 3970 scriptura
846 3904 966 3956 adnotavi
984 3901 1016 3954 ad
1037 3900 1153 3982 Ambros.
1174 3902 1207 3952 de
1228 3901 1272 3953 oo.
1291 3902 1309 3953 1.

287 3986 327 4035 29.
349 3989 372 4050 §.
395 3988 453 4077 tt2.
492 3988 609 4040 Ceterum
629 3990 679 4039 vid.
702 3989 787 4040 naut.
810 3991 859 4056 26,
879 3990 1004 4058 tbsaqq.
1024 3996 1050 4040 et
1069 3986 1111 4038 tt.
1159 3989 1188 4054 2)
1206 3992 1240 4044 la
1258 4005 1309 4040 om.
1390 4005 1391 4058 ζ
