2882 4692
768 449 898 536 ιιΙ

279 623 427 688 urguere,
462 605 684 682 conflictantes,
720 605 883 684 eiulantes,
921 613 1077 690 gementes
1112 607 1296 672 incremento

278 734 391 797 peense
414 716 607 798 propagantis
631 714 812 795 extendere,
837 715 939 799 flagris
963 717 1110 799 caedere,
1136 721 1206 802 igne
1228 727 1296 784 tor-

278 847 356 892 rere.
402 828 461 891 Res
485 829 544 892 illio
567 829 698 910 geritur,
724 847 781 892 nec
804 829 939 907 videtur3
971 831 1086 895 occulte
1109 833 1198 916 plaga
1223 839 1252 895 et
1267 827 1295 906 ⁸)
1343 807 1346 812 ¹

277 961 372 1026 poene
395 941 557 1006 manifeste.
604 941 645 1004 lte
669 942 750 1023 quod
771 959 840 1006 esse
856 945 912 1006 ism
925 939 953 1021 ⁹)
969 945 1132 1028 coepimus,
1156 952 1296 1027 acceptus

277 1056 398 1136 spiritus
414 1051 547 1119 'licentio
581 1073 634 1118 suc
669 1057 796 1137 potitur;
839 1057 918 1138 quod
957 1058 1082 1122 necdum
1117 1053 1227 1140 corpus
1261 1077 1296 1122 so

276 1170 407 1232 membre
430 1169 625 1247 mutavimus,
649 1168 745 1232 odirue
769 1170 896 1233 cernetis
919 1177 1058 1253 aspectus
1080 1171 1193 1234 saecuti
1215 1171 1296 1234 nube

278 1287 424 1345 enecetur.
470 1281 603 1356 Quantos
634 1281 681 1343 hie
710 1282 798 1346 enimi
820 1277 859 1358 ¹⁰)
888 1288 1077 1365 potentatus,
1111 1290 1220 1363 quanto
1250 1283 1295 1345 vis

277 1403 324 1459 est
352 1413 412 1459 non
444 1401 554 1457 tentum
585 1396 679 1474 ipsum
707 1411 779 1457 esse
807 1397 988 1460 subtractum
1013 1397 1192 1479 perniciosis
1216 1413 1295 1458 con-

276 1509 401 1570 tactibus
424 1507 533 1586 mundi,
557 1515 587 1570 ut
609 1509 675 1587 quis
699 1508 835 1589 expictus
859 1517 889 1572 et
911 1527 1003 1591 purus
1019 1509 1097 1572 nutis
1115 1508 1294 1571 incursantis

276 1619 385 1682 inimici
414 1619 482 1680 tube
513 1619 661 1700 cupiatur,
692 1619 747 1682 sed
777 1619 873 1684 adhuc
904 1622 1046 1686 maiorem
1077 1627 1108 1684 et
1137 1621 1294 1685 fortiorem

277 1732 390 1795 viribus
415 1731 489 1809 fieri,
513 1730 595 1793 utin
620 1747 736 1794 omnem
761 1731 925 1796 adversarii
946 1734 1112 1817 grassantis
1129 1734 1293 1818 exercitum

277 1847 429 1929 inperioso
453 1846 517 1908 iure
541 1843 716 1908 dominetur.

767 2041 800 2111 v·
881 2035 887 2045 ,

364 2185 461 2266 Atque
485 2190 515 2248 ut
539 2185 690 2249 inlustrius
709 2186 835 2248 veritate
850 2183 996 2265 pstetsots
1013 2183 1103 2249 divini
1120 2188 1250 2252 muneris
1268 2186 1292 2263 ¹)

277 2299 382 2363 indicio
406 2299 588 2378 clarescent,
619 2300 714 2363 lucem
739 2299 790 2362 tibi
814 2297 849 2361 ed
874 2299 1075 2382 cognitionem
1100 2299 1196 2380 debu,
1227 2320 1292 2365 me·

275 2413 371 2478 iorum
395 2413 522 2498 caligine
545 2415 678 2478 absterso
703 2415 800 2496 operti
828 2412 939 2476 saecuti
969 2411 1109 2474 tenebras
1139 2415 1294 2480 revelare·

274 2638 304 2690 Α.
340 2637 402 2692 Tum
420 2659 534 2712 torpuere
552 2640 591 2689 W.
612 2637 682 2700 ties,
702 2652 816 2719 esposse
836 2633 891 2699 tib,
918 2651 1028 2703 serpere,
1047 2642 1075 2684 ut
1093 2635 1169 2703 vulgo
1188 2637 1290 2706 iegitur,

274 2758 340 2796 corr.
360 2761 375 2796 e
395 2763 485 2818 erpere
504 2749 528 2796 iu
549 2743 596 2794 Md.
634 2739 722 2790 Statim
741 2740 887 2792 heiulantes
907 2736 946 2787 W.
968 2736 1015 2788 Μιι.
1037 2733 1089 2802 Bu,
1112 2749 1137 2792 et
1155 2743 1291 2795 ulutantes

260 2829 320 2884 sne.
362 2831 428 2885 Dein
453 2844 477 2887 ot
502 2837 632 2901 pernentes
656 2825 705 2876 tto.
731 2823 775 2874 Be.
817 2821 885 2874 loire
910 2826 1005 2894 stupris
1031 2829 1140 2880 caedere
1164 2841 1214 2877 om.
1240 2825 1290 2892 Mb,

271 2921 387 2987 ttomms's
410 2923 498 2974 cedere
523 2914 565 2966 det
589 2912 634 2963 Bb.
671 2911 719 2962 Pro
743 2915 802 2982 ipne
826 2910 848 2962 Α
873 2914 936 2983 ipsi.
982 2911 1012 2977 8)
1033 2917 1081 2967 sed
1098 2911 1195 2966 Eresm.
1215 2913 1289 2968 Grnv.

273 3005 365 3058 Menut.
403 3007 430 3070 9)
448 3009 501 3056 ium
520 3001 592 3053 deest
613 3003 637 3052 in
651 2999 700 3065 Md,
720 2998 832 3052 thanet
844 3018 903 3054 otoo.
936 2999 992 3052 Mor
1004 3002 1070 3069 poit‘
1089 3001 1117 3064 (i.
1132 3000 1290 3070 opetiisse),

272 3095 297 3144 in
316 3110 365 3162 mg.
382 3094 413 3144 nb
429 3107 480 3143 rec.
495 3106 541 3140 m.:
563 3089 595 3140 et.
607 3092 717 3160 potitur·
751 3087 837 3139 Statim
850 3092 897 3142 sed
909 3091 976 3158 puori
990 3083 1088 3141 Erssm'.
1103 3085 1178 3138 Gran.
1193 3085 1288 3139 Mureti.
1345 3079 1353 3084 “

271 3177 319 3231 Pro
338 3179 501 3232 mutavimus
519 3174 540 3226 Α
559 3179 713 3232 iniciemus·
750 3174 865 3240 Proxime
884 3186 1025 3246 asspectum
1039 3173 1084 3227 Bb.
1124 3173 1169 3240 to]
1188 3177 1290 3228 animae

272 3262 319 3315 ttb.
357 3261 417 3314 Post
438 3273 587 3330 potentatus
613 3263 712 3314 sisinn
731 3272 772 3317 est
789 3263 814 3313 irr
835 3261 873 3314 W.
894 3261 971 3315 Msbc.
993 3262 1030 3315 Bb
1049 3270 1075 3315 et
1093 3263 1118 3312 irr
1138 3259 1196 3313 edd.
1217 3267 1288 3324 vett,

271 3350 380 3416 itemque
395 3350 431 3408 ,in
450 3347 547 3402 Essem.
568 3359 592 3401 et
612 3349 685 3401 Grev.
724 3349 801 3401 Psulo
827 3357 885 3416 post
910 3352 1089 3404 contractibus
1108 3349 1136 3399 Α.
1174 3346 1289 3399 Proxime

256 3467 299 3522 'ot
317 3439 361 3537 poi
379 3467 420 3520 Mb
440 3478 466 3522 et
484 3469 526 3522 Bs.
564 3443 624 3522 Tum
642 3473 734 3540 pistos
752 3469 790 3521 W.
811 3467 858 3522 tte.
880 3467 926 3533 Bb,
944 3446 1064 3539 ''psasm
1083 3469 1132 3537 (ex
1146 3485 1164 3520 n
1184 3485 1235 3520 rec.
1255 3483 1288 3520 m.

166 3557 173 3566 “
271 3558 408 3622 superser.)
434 3556 480 3609 Mc.
522 3555 587 3609 Dein
615 3574 646 3612 oc
671 3576 760 3628 pom
784 3555 824 3608 Mb
852 3571 963 3624 moxque
992 3566 1114 3626 raptatos·
1138 3555 1185 3608 Mo.
1222 3559 1288 3621 Apte

271 3658 372 3696 omnem
397 3645 554 3711 praepositio
577 3648 606 3698 isc
628 3647 800 3713 superscripto
827 3651 866 3696 est
891 3645 915 3694 in
935 3643 981 3696 Hc.
1018 3642 1135 3696 Proxime
1153 3647 1288 3713 inperioso

271 3728 311 3797 W,
329 3733 439 3802 imperto
458 3748 508 3786 sue
523 3728 558 3783 Be
576 3740 601 3784 et
618 3730 716 3800 pnite,
735 3734 877 3800 imperiose
889 3729 934 3782 Bb.
971 3728 1056 3782 Ceteri
1073 3729 1157 3794 codd,
1176 3737 1202 3780 ut
1218 3726 1287 3793 edd,

270 3821 422 3887 smpesioso.

341 3921 370 3973 V·
411 3924 436 3988 l)
455 3925 573 3977 neumis
592 3921 637 3975 Bb.
673 3922 751 3977 Penio
771 3932 827 3991 post
844 3926 975 3976 mutorum
995 3937 1045 3974 om.
1065 3921 1105 3971 ed.
1127 3921 1206 3986 item,
1224 3939 1285 3976 mu-

270 4009 357 4062 tum
381 4012 568 4065 thermites
592 4011 677 4062 invitis
704 4010 834 4094 codicibus
859 4009 959 4076 scripsit
984 4006 1119 4072 Erasmus,
1147 4007 1287 4074 respiciens
