2882 4692
665 494 727 562 157

185 650 293 715 tatibus
316 660 348 716 et
369 651 532 717 commodis
555 655 664 718 vestris
687 655 816 719 fideliter
838 658 1054 722 consulentem.
1099 657 1209 722 Estote

185 766 260 828 tales
284 765 384 847 quales
408 785 464 830 vos
491 768 565 832 deus
595 768 705 832 artifex
721 767 747 846 ²)
777 768 864 850 fecit3
897 778 995 838 estote
1023 773 1096 836 tales
1125 792 1203 854 qua-

183 879 228 943 les
273 897 328 944 vos
371 899 475 946 manus
518 884 610 965 patris
630 880 657 964 3)
700 885 841 962 instituit;
884 892 1001 949 maneat
1042 888 1072 950 in
1116 888 1203 951 vobis

185 993 276 1057 iacies
298 995 488 1077 incorrupta,
519 997 624 1059 cervix
645 1014 736 1079 pura,
767 997 862 1060 forma
885 1000 1013 1063 sincera.
1058 1000 1126 1064 Nou
1152 1001 1204 1063 in-

160 1107 319 1172 eferantur
342 1109 462 1172 auribus
485 1111 626 1189 vulnera,
659 1129 717 1172 neo
745 1111 866 1174 brachia
896 1113 1025 1178 includat
1052 1121 1103 1178 aut
1130 1114 1205 1179 colla

186 1221 224 1285 de
247 1222 365 1286 armillis
389 1229 418 1286 et
440 1224 597 1287 monilibus
615 1221 641 1302 ⁴)
666 1231 770 1288 catena
794 1227 942 1307 pretiosa,
965 1229 1024 1291 sint
1046 1248 1062 1291 a
1086 1246 1204 1311 conpe-

186 1336 272 1401 dibus
295 1340 395 1432 aureis
418 1338 511 1420 pedes
535 1339 630 1419 liberi,
654 1341 754 1403 crines
777 1341 859 1404 nullo
877 1341 987 1406 colore
1003 1343 1103 1423 fucati,
1126 1342 1205 1406 oculi

186 1441 398 1534 conspiciendo
422 1452 478 1516 deo
503 1452 594 1536 digni.
640 1453 836 1518 Celebrentur
861 1455 980 1520 lavacra
997 1453 1026 1536 ⁵)
1055 1475 1123 1520 cum
1152 1456 1204 1520 le-

186 1565 288 1646 minis,
319 1583 442 1647 quarum
472 1565 502 1626 in
533 1583 588 1628 vos
618 1566 726 1646 pudica
758 1567 867 1632 lavatio
892 1575 945 1632 est.
989 1569 1163 1653 Nuptiarum
1175 1567 1203 1650 6)

148 1699 174 1742 ro
187 1679 263 1744 festa
284 1678 409 1761 inproba
432 1684 463 1740 et
485 1678 623 1742 convivia
646 1677 757 1742 lasciva
788 1680 934 1761 vitentur,
965 1699 1091 1763 quorum
1117 1684 1203 1765 peri-

186 1794 291 1858 culosa
320 1793 461 1876 contagio
495 1799 550 1856 est.
606 1791 699 1854 Vince
733 1799 850 1856 vestem
883 1813 960 1875 quae
994 1797 1082 1881 virgo
1114 1815 1149 1861 es
1166 1792 1202 1878 ⁷),

186 1909 274 1973 vince
303 1926 406 1972 aurum
437 1925 515 1988 quae
545 1923 665 1970 carnem
691 1907 786 1972 vineis
809 1913 840 1970 et
861 1910 1020 1973 saeculum.
1065 1911 1132 1977 Non
1156 1921 1202 1978 est

188 2168 214 2220 iu
232 2168 312 2220 tribus
331 2166 406 2220 codd.
428 2164 483 2217 ltal.
503 2172 528 2216 et
547 2163 605 2216 edd.
624 2163 767 2216 blauutiana
786 2163 974 2231 antiquioribus.
1011 2164 1076 2216 Dein
1094 2168 1202 2235 expunxi

160 2259 165 2267 ⁴
186 2273 239 2322 ma,
268 2254 337 2325 quod
356 2253 458 2306 additur
475 2254 502 2304 in
520 2267 566 2305 sex
584 2250 658 2303 codd.
677 2250 790 2320 Anglicis
808 2259 834 2303 et
851 2266 901 2303 uuo
921 2250 989 2316 ltal.‚
1015 2261 1102 2320 utpote
1121 2256 1200 2306 onais-

186 2357 241 2392 sum
258 2343 284 2392 iu
303 2340 346 2394 W.
364 2338 462 2392 blabcd.
482 2337 523 2391 Fr.
542 2337 623 2391 Emm.
644 2337 667 2389 1.
689 2339 712 2390 2.
733 2336 762 2390 B.
780 2337 803 2390 A
821 2345 847 2388 et
872 2339 897 2389 iu
916 2338 975 2390 edd.
994 2337 1154 2392 baluzianam
1176 2349 1204 2392 et

186 2427 396 2494 Goldbomianam
414 2425 628 2495 praecedentibus
646 2432 753 2493 excepta
772 2424 937 2491 blorelliuna,
962 2427 987 2477 iu
1005 2443 1055 2496 qua
1073 2436 1130 2480 ante
1148 2432 1201 2483 ita·

184 2536 234 2589 qao
250 2519 373 2570 insertum
390 2524 454 2569 est..
480 2515 529 2568 Pro
549 2510 678 2571 timentem
695 2512 825 2566 blorellius
853 2522 879 2566 et
896 2512 1021 2567 Pamelius
1047 2517 1201 2584 scripserunt

185 2610 331 2670 docentem,
358 2603 426 2674 quod
451 2605 476 2656 iu
498 2621 543 2657 sex
561 2603 635 2656 codd.
655 2604 761 2672 antiquis
780 2604 875 2670 reperit
893 2605 969 2656 etiam
988 2603 1112 2659 Baluaius.
1150 2605 1202 2659 Sed

184 2693 287 2746 alterum
312 2693 451 2745 lectionem
471 2700 575 2744 tuentur
599 2691 673 2744 codd.
692 2691 773 2743 nostri
798 2707 887 2744 omnes
914 2700 941 2743 ct
957 2693 1046 2761 viginti
1063 2691 1200 2746 baluziani.

183 2783 240 2834 blox
258 2780 280 2832 Α
300 2779 404 2832 exhibet
421 2797 453 2834 aa
472 2783 624 2835 commodis.
671 2780 699 2846 2)
719 2783 785 2835 deae
806 2783 906 2849 artifex
924 2783 990 2835 deus
1008 2781 1129 2847 011οη11,
1148 2801 1197 2836 ar-

183 2873 251 2941 tifex
268 2873 334 2923 dous
352 2868 413 2920 dunt
431 2869 594 2937 exemplario,
615 2885 680 2937 quae
692 2869 863 2920 blauutiauum
882 2876 1082 2921 antecesserunt.
1118 2869 1146 2934 3)
1160 2873 1201 2924 dci

180 2961 267 3028 patria
293 2956 334 3009 ed.
353 2954 474 3008 Daveutr.
522 2955 550 3018 4)
576 2959 725 3011 munilibus
743 2955 784 3008 Fr.
803 2955 883 3007 Enim.
905 2955 928 3008 1.
970 2955 1036 3010 Dein
1057 2961 1199 3027 masciaco

183 3051 291 3101 criticos
310 3045 368 3097 edd.
387 3053 449 3098 vett.
469 3061 492 3096 c.
511 3043 601 3097 Remb.
621 3052 647 3096 et
665 3044 770 3110 Erasm.‚
789 3048 914 3115 preciosa
933 3054 1025 3100 cateno
1038 3043 1111 3097 Grav.
1142 3043 1199 3096 llox

180 3139 258 3205 pedae
276 3139 362 3190 nostri
378 3133 407 3186 Β.
444 3131 506 3184 'lum
528 3134 709 3203 corispica‘endi
726 3131 767 3184 Fr.
788 3131 867 3184 Emm.
889 3132 912 3184 1.
948 3131 976 3198 5)
995 3131 1155 3186 tucocbrull
1173 3137 1199 3183 et

182 3221 276 3276 blorell.
307 3222 408 3274 Deinde
427 3223 456 3274 ia
472 3237 522 3274 vos
538 3223 636 3291 pudiea
654 3219 774 3296 exhibent
786 3219 861 3272 codd.
873 3219 914 3272 W.
927 3217 1010 3272 blabd.
1024 3219 1065 3272 Fr.
1079 3219 1159 3271 Erum.
1174 3217 1197 3270 1.

180 3309 209 3362 B.
227 3309 266 3376 A,
292 3309 342 3362 duo
360 3307 415 3362 Ital.
436 3316 462 3360 et
485 3325 517 3360 ex
541 3322 606 3360 corr.
632 3325 652 3360 r.
672 3326 704 3360 m.
723 3307 762 3361 blo
787 3324 837 3360 una
859 3325 916 3360 cum
941 3317 1059 3377 quattuor
1076 3306 1197 3377 Anglicis‚

181 3396 318 3467 item1edd.
336 3405 441 3466 praeter
455 3395 550 3449 blauut.
570 3404 596 3448 et
609 3395 699 3462 Oxou,
719 3413 733 3448 a
753 3395 843 3466 quibus
861 3396 967 3448 voculae
984 3401 1013 3451 in
1030 3414 1079 3451 voa
1097 3398 1197 3460 absunt,

179 3500 263 3553 paene
282 3499 384 3550 omues3
408 3489 438 3540 in
466 3504 516 3541 cos
541 3487 636 3537 rectius
660 3487 685 3537 iu
703 3485 762 3537 Ver.
781 3493 808 3537 et
826 3484 920 3536 blauut.
940 3486 1018 3536 omitti
1037 3485 1132 3537 iudicat
1149 3485 1195 3537 lti—
1295 3525 1298 3534 .

179 3574 282 3642 gabius,
300 3575 370 3627 inter
386 3591 437 3628 coa
455 3575 557 3642 scripsit
570 3571 686 3626 Baluzius
700 3589 732 3625 ex
746 3575 813 3625 ooui.
825 3571 939 3638 Pamelii‚
959 3590 1025 3642 quoa
1040 3575 1110 3626 inter
1121 3575 1196 3628 colia

178 3662 334 3712 iuuentem
351 3661 424 3712 venit
441 3659 606 3713 Goldbomio.
642 3660 674 3730 6)
692 3665 839 3732 Nuptiarum
854 3660 884 3713 A.
920 3659 987 3712 Part.
1006 3669 1030 3714 ct
1046 3659 1113 3712 idem
1131 3659 1196 3710 liber

179 3763 229 3801 om.
248 3762 358 3817 moxque
377 3745 454 3800 babet
472 3753 593 3805 lascivia.
629 3748 678 3800 Pro
698 3759 722 3802 at
740 3753 862 3804 convivia
879 3751 984 3804 lasciva
995 3748 1020 3798 iu
1034 3745 1090 3798 Ver.
1104 3745 1196 3814 legitur

178 3845 202 3889 et
219 3839 359 3889 temulenta
381 3840 508 3891 convicia.
544 3835 571 3888 lu
589 3837 708 3903 proximis
727 3835 768 3888 Fr.
787 3835 868 3889 Emm.
890 3836 912 3888 1.
932 3851 980 3888 cm.
999 3845 1046 3889 eat.
1089 3834 1117 3900 7)
1138 3833 1194 3884 Ad-

179 3920 239 3973 daut
258 3923 307 3974 duo
327 3921 384 3976 llat.
404 3927 534 3994 quondm
556 3927 657 3978 sarvia.
700 3923 802 3976 llabeut
823 3923 888 3976 baec
911 3924 986 3975 etiam
1004 3921 1100 3973 Erasm.
1119 3918 1192 3974 Grau.

178 4006 271 4063 Pamel.
289 4009 382 4079 Rigalt.
400 4009 447 4064 01.
483 4010 533 4063 Sed
552 4009 669 4064 Balozius
692 4013 782 4065 merito
808 4013 935 4082 expunxit.
976 4009 1034 4063 blox
1057 4013 1145 4066 aiacis
1167 4011 1193 4062 in

176 4093 236 4150 blrb
253 4103 355 4152 anatum
372 4107 413 4153 sat
430 4113 446 4152 a
463 4101 565 4168 ciuem
583 4099 653 4169 quod
673 4099 756 4168 reperi
773 4101 799 4154 ia
817 4099 847 4154 Α.
