2880 4696
664 452 706 518 'il

174 597 281 662 salutis
305 602 443 668 accedis
473 613 614 674 aeternae
644 615 770 698 iactura,
801 620 944 685 timeatur.
991 623 1100 691 Clamat
1122 647 1194 695 ecee

175 731 232 794 per
253 717 428 798 prophetam
450 720 570 801 spiritus
598 733 718 792 sanctus
735 726 780 806 ⁵):
809 732 964 798 Discedite
974 731 1012 816 ⁶),
1035 738 1192 821 discedite,

176 830 259 890 emite
281 831 354 892 iude
376 839 407 896 et
427 834 603 900 inmundum
625 841 719 904 nolite
742 850 885 926 cappam
915 851 997 912 ealle
1027 853 1066 915 de
1094 857 1193 921 medio

176 942 258 1018 mata,
281 945 472 1022 separamini
489 939 515 1024 ⁷)
537 949 590 1028 qui
608 951 702 1030 sertia
722 973 799 1018 coeo
820 957 944 1022 domimi.
989 961 1026 1024 Et
1049 966 1099 1046 qui
1120 985 1193 1032 vasa

150 1061 246 1118 esunt
268 1056 378 1120 domini
398 1051 424 1131 ⁸)
448 1078 483 1122 ac
505 1062 645 1144 templum
668 1063 733 1146 dei,
756 1087 795 1130 ne
819 1071 988 1138 inmundum
1011 1083 1138 1161 tangere
1162 1090 1193 1146 et

106 1249 110 1260 ι
176 1166 321 1233 feralibus
344 1172 418 1236 cibis
441 1174 534 1254 pollui
557 1177 722 1260 violarique
746 1192 910 1266 cogantur,
936 1205 997 1252 non
1020 1201 1130 1257 exeunt
1155 1196 1193 1260 de

175 1281 286 1362 medio,
309 1302 366 1346 nec
388 1285 542 1350 recedunt.
579 1287 658 1352 Alibi
674 1310 794 1374 quoque
810 1315 870 1360 vox
884 1293 910 1375 9)
935 1301 1084 1368 auditore
1107 1310 1192 1374 eaelo

174 1415 392 1478 praemonens,
422 1401 492 1482 quid
522 1402 571 1467 dei
600 1423 707 1470 servos
736 1409 837 1475 lacere
865 1419 1040 1499 conveniat,
1071 1422 1191 1490 dicens:

174 1511 240 1574 Eat
256 1507 291 1588 11)
315 1513 353 1576 de
375 1533 423 1590 eo,
443 1517 578 1596 popalus
599 1539 695 1597 meos,
718 1541 756 1586 oe
777 1527 935 1609 particeps
949 1532 995 1596 aia
1010 1534 1193 1602 delictorum

134 1633 162 1676 ¹⁰
174 1627 253 1704 eiua,
277 1633 307 1688 ct
327 1647 366 1690 ae
383 1631 608 1712 peratriaporie
625 1635 729 1715 plopia
752 1639 826 1702 ciue.
866 1641 922 1715 Oui
939 1647 1001 1708 exit
1015 1655 1045 1710 et
1061 1651 1139 1714 cedit
1153 1649 1190 1732 ¹¹)

174 1738 274 1802 delicti
302 1743 450 1825 particeps
481 1762 542 1808 nou
572 1745 611 1809 fit.
656 1747 754 1832 Plagis
785 1771 859 1817 vero
891 1761 921 1818 et
950 1758 1016 1839 ipse
1038 1767 1189 1842 perstrin-

172 1855 255 1937 gitur
277 1851 317 1932 ¹²)
348 1857 398 1938 qui
420 1859 522 1922 socius
546 1860 675 1924 criminis
699 1864 855 1930 invenitur.
901 1868 937 1932 Et
959 1870 1029 1936 ideo
1052 1875 1188 1942 dominus

171 1969 203 2032 in
218 1965 259 2047 13)
282 1972 493 2052 perseeutione
515 1973 662 2038 secedere
685 1982 715 2039 et
735 1976 844 2063 fugere
865 1985 1024 2067 mandavit,
1046 1995 1135 2071 atque
1154 2000 1187 2056 ut

942 2139 956 2164 a

172 2195 205 2248 W
215 2212 235 2249 r.
247 2213 280 2248 m.
296 2197 400 2250 addidit.
426 2197 476 2252 Pro
490 2205 642 2272 peccatoque
655 2203 679 2253 in
692 2203 723 2254 W
735 2212 788 2258 erat
801 2223 934 2275 quamque.
970 2209 1000 2278 1)
1014 2213 1046 2266 Ut
1059 2215 1187 2272 etaiam

174 2285 231 2335 dant
247 2284 338 2340 Remb.
356 2284 454 2338 Erasm.
474 2285 547 2357 Grau.
565 2288 656 2342 Manat.
675 2289 768 2344 Pamel.
787 2290 879 2360 Rigalt.
899 2291 978 2349 Oxou.
1023 2296 1051 2349 Iu
1069 2300 1126 2355 cod.
1146 2303 1186 2354 llb

174 2386 223 2424 rec.
239 2375 287 2424 ieta
306 2387 393 2425 manua
410 2383 440 2428 ot
456 2384 513 2442 post
532 2379 658 2432 ebrietur
676 2381 861 2447 superscripsit.
898 2381 949 2433 Sed
974 2395 1003 2438 ut
1017 2375 1122 2439 'merum
1149 2400 1187 2443 est

170 2458 304 2527 glossema,
324 2461 391 2530 quod
408 2461 464 2514 rell.
483 2461 541 2514 libri
560 2466 656 2532 scripti,
674 2468 701 2518 in
719 2465 808 2535 quibus
828 2477 885 2520 eunt
902 2473 978 2522 etiam
991 2481 1109 2541 quattuor
1120 2476 1186 2545 Vct,

168 2549 279 2617 itemque
307 2548 366 2600 editi
392 2557 464 2600 recte
489 2552 613 2604 omittunt.
655 2557 802 2624 ldaepoaitio
828 2559 916 2625 (supra
944 2568 1023 2613 notet.
1048 2564 1081 2615 ab
1106 2580 1126 2615 r.
1152 2583 1185 2619 m.

169 2639 296 2690 Obriatur
315 2635 361 2703 al.)
379 2637 457 2690 babet
470 2637 517 2690 blo.
553 2638 611 2691 blox
629 2653 749 2696 aeteamae
766 2645 791 2694 iu
807 2643 838 2694 W
852 2660 916 2698 corr.
930 2663 961 2698 m.
981 2649 1025 2701 int.
1045 2667 1069 2702 v.
1081 2650 1185 2706 addidit.

168 2721 238 2774 ldem
261 2722 326 2776 liber
350 2725 417 2776 male
441 2725 529 2778 scribit
553 2731 698 2784 timeremur.
733 2731 761 2793 5)
787 2735 889 2786 Clamat
910 2737 1029 2790 domiuus
1051 2756 1100 2808 per
1115 2757 1183 2810 pro-

164 2815 261 2881 pbetas
284 2816 373 2866 eoacti
395 2816 512 2883 spiritua
537 2817 575 2880 (iu
600 2818 661 2881 ras.)
687 2817 790 2870 exbibet
807 2819 861 2884 lla,
888 2825 966 2874 etiam
988 2837 1035 2889 pro
1059 2841 1118 2876 eece
1136 2824 1183 2892 bb,

165 2915 216 2967 per
232 2903 372 2967 propbetas
389 2900 430 2966 W,
447 2912 558 2956 sauctus
576 2907 694 2973 apia-ttae
706 2902 753 2969 Bb,
771 2909 885 2974 spiritua
904 2913 992 2962 saneti
1004 2909 1052 2962 llld.
1082 2912 1111 2976 6)
1126 2912 1184 2966 Vid.

165 2985 252 3038 lleaai.
268 2985 312 3051 52,
327 2986 367 3039 11.
402 2987 434 3052 7)
447 2999 470 3042 et
482 2993 644 3056 separamini
656 2989 707 3054 tlh,
720 2995 884 3047 mundamini
896 2993 983 3046 llemb.
997 2993 1093 3050 Erasm.
1107 2999 1182 3053 Grae.

165 3071 262 3124 Manat.
280 3072 420 3142 blargxed.
442 3073 514 3127 Grav.
533 3080 693 3144 separemini
716 3093 802 3128 errore
828 3081 994 3147 typothetico.
1036 3083 1183 3140 lectionem

167 3165 333 3230 separamini
358 3163 505 3216 confirmant
528 3179 577 3216 nou
603 3164 685 3216 solum
711 3164 767 3218 rell.
785 3165 844 3218 libri
868 3182 943 3219 manu
962 3175 1055 3223 exarati
1074 3181 1100 3224 et
1116 3177 1184 3244 typis

168 3249 293 3316 expressi,
311 3249 356 3300 aad
375 3251 449 3302 etiam
463 3250 522 3302 Ver.
543 3259 568 3302 et
586 3251 637 3303 duc
656 3251 738 3320 Neap.
776 3251 804 3314 8)
823 3252 1005 3308 Desiderantur
1022 3258 1087 3311 baec
1104 3262 1183 3316 verba
1256 3292 1259 3297 ·

167 3337 191 3387 in
209 3337 247 3400 A;
266 3347 330 3392 aaut
347 3355 415 3392 caca
432 3337 526 3406 legitur
543 3340 567 3390 in
587 3339 645 3392 edd.
665 3339 806 3411 ldqnutiana
826 3343 1015 3410 antiquioribus.
1053 3345 1141 3400 Statim
1159 3359 1183 3404 et

103 3455 114 3471 .
166 3425 226 3494 (pro
245 3426 292 3488 ac)
311 3428 436 3494 templum
453 3424 531 3478 babet
546 3426 597 3492 lla,
616 3431 712 3498 templa
731 3427 787 3494 llb,
810 3438 836 3482 et
853 3445 899 3496 pro
920 3448 952 3484 ae
970 3430 1025 3498 lle,
1049 3443 1183 3505 temperent

165 3514 215 3579 tlt,
233 3517 370 3585 p‘erueilae
389 3512 436 3580 bb,
455 3530 563 3584 moxque
584 3525 714 3586 caperetur
731 3515 780 3568 lla.
817 3516 844 3580 9)
862 3535 918 3572 voce
935 3537 1034 3591 qaoque
1047 3521 1076 3572 A.
1119 3520 1181 3574 Tum

165 3605 311 3660 expeditur
327 3599 375 3653 Bb.
412 3600 511 3655 Deinde
528 3608 681 3674 premitteres
700 3603 732 3668 A,
750 3621 923 3674 praemonent
941 3610 1033 3662 dicerer
1050 3611 1117 3676 qood
1133 3606 1179 3663 Β).

165 3689 248 3742 Primo
268 3692 327 3759 qui,
347 3705 445 3743 exem.
465 3707 535 3744 r.rn.
554 3695 617 3763 quid
634 3691 681 3756 W;
706 3702 730 3748 et
748 3696 812 3746 dieta
828 3692 878 3744 tlh.
914 3693 970 3744 Vid.
989 3693 1070 3758 Apoc.
1091 3693 1136 3758 18,
1154 3693 1179 3746 4.

167 3777 212 3842 to)
231 3780 316 3834 licite
338 3781 369 3832 de
391 3795 422 3830 ea
439 3776 490 3844 lta,
508 3782 579 3833 emite
596 3777 697 3844 eallb‚
724 3783 771 3834 eece·
797 3783 820 3844 (i
842 3781 867 3832 in
891 3786 953 3842 ree.)
970 3779 1010 3832 W.
1046 3779 1116 3832 ldem
1139 3795 1176 3848 pr.

164 3868 288 3936 propolae.
322 3863 350 3916 ln
373 3864 482 3918 clausula
507 3870 567 3922 eiua
591 3870 710 3920 omissum
730 3870 756 3920 iu
773 3867 805 3920 A.
844 3869 889 3929 11)
909 3869 1031 3922 ceciderit
1049 3865 1079 3918 A.
1116 3867 1178 3920 'lum

165 3955 320 4008 delictorum
351 3955 411 4022 ajam
441 3957 575 4024 particeps
608 3954 655 4006 lle.
705 3955 750 4020 12)
779 3957 971 4023 comtrimpitur
994 3952 1039 4006 Bb.
1065 3953 1122 4008 llcd
1150 3964 1176 4008 et

165 4050 226 4097 vett.
245 4042 320 4110 edd,
345 4045 404 4096 item
428 4043 524 4098 Eraem.
550 4053 626 4117 atque
652 4045 745 4100 Manat.
788 4045 836 4114 13)
855 4049 884 4100 to
908 4059 923 4096 a
947 4059 967 4098 r.
985 4057 1017 4096 m.
1036 4041 1113 4096 babet
1128 4043 1175 4102 tta.
