2880 4696
617 335 676 402 121

138 495 239 578 pidius
263 493 422 576 adpetere,
453 493 522 576 quid
550 494 646 577 magis
668 493 749 558 velle
771 512 807 558 ao
827 500 933 558 tenere
953 491 1055 574 ποεῖ)
1077 512 1156 560 eon-

139 609 232 686 venit,
256 626 343 689 quam
367 615 399 670 ut
420 606 570 671 radicibus
594 606 699 670 lortius
721 606 798 686 lixis,
823 613 853 670 et
874 607 1026 672 domiciliis
1043 610 1156 674 nostrie

139 740 234 803 super
255 728 370 802 petram
392 721 514 784 robusta
537 720 615 784 mole
637 719 789 799 solidatis,
817 721 991 786 inconcussi
1021 721 1058 786 ad
1080 740 1156 804 pro-

140 835 232 898 cellas
263 840 293 896 et
321 834 454 898 turbines
485 833 581 898 seculi
611 839 736 914 eternus,
769 839 801 896 ut
827 833 864 898 ad
887 833 936 898 dei
958 853 1079 899 munera
1102 855 1157 918 per

112 949 241 1013 edivina
264 955 426 1030 praecepta
449 949 611 1027 veniamus,
635 948 862 1012 considerantes
877 951 988 1031 pariter
1003 968 1038 1013 ae
1054 951 1157 1016 scien-

140 1069 188 1126 tes
210 1061 293 1144 quod
315 1061 423 1142 templa
446 1061 495 1124 dei
516 1064 575 1124 sint
597 1063 727 1124 membra
750 1069 868 1142 nostra,
901 1066 939 1127 ab
969 1065 1049 1128 omni
1072 1063 1157 1128 faece

139 1174 330 1258 contagionis
356 1174 493 1254 antique
514 1172 625 1236 lavacri
647 1175 742 1237 vitalis
765 1176 995 1240 sanctificatione
1019 1184 1155 1260 purgata,

137 1307 198 1352 nee
221 1288 326 1352 violari
349 1306 385 1350 ea
408 1294 457 1350 aut
476 1287 572 1370 ‘pollui
595 1287 639 1351 las
670 1289 724 1366 sit,
756 1289 874 1370 quando
906 1291 957 1370 qui
985 1291 1094 1371 violat,
1126 1297 1157 1354 et

138 1404 205 1485 ipse
228 1402 364 1466 violetur.
410 1402 520 1466 Eorum
543 1420 599 1466 nos
616 1399 643 1481 ⁴)
667 1403 842 1484 templorum
866 1404 996 1468 cultores
1019 1412 1049 1468 et
1076 1407 1156 1470 anti-

97 1520 224 1582 anstites
248 1535 358 1582 sumus.
404 1517 573 1582 serviamus
596 1517 647 1596 illi,
670 1517 754 1582 cuius
779 1535 848 1580 esse
870 1519 927 1581 iam
943 1516 971 1598 5)
993 1521 1155 1602 coepimus.

134 1632 244 1697 Paulus
267 1633 296 1696 in
319 1632 452 1714 epistolis
467 1627 495 1710 6)
522 1633 584 1694 suis
614 1631 700 1712 dicit,
732 1634 838 1713 quibus
868 1650 925 1696 nos
948 1632 985 1696 ad
1008 1634 1155 1698 curricula

134 1749 258 1813 vivendi
293 1765 349 1829 per
380 1746 478 1810 divina
509 1749 678 1832 magisteria
702 1748 854 1812 formavit:
888 1749 960 1813 Nou
991 1751 1067 1812 estis
1099 1768 1154 1812 ve-

133 1865 196 1927 stri
213 1857 258 1942 ⁷),·
288 1865 379 1942 empti
401 1863 482 1924 euim
505 1849 580 1926 estis
601 1882 721 1944 meque.
770 1863 946 1943 clarificate
965 1859 993 1942 ⁸)
1022 1873 1052 1926 et
1076 1883 1153 1944 por-

138 2019 347 2027 ——-—.---—--

207 2093 236 2160 3)
257 2109 309 2147 nas
327 2107 376 2144 om.
395 2089 435 2142 W.
471 2090 499 2142 lu
517 2107 587 2160 seqq.
609 2090 715 2144 Amale
736 2093 824 2145 scribit
848 2097 939 2161 pimus,
965 2095 1056 2146 esium.
1092 2089 1154 2143 Tum

136 2187 243 2238 uostris
267 2197 282 2232 a
307 2195 373 2234 corr.
397 2195 430 2232 m.
456 2196 532 2248 supra
556 2180 682 2233 adiectum
705 2183 731 2232 in
754 2181 794 2234 W.
836 2181 925 2234 Statim
950 2200 1034 2252 surpra
1055 2190 1156 2250 petrum

139 2272 215 2325 ollert
227 2271 257 2323 tt.
287 2269 366 2322 Paulo
385 2266 448 2337 pcst'
462 2272 496 2322 cd
512 2272 691 2339 procellarum
709 2273 828 2324 turbines
840 2269 889 2323 llb.
924 2269 994 2322 ldem
1009 2279 1033 2322 et
1051 2283 1098 2336 pro
1113 2277 1155 2330 ut,

140 2361 207 2428 quod
226 2359 266 2412 W.
286 2357 325 2410 lla
345 2367 371 2411 et
389 2357 409 2409 B
428 2359 562 2422 omittunt,
587 2357 626 2408 blc
640 2367 736 2426 ‘autem
763 2375 816 2411 atr.
834 2375 867 2412 m.
887 2359 973 2412 habet.
1009 2357 1155 2410 lectionem

138 2451 174 2502 acl
197 2451 239 2501 dei
259 2464 370 2502 munem
398 2445 547 2498 confirmant
573 2445 646 2498 codd.
665 2449 745 2498 nostri
771 2462 859 2500 omnes
885 2457 911 2500 et
928 2454 1047 2517 quattuor
1064 2443 1155 2510 Italici,

136 2539 173 2590 ud
190 2539 289 2590 domiui
306 2553 340 2586 m.
359 2533 436 2586 babet
455 2534 526 2599 Van,
545 2539 579 2590 ud
597 2538 701 2590 &bristi
717 2555 751 2590 m.
770 2536 832 2588 dant
844 2535 937 2590 Manat.
956 2552 979 2587 e.
998 2535 1056 2587 edd.
1075 2548 1155 2602 prae·

136 2624 296 2689 cedentibus,
315 2622 482 2675 iternPamel.
495 2622 586 2692 Rigalt.
601 2621 680 2676 Onon.
711 2623 770 2676 Mox
783 2627 982 2679 consideramus
996 2623 1025 2675 Α.
1057 2621 1155 2674 Deinde

135 2717 193 2768 siut
212 2727 276 2764 corr.
296 2712 380 2762 manui
399 2709 477 2762 debet
490 2709 531 2774 W,
551 2720 615 2765 suaet
632 2710 718 2764 scribit
731 2714 760 2764 Α.
798 2710 846 2762 Pro
864 2709 1036 2766 membrulis
1054 2727 1069 2762 a
1087 2724 1108 2763 r.
1122 2726 1154 2762 nr.

36 2865 41 2877 .
134 2806 161 2855 in
187 2818 237 2870 mg.
257 2800 333 2852 habet
356 2817 475 2853 munera.
511 2797 628 2850 Proxime
654 2803 821 2870 eoqitutiauis
840 2802 943 2868 entique
962 2797 1003 2849 ed.
1022 2796 1154 2862 Devenit„

135 2893 239 2959 antiqui
264 2887 294 2941 Α.
338 2886 440 2939 Excidit
463 2890 555 2940 vitulis
581 2889 606 2937 in
632 2886 679 2939 lla.
725 2885 785 2938 Tum
812 2904 860 2940 uec
883 2889 967 2956 pottui
990 2883 1098 2953 praebet
1123 2883 1154 2935 tt.

135 2979 201 3032 blan
219 2989 244 3031 st
266 2985 324 3028 ante
348 2979 408 3045 ipse
432 2977 546 3028 violetur
569 2975 637 3026 idem
664 2973 730 3025 liber
756 2990 806 3025 om.
853 2973 881 3038 l)
902 2975 1006 3026 Etenim
1029 2988 1081 3025 uos
1106 2969 1154 3022 tta.

133 3067 202 3119 Dein
232 3070 369 3119 antestites
398 3062 446 3114 blo.
501 3061 528 3127 5)
560 3065 631 3116 ittieo
662 3079 722 3115 esse
753 3065 807 3114 ium
834 3059 871 3126 A,
902 3064 954 3113 iant
984 3076 1044 3114 esse
1070 3058 1153 3111 llbcd.

133 3156 164 3217 6)
191 3157 314 3224 epistulis
340 3151 380 3204 tta
408 3159 433 3202 et
459 3166 497 3218 pr.
523 3149 571 3201 blb.
626 3148 682 3200 ttox
711 3152 786 3216 pouit
817 3160 841 3203 et
872 3152 935 3202 dicit
962 3148 1001 3201 ed.
1031 3147 1154 3202 Devenit.

132 3241 197 3296 Post
231 3244 326 3311 quibus
360 3256 411 3292 uos
440 3237 480 3288 W.
511 3235 558 3290 lla.
589 3234 609 3287 B
641 3245 667 3288 et
700 3244 752 3289 tres
794 3238 890 3307 antiqui
920 3235 1051 3289 Baluziani
1088 3237 1154 3288 male

132 3329 233 3383 addunt
267 3330 468 3390 successimus,
507 3327 532 3376 in
564 3325 604 3377 llb
638 3325 749 3378 deletum
783 3334 822 3378 est
855 3328 1037 3380 succcessibus.
1095 3324 1154 3379 Vid.

135 3421 159 3471 t.
180 3416 238 3470 Cor.
262 3415 294 3482 3,
322 3415 442 3466 16-17.
504 3415 543 3483 7)·
562 3417 650 3468 uestri
673 3413 702 3466 Α.
749 3413 817 3466 ldern
849 3413 913 3466 liber
940 3422 966 3465 et
991 3412 1050 3467 Ver.
1076 3413 1154 3481 (teste

132 3505 259 3575 Rigaltio]
279 3519 328 3556 ona.
347 3506 425 3557 euim.
461 3501 526 3554 Dein
546 3501 618 3554 llbcd
637 3501 759 3556 exhibent
775 3506 882 3570 praecio
906 3519 1015 3572 moeno,
1039 3500 1077 3566 Α,
1102 3499 1153 3553 Pa·

133 3593 224 3645 melius
243 3600 270 3642 et
288 3590 410 3659 Rigaltius
427 3595 516 3659 precio
535 3609 579 3657 au,
600 3598 651 3642 tres
670 3589 746 3640 codd.
765 3587 818 3640 ltal.
836 3593 921 3658 pretio
940 3607 991 3654 su,
1010 3591 1073 3640 item
1094 3589 1152 3640 edd.

134 3679 216 3733 Oxou.
234 3677 322 3731 Baluz.
342 3675 430 3730 (totth.
466 3677 570 3731 luvereo
596 3679 686 3730 ordine
704 3675 744 3728 tta
769 3695 862 3747 mayoc
876 3681 951 3750 ᾗείο,
975 3673 995 3726 Β
1020 3692 1041 3728 c.
1061 3677 1154 3728 ceteris

134 3767 227 3834 editis,
252 3769 273 3818 si
299 3767 411 3833 excipias
429 3766 617 3832 blanutiauuur,
642 3783 676 3819 m.
694 3767 793 3833 precio.
830 3763 879 3817 Sed
898 3781 923 3818 v.
940 3767 1027 3834 pretio
1046 3777 1060 3813 a
1079 3764 1153 3816 codd·

135 3855 197 3908 Ver.
221 3864 248 3906 et
266 3853 316 3918 W,
340 3868 389 3906 neo
412 3869 464 3907 nou
490 3854 522 3907 ab
549 3853 589 3906 ed.
614 3851 708 3904 Manut.
734 3850 823 3902 merito
848 3850 935 3914 abest3
960 3847 1062 3902 redolet
1087 3851 1153 3902 euim

134 3959 230 4000 meram
248 3941 378 4011 glossam,
401 3958 467 4012 quae
488 3958 521 3994 ex
537 3957 588 4011 mg.
606 3941 633 3994 in
652 3947 747 3992 textum
765 3939 872 4009 inspuit.
908 3938 937 4010 8)
958 3938 1108 4009 clarificate
1127 3945 1153 3990 et
