2868 4700
761 431 806 496 24

274 612 368 675 sopor
388 611 455 656 eom
483 589 575 653 nob.
620 587 691 652 Non
719 590 838 654 loculus
858 607 925 654 eoos
957 589 1002 652 od
1027 583 1146 669 eosw),
1177 595 1208 656 ei
1227 590 1290 672 ipsi

271 707 536 790 prophetaverunt.
566 703 601 766 Si
621 706 775 768 stetissent
795 707 829 768 in
842 705 1014 769 substantia
1035 699 1103 766 meo
1127 710 1158 766 et
1178 704 1288 768 sodis-

275 828 344 884 seot
363 818 459 884 serbo
479 814 595 896 nicom)
619 826 649 880 et
665 820 694 882 si
716 819 891 883 docuissent
906 819 1052 900 populum
1073 837 1186 896 meum,
1209 837 1288 882 coo·

276 935 432 1000 vertissem
439 928 481 1010 ²²)
497 950 550 996 eos
564 952 584 995 o
599 933 689 995 motis
703 932 938 1013 copitotionibus
952 951 1064 996 coron
1087 931 1151 996 llos
1167 932 1290 996 eosdem

249 1048 378 1112 adenuo
401 1046 539 1110 dominus
562 1045 699 1128 designat
721 1053 752 1108 et
774 1046 895 1110 denotat
916 1046 1019 1110 dicens
1027 1043 1092 1130 Ὃκ
1126 1046 1175 1108 lle
1197 1047 1289 1110 tere.

276 1162 432 1242 liquerunt
450 1160 566 1240 fontem
587 1177 686 1240 oquae
707 1155 838 1236 oitoffl)
861 1167 891 1222 et
920 1159 1089 1242 effoderunt
1115 1160 1177 1222 sibi
1205 1161 1292 1224 tucos

276 1275 420 1352 detritos,
444 1273 497 1356 qui
517 1291 579 1334 non
598 1280 729 1352 possunt
751 1291 861 1353 opoom
879 1280 1017 1353 portare.
1063 1272 1190 1347 Quando
1213 1275 1292 1338 aliud

275 1390 418 1472 baptisma
449 1394 571 1471 praeter
600 1404 691 1449 unum
708 1393 793 1449 'esse
832 1403 894 1450 non
933 1387 1043 1468 possit,
1073 1387 1226 1468 baptizare
1256 1407 1291 1453 sc

277 1499 417 1586 pcsse²⁵)
446 1499 611 1584 opinantur.
655 1500 740 1562 Vitae
771 1498 853 1563 fonte
881 1499 1001 1564 deserto
1034 1500 1131 1595 vitalis
1155 1507 1185 1564 et
1206 1503 1293 1566 salu-

136 1589 139 1612 *
239 1615 348 1680 sobna
376 1632 471 1696 aquae
503 1613 628 1696 gratiam
661 1611 848 1691 pollicentur.
892 1611 960 1675 Non
991 1612 1148 1676 abluuntur
1180 1613 1293 1701 intell)

275 1729 429 1806 homines,
452 1727 506 1792 sed
521 1726 620 1808 potius
637 1724 842 1806 sordidantur,
866 1745 923 1790 neo
937 1733 1103 1810 purgantur
1121 1725 1292 1810 delicta²⁷)‚

275 1842 331 1910 sed
361 1843 449 1905 immo
486 1839 678 1904 cumulantur.
722 1839 790 1903 Non
821 1835 928 1918 deo²⁸)
966 1841 1104 1904 nativitas
1133 1841 1198 1922 illa,
1237 1844 1293 1907 sed

277 1956 396 2021 diabolo
417 1954 493 2017 lilios
515 1955 649 2035 generat.
687 1951 745 2012 Per
766 1951 951 2014 mendacium
975 1953 1035 2014 nali
1061 1953 1194 2016 veritalis
1215 1973 1293 2034 pro-

276 2068 366 2132 missa
388 2084 449 2130 non
473 2063 609 2144 capiunt,
632 2060 670 2124 de
693 2061 815 2143 perfidia
839 2063 989 2144 procreati
1011 2062 1081 2126 lidei
1110 2063 1292 2154 graliamw)

239 2201 265 2245 aa
277 2181 419 2263 perdunt,
449 2176 485 2239 ad
507 2177 589 2258 pacis
619 2176 780 2257 praemium
822 2172 827 2256 1
868 2178 973 2238 venire
995 2194 1056 2240 non
1087 2186 1214 2262 possunt
1242 2183 1291 2264 qui
1306 2197 1348 2242 na

279 2313 383 2379 paoem
407 2291 517 2357 domini
541 2289 709 2352 discordiae
733 2289 836 2352 lurore
859 2297 1011 2372 ruperunt.
1151 2271 1160 2282 “

282 2483 487 2492 ---—-—--

351 2587 397 2656 20)
415 2588 524 2642 Hieram.
544 2588 586 2654 23,
605 2586 718 2640 21—22.
754 2583 800 2652 21)
818 2593 842 2636 et
859 2587 996 2640 audissent
1015 2591 1091 2642 oeric
1108 2606 1165 2642 meo
1183 2605 1232 2644 orn.
1246 2589 1293 2646 Bu.

278 2685 305 2730 et
322 2679 353 2730 Α,
395 2677 442 2742 22)
462 2680 653 2733 convertissem
676 2681 798 2724 mutatum
821 2673 846 2724 in
871 2677 1028 2728 evenissem
1051 2676 1077 2726 in
1099 2674 1156 2740 lllb,
1177 2694 1293 2732 emacr-

277 2766 374 2819 tissent
391 2765 504 2817 scribitur
516 2767 542 2816 in
554 2764 595 2818 W.
607 2762 654 2816 llla.
668 2761 705 2812 Ba
719 2769 744 2812 et
759 2760 807 2824 lle,
826 2777 879 2813 nois
891 2764 1035 2816 vertissent
1047 2764 1073 2814 in
1086 2761 1132 2814 Bb.
1169 2761 1216 2833 23)
1227 2764 1293 2818 llis·

278 2868 341 2904 rem.
359 2852 390 2920 2,
411 2852 451 2906 13.
470 2853 512 2905 24.
553 2852 590 2903 lta
609 2851 668 2902 Ver.
690 2865 737 2916 pro
763 2847 832 2916 vulg.
857 2851 934 2902 vicos
960 2857 986 2900 ct
1010 2850 1051 2901 hie
1076 2857 1101 2901 et
1123 2847 1203 2918 Epist.
1222 2851 1293 2907 lxx,

278 2957 304 3008 p.
325 2940 382 2993 125.
418 2939 521 3008 Legitur
539 2941 606 2992 onim
624 2955 664 3006 ap.
683 2935 768 2988 LXX:
796 2933 838 2997 ἐμὲ
856 2933 1011 3000 ἐγκατέλιπον
1029 2934 1107 3003 πηγήν
1123 2935 1212 2995 ὓδατος
1230 2941 1293 3003 ζωῆς.

279 3027 396 3081 Similiter
412 3027 506 3080 Noster
523 3025 586 3078 inira
604 3028 673 3078 vitoe
693 3029 764 3093 fonte
788 3026 901 3078 desumo.
937 3021 1003 3076 Dein
1022 3024 1044 3075 Α
1062 3027 1198 3091 foderunt,
1223 3028 1293 3096 quod

279 3117 398 3168 convenit
416 3113 514 3166 Graeco
533 3109 622 3178 ὤρυξαν
640 3127 680 3178 ap.
698 3109 768 3164 lxx.
805 3110 862 3162 llox
881 3114 952 3166 tatus
970 3111 1036 3162 idem
1055 3111 1135 3177 liber,
1154 3116 1228 3168 taeos
1246 3112 1291 3167 Ba.

279 3204 341 3256 Turn
358 3206 481 3258 detriclos
499 3201 547 3252 Bb.
589 3198 636 3267 25)
655 3217 685 3252 se
702 3217 783 3267 posse
800 3215 849 3250 om.
868 3199 907 3263 Α,
930 3215 1010 3268 posse
1027 3215 1058 3253 so
1076 3199 1197 3252 exhibent
1214 3201 1291 3254 codd.

279 3290 333 3344 Bab
358 3299 384 3344 et
407 3289 466 3342 cdd.
486 3286 633 3340 Gravianarn
659 3287 847 3339 antecedentes.
883 3286 952 3340 Delit
974 3304 1056 3357 posse
1083 3288 1109 3337 in
1127 3286 1159 3336 W
1177 3296 1204 3340 et
1228 3288 1292 3341 blac.

279 3378 326 3442 26)
350 3377 387 3428 lta
410 3375 484 3429 codd.
503 3375 581 3426 nostri
605 3382 631 3424 et
654 3381 705 3426 tres
723 3373 796 3443 Aegl.
817 3391 839 3427 c.
858 3374 916 3428 cdd.
936 3374 1078 3426 llanudana
1098 3375 1291 3442 antiquioribus,

279 3466 339 3518 item
356 3461 490 3514 leuuiana
508 3469 584 3529 atque
605 3458 803 3526 Goldhorniana‚
822 3464 879 3516 ittis
899 3460 957 3513 edd.
975 3460 1067 3512 Manat.
1085 3459 1180 3512 Parnel.
1199 3461 1292 3530 Rigalt.

281 3561 307 3604 et
325 3548 404 3603 Onon.
440 3549 487 3616 27)
506 3547 627 3600 blandose
644 3551 739 3603 diiecto
755 3546 802 3600 Bb.
839 3547 900 3598 Tum
924 3551 1003 3600 immo
1029 3546 1100 3616 (ymo
1124 3547 1161 3612 ll,
1185 3532 1213 3602 isi
1240 3553 1292 3604 imo

281 3637 332 3704 lle)
351 3652 399 3688 orn.
419 3635 486 3689 blbd.
522 3633 571 3686 Pro
590 3638 761 3690 orsmotontnr
778 3634 818 3686 W.
837 3633 910 3686 blabo
934 3641 960 3686 ot
978 3631 1032 3684 Bab
1057 3633 1178 3686 exhibent
1196 3618 1291 3692 noea.

280 3728 378 3778 ionias.
419 3722 466 3791 28)
484 3725 541 3777 Non
558 3724 617 3777 ideo
635 3723 672 3788 Α,
697 3740 751 3776 non
774 3725 877 3776 domino
902 3718 949 3773 Bb.
990 3718 1037 3784 29)
1061 3730 1086 3774 et
1107 3724 1221 3790 protiosae
1243 3723 1291 3779 bia.

281 3810 348 3862 Dein
363 3813 531 3879 perdiderunt
549 3809 597 3866 ltb.
633 3809 691 3864 Mox
708 3809 776 3861 idem
793 3811 940 3881 pernescire.
971 3805 1034 3860 'lum
1052 3810 1097 3878 qui
1115 3823 1130 3858 o
1148 3811 1210 3876 qaia
1228 3825 1292 3864 corr.

282 3899 307 3951 in
326 3897 425 3952 eodem.
