2904 4692
759 374 802 442 50

269 541 300 598 et
318 529 356 609 ¹²)
386 531 552 595 instantiam
583 532 670 596 simui
700 539 730 594 et
759 533 949 598 concordien
980 533 1186 616 declarantes,
1221 539 1289 618 quin

269 644 353 722 deus,
378 645 428 725 qui
452 644 617 708 inhabitare
641 643 710 708 iecit
733 648 889 712 unanimes
912 647 940 710 in
964 646 1065 726 donno,
1088 665 1149 714 nott
1166 648 1290 714 admittit

268 758 296 820 in
322 758 448 820 divinem
472 765 502 822 et
524 766 676 824 aeternnm
700 759 836 841 domum,
859 760 916 824 nisi
940 760 1015 843 opud
1040 779 1117 842 quos
1141 768 1188 824 ost
1211 781 1289 826 unn-

268 862 363 954 nimis¹
377 872 482 937 oratio.
528 873 632 948 Qualia
656 881 755 938 nutent
780 880 848 938 sunt
869 871 923 952 ¹³),
956 874 1065 938 inatres
1096 867 1288 955 dilectissimi,

268 987 410 1052 orationis
433 987 598 1050 dominicae
619 994 815 1067 snorontento,
840 1005 926 1068 quoto
944 988 1043 1065 muita,
1069 1008 1155 1069 qunnn
1172 1007 1288 1072 inagna,

267 1101 397 1162 breviter
428 1101 456 1162 in
489 1119 630 1164 sermone
661 1103 803 1180 collecte,
836 1100 890 1164 sed
919 1104 950 1164 in
978 1103 1088 1166 virtute
1117 1105 1288 1185 spiritaliter

267 1214 406 1295 copiose,
429 1220 460 1276 ut
483 1215 553 1278 nittii
577 1216 697 1278 omnino
719 1215 964 1296 praetermissum
988 1216 1043 1294 sit,
1071 1217 1150 1295 quod
1174 1235 1232 1279 non
1256 1218 1286 1280 in

266 1327 406 1409 precibus
431 1335 520 1409 etque
543 1329 729 1392 orationibus
752 1329 863 1391 nostris
885 1329 1023 1392 caelestis
1040 1327 1193 1392 doetrinae
1208 1347 1287 1393 con-

266 1441 376 1523 pendio
400 1441 678 1523 conprehendatur!
726 1477 728 1485 =

750 1639 799 1709 tt.

353 1781 416 1857 Sic,
441 1783 480 1844 nit
497 1781 534 1860 Ι),
557 1789 645 1844 orato
660 1778 705 1855 9).·
728 1781 820 1844 Pater
843 1788 962 1857 noster,
986 1782 1039 1862 qui
1062 1801 1097 1844 es
1119 1783 1153 1843 in
1177 1785 1284 1845 caelis.

265 1894 359 1958 Homo
383 1905 480 1958 novus
503 1903 625 1957 renatus
650 1901 679 1956 et
702 1895 760 1957 deo
778 1891 805 1965 ³>
837 1912 892 1958 suo
918 1912 973 1975 per
996 1895 1060 1958 eius
1083 1896 1206 1976 gretiam
1229 1915 1284 1958 re-

265 2010 383 2072 stitutos
412 2015 503 2085 pater
533 2009 628 2088 primo
658 2009 688 2069 in
718 2008 787 2070 loeo
819 2007 906 2086 dicit,
939 2007 1008 2088 quio
1033 2007 1111 2071 fitius
1135 2027 1204 2072 esse
1227 2010 1284 2072 iotn

336 2182 382 2250 12)
402 2191 425 2234 et
443 2194 492 2231 om.
507 2178 564 2230 Ver.
585 2185 611 2230 et
627 2178 757 2246 exemplos
771 2178 834 2232 Dnv.
867 2178 966 2231 Deinde
978 2182 1107 2234 instantia
1119 2209 1150 2218 -
1166 2197 1283 2235 concor-

265 2275 335 2328 diam
354 2270 446 2321 vitiose
465 2267 551 2320 scribit
564 2267 593 2330 C,
612 2271 740 2322 instantia
753 2295 785 2304 -
798 2271 940 2322 eoncordia
957 2267 981 2317 in
999 2266 1080 2318 tribus
1097 2267 1171 2318 codd.
1188 2268 1284 2319 invenit

269 2354 493 2420 nantonense.
513 2353 652 2406 miscente.
674 2352 818 2408 obenan.
840 2353 894 2404 vot.
913 2352 954 2405 ιιι.
974 2353 1043 2404 nom.
1059 2354 1077 2405 ι.
1096 2371 1121 2422 ρ.
1135 2354 1180 2413 53}
1200 2339 1283 2406 tine-

264 2460 314 2513 qne
332 2444 468 2495 lectionem
492 2444 549 2493 sine
574 2457 651 2492 cause
671 2444 695 2490 in
714 2449 810 2490 textum
829 2441 927 2506 recepit
945 2439 1123 2491 Goldinornins.
1162 2438 1219 2492 dion
1238 2444 1285 2510 qui

263 2533 381 2586 dubitare
396 2534 461 2600 sedit
480 2527 525 2580 Bb.
564 2527 629 2579 Dein
648 2532 676 2579 in
695 2530 769 2579 donno
788 2543 843 2579 nna
861 2525 891 2576 tt.
929 2525 979 2576 Sed
998 2527 1050 2577 nid.
1071 2525 1163 2578 Pseim.
1182 2527 1226 2594 ot,
1246 2529 1283 2591 7.,

263 2618 307 2669 ubi
326 2617 432 2686 legitur:
461 2613 474 2665 o'
496 2613 550 2670 θεὸς
567 2613 695 2670 κατοικίζει
712 2608 878 2676 μονοτρόπους
896 2607 922 2658 ἒν
939 2613 1003 2674 οἴκῳ.
1040 2609 1157 2662 Proximo
1176 2622 1238 2678 pttt’t.
1259 2623 1285 2666 οι

263 2720 313 2757 om.
328 2705 376 2757 dio.
415 2704 554 2757 Pronomen
573 2717 629 2762 ons,
648 2698 713 2766 quod
734 2705 792 2764 post
809 2701 865 2750 nisi
884 2713 915 2748 ex
934 2697 990 2748 cod.
1006 2695 1104 2749 Combe.
1124 2697 1218 2764 primns
1239 2701 1282 2750 in·

263 2794 342 2845 seruit
361 2790 499 2850 Pometios,
521 2787 570 2836 mei
590 2784 664 2838 codd.
684 2799 734 2835 non
753 2793 909 2852 agnoscunt,
933 2799 981 2835 neo
1001 2786 1026 2834 in
1045 2786 1098 2836 suis
1116 2785 1212 2836 invenit
1230 2786 1282 2838 ln-
1350 2818 1355 2830 ,

262 2881 346 2931 tinius.
377 2878 475 2927 ideirco
489 2871 686 2924 odditnmentnm
699 2873 764 2924 istud
779 2872 996 2923 exterminandum
1010 2874 1105 2923 censui.
1143 2872 1188 2940 13)
1201 2878 1280 2940 Qua.

262 2972 299 3020 lio
318 2973 382 3020 eunt
400 2971 486 3014 nutent
505 2959 552 3024 Bb,
571 2963 660 3029 qualia
678 2971 764 3014 nutem
783 2962 837 3013 sint
858 2958 895 3011 W.
916 2957 964 3009 Mn.
1001 2961 1071 3012 Stant
1090 2961 1114 3010 in
1131 2957 1165 3010 Bc
1184 2967 1210 3010 et
1225 2958 1281 3009 diod

263 3072 383 3122 omissum
405 3065 445 3115 die
463 3064 494 3115 nb
515 3080 536 3136 t:
556 3079 589 3114 ιιι.
608 3065 674 3114 inter
692 3079 759 3115 nens.
780 3063 866 3115 hebet.
902 3061 963 3112 Tutn
989 3065 1129 3116 carissimi
1149 3059 1199 3126 Bc,
1226 3047 1282 3115 ism—i

263 3155 334 3217 diod,
362 3160 389 3202 ut
413 3153 520 3217 possim,
548 3166 596 3218 pro
619 3154 793 3204 dilectissimi.
832 3149 897 3201 infre
923 3153 1100 3220 spiritualiter
1123 3149 1166 3201 dat
1191 3147 1230 3200 tto
1254 3155 1282 3200 et

263 3241 415 3310 paulopost
437 3249 511 3306 atquo
529 3241 558 3289 ist
575 3239 742 3291 orationibus
763 3235 802 3286 tth
822 3251 845 3286 e.
867 3235 912 3288 Bb.
950 3234 1024 3297 Quod
1043 3238 1159 3304 sequitur
1175 3239 1280 3290 noctuis

262 3325 340 3392 (maie
358 3328 458 3380 vostris
478 3325 528 3387 tt),
557 3326 675 3376 omissum
694 3325 719 3372 in
741 3321 775 3374 De
794 3331 820 3375 et
839 3323 909 3388 died,
937 3325 961 3374 in
981 3322 1012 3372 W
1031 3329 1115 3374 nutem
1141 3322 1173 3375 ob
1195 3323 1225 3374 ιΙ.
1245 3339 1279 3374 tn.

261 3411 474 3480 superscriptum,
496 3410 532 3460 iii
546 3417 603 3477 post
621 3411 747 3477 pronitus
765 3409 841 3461 eddit.

332 3497 371 3549 vt.
410 3498 438 3560 i)
458 3495 542 3548 ttann
564 3498 594 3560 6,
613 3494 637 3547 9.
683 3495 712 3560 2)
736 3499 843 3551 adeunte
861 3495 881 3549 0
900 3503 925 3546 et
943 3494 989 3546 st.
1035 3494 1064 3557 ³)
1087 3504 1112 3549 st
1130 3509 1179 3548 om.
1199 3493 1235 3548 Bo
1252 3504 1280 3548 et

261 3587 334 3651 Ded,
354 3606 370 3639 n
388 3596 434 3640 dno
454 3600 500 3651 pro
519 3594 544 3637 st
562 3587 609 3637 deo
627 3583 714 3634 scribit
732 3587 761 3634 Α.
797 3580 859 3634 'inm
876 3600 924 3652 per
941 3585 1001 3635 eius
1018 3584 1130 3650 orntim
1149 3592 1279 3649 praestent

260 3672 336 3724 codd.
363 3686 453 3722 omnes
479 3669 695 3722 consentientibus
723 3668 816 3720 Donet.
844 3666 937 3719 Ponet.
965 3666 1022 3735 tttg.
1049 3675 1075 3718 et
1102 3664 1204 3732 Onon,
1229 3687 1280 3739 por

259 3762 373 3830 qratiam
390 3761 451 3812 eine
469 3755 547 3808 habet
566 3755 681 3808 Boionius
700 3773 723 3807 e.
743 3755 802 3808 edd.
821 3753 876 3807 reli.
913 3753 970 3806 tton
989 3757 1017 3806 in
1034 3757 1121 3823 primo
1140 3759 1196 3810 Ιοοο
1218 3755 1279 3808 dent

260 3844 332 3898 ttbdt
354 3853 379 3896 et
399 3847 434 3908 tt3
462 3846 526 3898 dicit
548 3843 580 3896 tin
607 3843 639 3894 ni.
664 3859 696 3896 m.
721 3842 922 3909 superscriptum
947 3842 972 3892 in
991 3839 1031 3896 W.
1069 3840 1133 3892 Dein
1159 3845 1205 3910 qna
1220 3857 1278 3909 ,ριο

260 3933 324 3999 quin
343 3930 382 3982 dic
400 3939 427 3982 et
444 3935 498 3984 istst
514 3948 577 3986 use
594 3929 654 3982 ttht.
