2904 4692
731 395 791 458 106

251 552 451 617 cretionibus
489 553 629 616 serviens
659 560 749 614 nocte
782 569 820 613 cc
855 545 955 623 die⁶t
1014 547 1149 614 Viderint
1163 545 1205 634 ⁷)
1224 551 1272 613 vel

250 666 397 749 gentiles,
438 667 488 747 qui
519 662 645 728 necdum
682 664 856 728 inluminati.
873 670 960 741 sunt,
992 662 1041 724 uel
1072 662 1192 742 ludaei,
1223 665 1273 745 qui

252 778 373 842 deserto
404 778 514 843 lumine
545 779 731 842 intenebris
760 784 975 840 remanserunt.
1021 777 1083 840 Nos
1097 771 1135 855 ⁸),
1166 775 1300 839 iratres.

253 891 454 970 dilectissimi,
487 893 536 973 qui
569 893 599 954 in
622 891 732 954 domini
764 891 831 952 luce
854 909 973 973 semper
996 908 1109 968 sumus,
1132 891 1183 970 qui
1206 909 1272 952 mc-

251 1006 388 1068 minimns
411 1010 441 1066 et
463 1011 600 1066 tenemus
623 1001 692 1084 quid
717 1021 786 1065 esse
809 1010 932 1086 eccepto
955 1005 1050 1086 gratie
1075 1003 1273 1086 coeperimus,

252 1123 448 1200 computemus
480 1123 600 1180 noctem
634 1134 689 1197 pro
721 1116 777 1179 die.
832 1115 993 1180 Ambulare
1028 1133 1085 1178 nos
1116 1116 1274 1178 credemus

250 1249 370 1314 semper
402 1233 431 1295 ir
461 1224 632 1313 lomine⁹),
663 1247 722 1292 uon
753 1205 937 1312 inpediemur
970 1247 985 1290 e
1019 1229 1168 1308 tenebris,
1199 1246 1273 1310 ques

251 1345 433 1408 evasimus·
459 1343 545 1408 Nolle
577 1344 636 1406 sint
658 1343 741 1406 horis
756 1339 800 1426 ¹⁰)
831 1343 985 1405 nocturnis
1011 1341 1274 1424 proscindemus,

250 1458 331 1521 nulls
365 1458 532 1520 orationum
563 1457 647 1538 pigre
680 1463 710 1516 et
740 1457 848 1538 igneve
875 1454 1038 1536 dispendia.
1083 1455 1139 1517 l’er
1163 1455 1211 1518 dei
1231 1451 1273 1537 ¹¹)

251 1570 465 1652 indulgentiam
491 1566 633 1648 relereeti
656 1568 828 1650 spiritaliter
851 1574 878 1630 et
902 1570 996 1631 reoeti
1019 1569 1166 1632 imitemur
1193 1566 1272 1650 quod
1288 1582 1330 1622 2¹⁶

253 1682 345 1746 loturi
368 1699 479 1745 snmus.
524 1681 657 1744 tlebitnri
674 1677 717 1764 ¹²)
740 1681 770 1744 in
794 1691 890 1764 regno
911 1681 976 1744 sine
991 1683 1160 1744 interventu
1177 1683 1273 1744 noctis

252 1793 349 1856 solum
372 1790 461 1869 diem,
485 1793 529 1854 sic
552 1798 641 1855 nocte
665 1792 750 1873 quusi
772 1793 802 1854 in
826 1791 937 1855 lumine
960 1792 1135 1874 vigilemus3
1162 1795 1274 1857 oraturi

252 1923 372 1988 semper
395 1911 425 1967 et
449 1905 543 1968 eoturi
566 1905 677 1986 gratiss
701 1903 759 1966 deo
783 1902 831 1964 bic
854 1920 974 1984 quoqne
997 1920 1086 1966 orere
1110 1911 1138 1966 et
1163 1907 1274 1988 gratius

252 2037 346 2102 egere
369 2035 430 2081 non
455 2016 633 2080 desinemus.
703 2035 709 2046 ι

299 2180 351 2241 ’δι
378 2184 420 2234 dic
444 2196 476 2233 ec
498 2189 572 2232 necto
591 2179 652 2231 bbe.
672 2178 737 2230 bled.
758 2177 795 2243 Α,
824 2188 945 2234 ιιοοιιιι
969 2181 1011 2232 die
1035 2177 1064 2231 G.
1085 2179 1124 2229 W.
1146 2179 1208 2230 bel.
1230 2177 1273 2232 m.

252 2267 281 2330 7)
306 2270 421 2321 Viderint
446 2282 459 2317 e
484 2281 516 2317 ns.
536 2281 590 2333 pr,
617 2269 741 2320 ciderunt
765 2280 778 2315 e
804 2280 855 2316 rec.
876 2263 933 2329 blb,
960 2267 1083 2318 ciderunt
1102 2265 1154 2317 libe
1178 2273 1205 2317 et
1225 2267 1272 2318 bld.

253 2353 315 2404 'lum
334 2355 488 2406 inluminati
506 2349 533 2403 0.
554 2351 593 2402 W.
615 2351 672 2402 lleb
692 2359 718 2402 et
737 2349 799 2413 urb,
820 2353 903 2404 ilium
923 2350 992 2418 vulp.
1030 2350 1087 2403 blox
1106 2356 1208 2406 deserto
1226 2357 1273 2406 tu-

252 2443 322 2493 seius
348 2453 437 2490 omnes
460 2438 515 2490 iere
542 2439 598 2489 libri
625 2454 682 2489 mes.
708 2435 845 2488 sbslneio
864 2438 971 2504 inspecti
990 2439 1192 2507 conspirantibus
1214 2439 1273 2490 bibl.

254 2523 307 2576 lleb
328 2533 354 2574 et
373 2523 430 2574 edd.
451 2531 531 2586 vett„
556 2522 653 2574 Eresm.
672 2521 747 2574 Grev.
767 2521 864 2574 blorell.
886 2521 987 2588 belum,
1012 2528 1109 2578 deserti
1126 2529 1226 2579 tusuioe
1244 2525 1272 2577 G.

253 2611 293 2662 W.
314 2610 410 2662 blucde
431 2607 474 2660 Bc.
494 2609 533 2673 Α,
553 2611 612 2660 item
632 2609 689 2659 edd.
709 2609 803 2661 blenut.
824 2608 916 2661 Pemel.
937 2609 991 2678 urg.
1011 2620 1087 2680 etque
1105 2609 1203 2676 Oion,
1224 2616 1269 2664 de-

252 2701 321 2750 seris·
339 2715 356 2749 e
374 2699 473 2750 lumine
491 2703 609 2776 quattuor
627 2695 702 2747 codd.
716 2694 855 2760 Belurieui,
874 2696 917 2748 elii
937 2706 988 2750 tres
1006 2683 1124 2753 derelicti
1138 2717 1155 2751 n
1166 2701 1274 2752 lumine.

252 2799 353 2853 Deinde
372 2805 400 2853 ιἰι
420 2777 540 2884 terebris
559 2799 604 2866 (eb
625 2799 682 2850 ced.
703 2800 748 2862 m)
767 2799 808 2863 W,
830 2803 858 2852 ist
877 2805 996 2855 terestres
1015 2799 1051 2852 ur
1070 2809 1097 2852 et
1114 2819 1273 2870 permanse-
1302 2799 1325 2820 ““

252 2903 315 2959 runt
333 2903 378 2955 ΒΙι.
416 2904 445 2970 8)
465 2903 690 2971 moramentis,
710 2904 893 2960 nosceroA.
930 2903 991 2957 Tum
1008 2911 1110 2976 (ratres
1128 2893 1183 2962 trusi
1201 2916 1227 2959 et
1246 2912 1275 2960 iu

252 2994 356 3045 domino
376 2995 436 3046 iure
454 2989 488 3044 Bc
508 3002 534 3044 et
552 2992 624 3057 bled,
648 2997 760 3046 eruimus
778 3003 802 3048 ct
821 3004 938 3046 terremus
958 2995 988 3045 A.
1027 2992 1106 3046 Deest
1125 3006 1229 3064 acceptu
1248 2997 1274 3045 in

253 3075 298 3129 Bb.
335 3075 401 3129 liele
422 3084 555 3146 coepimus
575 3079 622 3132 ble.
660 3080 688 3136 st
708 3085 737 3133 ιἰι
756 3083 797 3134 die
816 3078 862 3130 lib.
900 3079 988 3130 Statim
1008 3098 1039 3134 ce
1058 3096 1104 3150 pro
1122 3099 1174 3136 riou
1194 3079 1229 3132 Be
1248 3091 1275 3134 et

253 3161 317 3214 bled.
355 3163 405 3215 Sed
426 3172 538 3232 preestet
557 3164 686 3233 vulgatum
711 3182 778 3228 non,
809 3165 875 3234 quod
902 3165 990 3217 lortius
1014 3175 1105 3234 neget,
1133 3183 1206 3235 quem
1231 3185 1273 3221 ere.

238 3248 308 3323 ¹Vid.
327 3253 488 3305 liamsboru.
509 3249 643 3303 Gremmet.
660 3249 712 3302 let.
732 3253 755 3316 §.
774 3253 830 3302 173.
850 3260 902 3303 ιιοι.
920 3251 941 3303 l.
977 3250 1195 3321 Praepositionem
1214 3263 1274 3304 eote

254 3339 368 3388 terreis-ie
387 3335 421 3386 el.
441 3352 472 3387 m.
492 3337 597 3388 inseruit
615 3337 641 3389 in
655 3335 694 3386 W.
733 3337 779 3397 10)
798 3341 878 3392 Nuttc
893 3342 921 3391 irs
935 3343 1019 3393 tboris
1033 3337 1079 3390 eb.
1112 3338 1168 3390 llos
1180 3343 1276 3394 domoc

251 3437 359 3492 precrou
378 3419 428 3484 Bc,
452 3425 564 3492 rumpes
580 3438 652 3492 prce.
673 3420 743 3485 ilcd,
768 3427 880 3493 dampna
899 3426 974 3476 etiem
996 3422 1043 3477 Bb:
1061 3424 1084 3476 Α
1103 3434 1129 3476 et
1149 3425 1188 3476 ed.
1210 3423 1273 3476 lieu.

255 3507 301 3574 ll)
327 3511 425 3562 domiui
451 3507 497 3560 Bb.
536 3507 636 3560 Deinde
663 3513 843 3579 spiritustitsr
872 3509 915 3561 Bc.
945 3510 992 3562 ble-
1021 3512 1052 3562 A.
1101 3512 1145 3576 12)
1173 3511 1276 3564 Addunt

249 3611 359 3665 senem
372 3593 406 3646 Bc
424 3603 450 3644 et
464 3593 527 3644 ttert.
565 3592 592 3644 ln
605 3593 646 3645 blb
665 3609 685 3645 r.
700 3609 732 3645 m.
753 3597 932 3663 superscripsit
948 3613 1061 3667 semper,
1080 3599 1148 3666 quod
1163 3598 1275 3666 gloeesm

253 3683 327 3749 sepis.
364 3681 425 3734 Tum
445 3685 473 3734 irs
492 3697 572 3750 repeto
590 3685 632 3736 dei
651 3682 755 3734 exbibet
768 3681 837 3746 tter,
857 3697 915 3735 mox
934 3683 1002 3734 idem
1022 3682 1086 3735 liber
1104 3687 1130 3737 si
1145 3688 1174 3737 iss
1191 3693 1275 3747 secte,

253 3767 376 3836 deinceps
398 3771 426 3821 iu
451 3772 510 3823 truce
534 3768 754 3832 retuterunt,
781 3773 808 3821 iu
830 3773 914 3824 lucem
931 3773 1072 3840 ripileones
1092 3769 1120 3822 C.
1158 3769 1276 3823 Proxime
1312 3810 1318 3821 ,

254 3865 278 3906 es
295 3859 384 3909 acturi
401 3855 433 3907 el.
453 3871 486 3908 m.
506 3870 580 3923 supra
600 3856 641 3908 lin.
661 3858 756 3909 ediecit
774 3856 852 3920 tow,
871 3859 974 3926 pretias
992 3860 1038 3910 deo
1057 3860 1146 3910 acturi
1163 3855 1276 3926 scribunt

257 3936 293 3990 tte
307 3945 337 3992 'et
354 3939 419 4011 bed,
438 3945 553 4011 dosm'tso²
571 3947 632 3996 buin
650 3961 751 4013 quoque
767 3943 846 3994 hebet
860 3940 906 4006 lib,
925 3951 949 3996 et
967 3947 1070 4014 prosius
1089 3947 1135 3996 deo
1154 3945 1276 4012 opes-ed.

658 4071 863 4087 ’Ἣ
