2904 4692
764 379 806 444 82

274 537 385 600 ditione
418 543 447 598 et
477 538 642 618 sponsione
674 537 904 620 constringens,
939 544 972 600 ut
1001 537 1045 600 sio
1074 538 1161 602 nobis
1191 537 1294 600 dimitti

273 649 372 712 debite
393 649 579 730 postulemus
601 647 765 712 secundom
789 649 870 730 quod
893 656 923 712 et
946 650 1002 730 ipsi
1026 650 1210 714 debitoribus
1233 669 1294 714 no·

272 762 343 826 stris
373 762 542 826 dimittimus
574 763 706 830 scientos
736 762 878 842 inpetrari
909 780 969 825 non
1000 779 1093 844 posse
1126 762 1206 844 quod
1237 781 1293 844 pro

273 877 405 958 peccetis
427 876 564 956 petimus,
586 875 644 938 nisi
667 881 697 936 et
720 875 776 955 ipsi
799 875 878 948 circs
902 875 1054 940 debitores
1075 881 1195 940 nostros
1211 878 1293 957 peris

274 988 442 1052 fecerimus,
484 988 600 1052 Idcirco
624 995 657 1050 et
676 987 736 1050 otio
759 973 788 1049 iu
812 988 881 1052 loco
894 986 923 1064 ²)
946 989 1035 1052 dicit:
1057 989 1096 1052 In
1119 1007 1183 1068 qua
1203 1007 1293 1050 men·-

272 1121 350 1166 mrro
371 1101 471 1162 menri
490 1101 621 1181 {ueritis
634 1097 672 1176 ³),
695 1102 729 1161 in
751 1119 790 1162 eo
813 1103 990 1164 remetietur
1012 1101 1109 1164 uobis.
1145 1100 1183 1162 Et
1200 1097 1292 1181 (ιαμ)

272 1231 381 1278 servus
411 1221 479 1294 post
509 1213 661 1276 dimissum
683 1213 740 1274 sibi
762 1232 779 1275 o
803 1211 923 1277 domino
947 1233 1036 1278 omne
1060 1213 1189 1278 debitum
1212 1232 1291 1278 oon-

272 1344 363 1390 servo
395 1341 451 1389 suo
486 1327 580 1390 noluit
614 1326 679 1406 ipse
713 1325 859 1388 dimittere
892 1327 922 1390 in
955 1345 1108 1392 carcerem
1139 1327 1291 1408 religatum

218 1454 223 1460 ·
273 1441 349 1514 Quin
371 1439 530 1520 indulgere
553 1456 704 1502 conservo
718 1435 746 1512 ⁶)
770 1455 833 1502 suo·
851 1439 944 1502 notuit
967 1440 1047 1520 quod
1068 1443 1125 1504 sibi
1140 1461 1156 1505 e
1171 1441 1290 1504 domino

272 1552 415 1614 indultum
440 1551 536 1614 iuorut
558 1553 661 1616 emisit.
707 1552 791 1624 Quae
804 1547 832 1628 ⁶)
854 1552 951 1616 adbuc
973 1553 1080 1618 toruus
1103 1553 1237 1616 cbristus
1258 1555 1290 1616 in

272 1663 439 1744 praeceptis
472 1663 535 1726 suis
568 1663 681 1724 meiere
711 1680 858 1724 censuros
889 1681 964 1726 sure
994 1663 1101 1744 vigore
1130 1666 1289 1746 proponit:

275 1774 350 1836 Cum
369 1774 527 1849 steteritis,
552 1765 706 1852 inquit⁷)‚‘
719 1773 763 1834 ed
783 1773 968 1850 credonem,
992 1775 1148 1850 remittite,
1171 1775 1291 1856 siquid

419 1916 480 1923 ..-

272 1989 418 2040 conditione
437 1986 475 2036 W.
496 1985 610 2037 biebcde.
630 1983 667 2035 Bb
688 1993 714 2036 et
732 1985 789 2038 edd.
811 1985 868 2038 iere
886 2002 992 2051 omues,
1019 1991 1172 2042 condicione
1189 1989 1217 2040 C.
1237 1987 1289 2040 Bne

272 2082 298 2125 ot
316 2072 352 2123 nii
374 2089 423 2124 uno
443 2089 499 2123 cum
520 2071 658 2140 exemplari
677 2071 770 2124 Monut.
809 2072 864 2123 Vid.
885 2073 970 2124 adnot.
989 2074 1020 2124 ud
1041 2073 1157 2125 Ambros.
1178 2075 1211 2125 do
1230 2075 1289 2126 oib-

273 2161 319 2210 ciis
339 2176 363 2225 p.
378 2159 438 2210 ³01.
473 2159 522 2234 Pro
542 2161 769 2227 comminuentem
789 2157 824 2209 Bh
844 2145 1093 2230 est'peretrinbcne
1132 2159 1189 2211 biox
1208 2164 1292 2214 debito

272 2250 368 2301 diruitti
393 2246 487 2297 hebent
507 2245 541 2296 Bc
567 2254 592 2297 et
612 2245 676 2296 Med.
714 2245 774 2296 Voc.
795 2249 879 2299 debite
901 2246 925 2296 in
945 2243 981 2294 Bb
1000 2261 1020 2295 r.
1040 2261 1072 2296 m.
1092 2262 1167 2313 supro
1186 2246 1290 2300 eddidit.

271 2332 297 2384 Ιιι
318 2332 358 2383 nib
379 2319 555 2384 desiderentur
573 2332 651 2382 verbe
673 2333 854 2397 proximaret
871 2335 926 2402 ipsi
945 2335 1105 2386 debitoribus
1122 2337 1226 2387 nostris
1244 2335 1289 2385 di·

269 2424 399 2473 mittimue
419 2448 451 2455 -
473 2447 503 2456 -
523 2423 638 2485 petimus
656 2423 719 2471 nisi.
758 2421 791 2471 tbi
810 2427 868 2469 ente
888 2423 943 2487 ipsi
968 2433 1017 2470 om.
1038 2418 1065 2469 C.
1103 2417 1130 2468 in
1149 2433 1220 2486 seqq.
1239 2418 1291 2468 ibi-

270 2509 328 2558 dem
348 2506 420 2557 deest
438 2521 462 2555 v.
482 2506 625 2564 debitores,
645 2503 715 2552 cuius
735 2502 792 2553 ioco
813 2503 867 2554 rell.
888 2503 962 2554 codd.
982 2519 1087 2565 omnes,
1108 2503 1138 2552 nd
1158 2519 1223 2571 quos
1242 2519 1289 2554 ec-

271 2592 366 2644 ceduut
378 2590 437 2641 Ver.
457 2588 513 2638 Vnt.
528 2590 552 2638 t.
574 2596 599 2638 et
617 2588 721 2650 Thoen,
741 2589 801 2639 item
821 2588 906 2655 pluries
925 2588 1036 2657 Angites,
1056 2589 1176 2640 exhibent
1191 2607 1289 2658 pecea-

270 2687 350 2731 toree.
388 2674 449 2726 Tum
466 2678 580 2745 fecimus
600 2674 643 2725 tm.
686 2675 714 2736 2)
734 2679 762 2728 in
780 2679 832 2728 ctio
851 2679 909 2729 ioco
929 2676 1001 2726 bicde
1020 2684 1046 2727 et
1067 2673 1134 2740 boe,
1160 2680 1213 2729 etio
1231 2679 1290 2730 ioco

270 2763 320 2816 bib.
358 2763 427 2815 idem
446 2767 553 2816 dieitur.
583 2761 815 2828 vmttsunus.
853 2763 881 2826 3)
901 2768 988 2818 menei
1006 2767 1083 2816 eritis
1096 2762 1134 2812 W.
1151 2760 1186 2813 Ba
1200 2770 1226 2812 et
1239 2762 1289 2827 bie,

270 2853 329 2902 item
350 2867 363 2900 ιι
383 2867 414 2902 ιιι.
434 2847 757 2918 promeruerimus,
793 2850 890 2901 Deinde
910 2854 1059 2903 remitietur
1076 2848 1137 2914 (sic)
1157 2847 1178 2899 Ο
1196 2857 1222 2898 et
1238 2848 1288 2900 bib.

270 2977 299 3041 4)
320 2978 355 3029 ΕΙ
374 2979 434 3043 quis
454 2973 488 3038 Ο,
507 2983 531 3025 et
549 2949 591 3040 q⁸e
611 2972 668 3037 dib,
688 2983 711 3026 et
730 2976 798 3042 quod
815 2972 1000 3038 (superscripto
1019 2970 1051 3021 eb
1071 2986 1090 3021 r,
1110 2987 1141 3021 m.
1162 2971 1217 3039 qui)
1238 2969 1288 3034 Mo,

269 3073 293 3114 et
311 3077 410 3114 cernue
429 3064 474 3128 qui
493 3059 528 3110 Bo
546 3067 571 3110 ot
590 3059 654 3108 uod,
693 3057 749 3109 Mox
773 3059 849 3109 iidem
874 3059 930 3116 iibri
958 3073 1008 3108 om.
1033 3077 1049 3109 a
1072 3060 1184 3110 domitto.
1223 3055 1288 3106 Dein

270 3165 370 3202 omnem
388 3149 515 3210 debitum,
535 3153 561 3195 ut
580 3147 604 3195 in
624 3161 682 3212 cop.
702 3145 889 3210 praecedente,
909 3143 951 3194 ubi
969 3144 1019 3194 vid.
1041 3151 1093 3192 not.
1114 3143 1153 3205 5.‚
1173 3142 1238 3193 iiber
1258 3142 1287 3208 G,

271 3237 295 3284 iu
315 3247 365 3300 quo
384 3239 473 3299 posteo
492 3240 530 3282 ost
548 3235 577 3284 iu
596 3230 719 3296 carceri!
737 3233 873 3298 ιιὶὶμιιιν,
893 3235 921 3283 in
939 3246 1046 3284 cerem
1063 3229 1151 3281 scribit
1169 3227 1215 3292 Bh,
1234 3237 1287 3280 tum

269 3326 399 3392 retipatue
418 3318 467 3370 bib.
506 3319 629 3386 Respexit
652 3319 744 3369 Noster
768 3319 799 3368 nd
826 3318 910 3370 Mettb.
934 3320 981 3382 18,
1001 3319 1042 3368 34.
1091 3315 1287 3380 opserendo,

269 3427 320 3463 ruo
339 3405 428 3458 om.,C.
443 3403 474 3455 W
492 3414 517 3456 et
532 3405 596 3456 deb.
636 3404 697 3455 Tum
715 3407 846 3458 irrduitum
865 3425 881 3458 e
899 3407 1003 3458 dominc
1023 3433 1055 3442 —-
1074 3407 1191 3458 ammisit
1210 3400 1287 3452 bobot

269 3495 316 3548 Bb.
352 3495 381 3558 6)
402 3510 477 3564 quem
497 3492 531 3542 uc
551 3501 576 3542 et
596 3491 645 3542 tid.
683 3490 739 3554 Quo
759 3491 845 3542 deleto
865 3493 890 3542 in
910 3490 949 3543 bib
969 3507 988 3542 r.
1009 3508 1040 3542 m.
1060 3489 1237 3557 superscripsit
1254 3497 1286 3540 et.

269 3582 349 3634 Abest
370 3583 398 3632 in
417 3586 475 3630 oute
494 3582 645 3647 praeceptis
663 3593 677 3628 r
698 3578 736 3629 W.
757 3578 812 3629 biae
831 3573 857 3628 et
876 3577 927 3641 Bn,
946 3579 1004 3630 itc'm
1022 3580 1118 3632 enirn
1139 3574 1185 3626 uo.
1200 3567 1202 3570 ’
1220 3573 1287 3626 Dein

268 3672 315 3720 eui
331 3670 428 3720 nsciori
446 3665 488 3715 det
507 3665 555 3729 bie,
574 3669 700 3718 maiorem
719 3682 785 3718 suae
804 3681 934 3718 cmtsurue
951 3668 1068 3734 ciperem
1087 3663 1140 3725 ub,
1160 3664 1288 3714 maiorem

269 3769 340 3806 cene.
359 3768 427 3806 sune
444 3755 561 3820 ciperem
579 3749 700 3802 exhibent
717 3749 751 3802 Bo
770 3758 796 3802 et
808 3747 873 3800 bicd.
910 3753 983 3804 Suae
1000 3764 1050 3801 om.
1064 3747 1110 3800 lib.
1147 3746 1173 3798 ln
1194 3745 1286 3797 eodem

270 3839 334 3892 tibro
359 3837 452 3890 ddude
476 3835 568 3904 iegitur
588 3837 692 3906 ῇρωιὲι,
716 3838 806 3904 ῇόἑωὲι
830 3836 855 3884 iu
874 3834 913 3885 W.
936 3833 1097 3899 dicioribus,
1124 3839 1151 3884 ut
1175 3835 1200 3882 in
1225 3831 1287 3884 edd.

268 3932 330 3976 vett.
350 3933 376 3976 et
395 3922 491 3977 Ernsm.
510 3931 587 3992 etque
606 3922 705 3976 dioroli.
742 3922 772 3989 7)
791 3921 868 3972 Mero.
889 3922 931 3987 ii,
951 3922 991 3972 25.
1030 3920 1164 3988 Perpernm
1183 3922 1286 3972 adcre-
