2880 4696
733 431 796 498 114

255 589 332 652 diem
355 589 436 652 luctu
458 590 642 674 transigere,
676 589 786 673 vigiliis
816 597 921 653 noctes
945 609 980 652 ac
1003 589 1122 654 fletibus
1145 589 1268 670 ducere,

253 711 369 786 tempus
393 723 480 767 omne
502 703 666 768 lacrimosis
688 703 946 768 lamentationibus
970 723 1134 788 occupare,
1158 711 1268 768 stratos

252 811 318 882 s'olo
341 819 505 882 adhaerere
528 819 631 898 cineri,
655 819 685 882 in
709 819 804 882 cilicio
828 826 858 882 et
879 819 1018 883 sordibus
1037 820 1174 898 volutari,
1197 825 1268 901 post

251 934 449 996 indumentum
474 933 580 996 Christi
602 933 748 1016 perditum
771 933 880 998 nullum
908 935 965 998 iam
988 935 1067 998 velle
1098 935 1266 1000 vestimen-

222 1055 328 1128 atum,
359 1055 427 1130 post
450 1048 559 1113 diaboli
581 1049 678 1112 eibum
704 1048 789 1111 malle
820 1050 978 1128 ieiunium,
1008 1051 1093 1114 iustis
1123 1051 1266 1132 operibus

249 1163 438 1242 incumbere,
471 1161 576 1243 quibus
606 1167 730 1242 peccata
756 1168 938 1244 purgantur,
970 1162 1172 1246 eleemosynis
1196 1163 1264 1228 fre-

247 1283 374 1360 quenter
396 1277 543 1354 insistere,
566 1275 672 1357 quibus
694 1284 822 1338 amente
837 1278 951 1339 animae
967 1273 1137 1341 liberdntnr.
1175 1278 1264 1352 Quod

246 1392 436 1456 adversarius
459 1392 614 1455 auferebat
631 1386 659 1469 8)
684 1390 818 1456 Christus
843 1393 976 1473 accipiat.
1022 1392 1085 1455 Nec
1107 1395 1204 1457 teneri
1223 1389 1263 1473 9),
1287 1439 1291 1447 s

245 1507 312 1587 iam,
335 1525 392 1569 nee
415 1507 507 1570 amari
529 1507 736 1589 patrimonium
759 1505 864 1585 debet,
894 1525 954 1588 quo
977 1509 1042 1588 quis
1067 1515 1096 1570 et
1119 1508 1262 1590 deceptus

205 1640 232 1684 ro
245 1627 275 1684 et
297 1619 392 1683 victus
415 1625 468 1683 est.
513 1619 570 1682 Pro
593 1618 681 1682 boste
704 1617 823 1681 vitanda
845 1635 896 1681 res
912 1613 965 1696 10),
988 1638 1044 1701 pro
1067 1619 1183 1684 latrone
1207 1619 1222 1682 f
1242 1655 1261 1668 -

242 1735 368 1819 gienda,
401 1753 457 1817 pro
486 1731 586 1816 gladio
617 1732 775 1795 metuenda
804 1726 1038 1816 poslsidentibus
1069 1715 1099 1798 et
1128 1753 1258 1799 veneno.
1274 1757 1312 1801 aea

241 1849 289 1913 Ad
311 1849 368 1913 hoc
383 1846 423 1927 ιι)
445 1854 555 1911 tantum
577 1847 724 1931 prefuerit
739 1841 820 1928 quod
835 1849 987 1929 remansit,
1011 1856 1044 1914 ut
1059 1849 1128 1913 inde
1144 1851 1258 1914 crimen

240 2118 327 2170 noctis
345 2129 391 2183 pro
409 2123 507 2168 noctes.
539 2109 628 2164 Statim
646 2121 669 2165 et
686 2113 791 2181 fletibus
809 2110 840 2164 Α.
870 2109 929 2162 llox
946 2110 1014 2162 idem
1032 2113 1161 2164 lacetanis.
1191 2109 1257 2163 Exin

166 2240 172 2258 .
239 2213 341 2258 atratoa
359 2205 417 2257 aeto
435 2201 467 2252 W
486 2218 507 2253 c.
527 2199 585 2251 edd.
604 2197 701 2250 Erasm.
727 2207 754 2250 et
777 2215 864 2266 seqq,
891 2207 994 2252 stratos
1012 2201 1070 2252 aeto
1088 2197 1142 2261 lla,
1170 2207 1256 2252 atrato

238 2294 296 2345 eolo
313 2289 368 2342 rell.
389 2305 492 2354 omnes,
519 2297 547 2340 ut
564 2295 627 2340 vett.
646 2287 707 2338 edd.
742 2286 805 2338 Tum
824 2290 1082 2354 adbaererafcineri,
1111 2281 1256 2340 incilicia

237 2376 277 2430 W.
296 2376 370 2429 llacd
389 2385 415 2428 et
434 2375 503 2442 Bab,
529 2379 590 2427 item
615 2374 672 2426 edd.
692 2383 751 2426 ante
769 2375 945 2440 baluzianam,
972 2377 996 2426 in
1016 2390 1065 2444 qua
1084 2382 1166 2426 exstat
1185 2378 1254 2439 adia„

236 2469 265 2519 in
285 2471 373 2520 cistere
391 2475 415 2518 at
433 2467 522 2518 cilicio
546 2473 570 2517 et
593 2465 719 2517 sordibus
743 2465 868 2516 volutari.
904 2461 1017 2515 Alteram
1042 2462 1178 2515 lectionem
1206 2479 1253 2514 re-

237 2556 304 2624 cepit
322 2556 398 2605 etiam
417 2551 507 2602 Goldh.
543 2555 607 2606 Aut.
628 2554 732 2620 cinere,
761 2561 785 2604 et
802 2553 889 2605 cilicio
907 2551 986 2604 habet
1003 2551 1061 2617 lllb,
1089 2555 1147 2606 odb.
1168 2555 1255 2606 cinari

235 2656 260 2701 et
278 2646 365 2698 cilicio
384 2642 422 2706 Α,
448 2652 472 2696 et
496 2644 525 2694 in
548 2643 638 2694 cilicio
655 2639 715 2692 Ver.
735 2638 757 2691 1.
793 2639 859 2692 Dein
876 2644 995 2696 volutari
1013 2650 1038 2694 at
1055 2645 1182 2696 acaustoe
1201 2643 1253 2708 Md,

234 2743 263 2786 ut
287 2733 345 2786 edd.
370 2739 431 2784 vett.
456 2747 478 2783 c.
496 2727 613 2793 Erasm.,
637 2731 770 2795 voluptari
787 2729 843 2793 Mc,
869 2732 990 2784 volutare
1009 2728 1059 2780 tub.
1076 2729 1175 2782 vl'nulo
1194 2739 1255 2798 post

234 2821 322 2888 recepi
345 2822 528 2874 vestimentum
551 2831 598 2884 pro
621 2819 747 2871 vestitam
765 2832 779 2867 e
799 2816 873 2870 codd.
893 2817 933 2868 W.
953 2816 1016 2868 blac.
1037 2816 1099 2869 Bab.
1135 2817 1255 2872 Proxime

140 2944 148 2958 ·
233 2913 312 2965 malle
329 2913 449 2963 ieiunare
467 2905 570 2958 exhibet
587 2905 636 2956 blc.
666 2905 724 2956 blox
741 2914 891 2975 purpuratur
908 2906 933 2956 in
950 2904 992 2956 lilb
1012 2922 1031 2957 r.
1051 2922 1083 2956 m.
1102 2908 1209 2958 mutavit
1227 2908 1253 2958 in

232 3005 387 3068 purgantur.
424 2994 485 3045 Tum
508 2994 662 3046 elemosinis
687 2980 800 3043 scribunt
818 2991 858 3042 W,
883 2990 946 3044 Rab.
968 2991 1018 3044 lld.
1037 2991 1074 3060 A,
1102 2997 1252 3050 elirnoaa'na'a

234 3085 277 3137 dat
294 3085 342 3151 llc,
361 3085 533 3153 aelymoaiais
547 3079 597 3145 tta,
616 3082 773 3149 elymosinis
784 3078 835 3130 lilb.
871 3077 899 3130 ln
918 3095 988 3148 seqq.
1009 3084 1172 3136 eliderentur
1190 3083 1252 3151 (sic)

232 3173 287 3238 lla,
313 3177 460 3226 liberantur
484 3187 498 3222 a
520 3187 553 3222 m.
576 3185 630 3236 pr.,
658 3167 690 3218 ab
714 3183 734 3219 r.
753 3171 898 3222 liberentur·
915 3167 965 3220 lllb.
1010 3167 1039 3235 8)
1059 3174 1203 3242 aufferetat
1220 3175 1250 3223 A.

233 3263 263 3332 9)
282 3265 363 3316 torreri
381 3261 413 3312 ab
432 3259 464 3312 al.
482 3276 515 3311 m.
535 3261 561 3310 in
576 3274 626 3310 ras.
638 3255 715 3307 habet
727 3254 776 3307 nb.
807 3253 908 3306 Deinde
920 3274 969 3325 quo
981 3260 1024 3310 vie
1037 3259 1117 3324 primo
1130 3259 1252 3326 scriptum

232 3349 280 3400 luit
298 3349 323 3399 in
335 3347 382 3400 llc.
422 3347 465 3413 10)
485 3351 593 3402 vitanda
610 3362 656 3399 rea
675 3355 715 3398 eat
727 3343 775 3396 blc.
807 3341 868 3394 Tum
885 3354 916 3398 ut
933 3361 1032 3398 veneno
1045 3342 1091 3410 Ba,
1110 3356 1133 3400 et
1151 3363 1251 3401 nonme

232 3453 282 3489 om.
303 3436 351 3488 llb.
387 3435 506 3488 Erasmus
524 3451 556 3486 ex
574 3433 656 3498 libro,
680 3441 708 3484 ut
725 3432 793 3496 vidi,
818 3430 973 3484 Deventriae
998 3434 1067 3500 typis
1086 3449 1180 3502 excuso
1200 3433 1250 3484 de-

232 3524 305 3576 derat
330 3533 353 3577 at
375 3528 523 3591 vendenda,
550 3522 618 3590 quod
643 3521 762 3589 probauit
779 3519 918 3586 Pamelius,
945 3522 1094 3590 recepitque
1113 3520 1249 3590 Rigaltius,
1278 3591 1282 3597 ι

232 3612 318 3679 quiin
336 3607 480 3662 Observata
498 3626 523 3677 p.
538 3609 588 3659 162
608 3609 737 3660 adnotavit
754 3608 834 3660 baec:
853 3607 911 3674 „Sic
929 3607 1057 3663 Pamelius
1077 3608 1165 3673 edidit,
1184 3625 1248 3676 per·

231 3713 327 3765 peram.
364 3697 495 3750 llanncins
516 3697 644 3748 ediderat:
672 3701 727 3751 Pro
745 3699 833 3766 plodio
850 3701 986 3752 metuenda
1007 3700 1207 3766 possidentibus
1226 3706 1251 3750 et

231 3802 337 3839 veneno.
374 3783 535 3836 Rectissime:
564 3791 640 3850 atque
658 3784 693 3834 ita
710 3781 803 3850 legitur
821 3783 847 3833 in
866 3784 967 3850 optimis
993 3783 1193 3850 exemplaribus,
1223 3794 1249 3836 et

231 3887 304 3923 mens
322 3873 431 3922 audonis
449 3871 498 3922 boc
515 3868 636 3938 flagitat.“
673 3867 840 3920 Confirmatur
861 3869 925 3922 haee
944 3869 1021 3921 lectio
1041 3870 1173 3922 codicibus
1190 3869 1247 3924 rell.

232 3961 334 4024 nostris,
353 3957 481 4010 sexdecim
499 3956 640 4010 Balunianis
659 3966 685 4010 et
705 3957 823 4008 undecim
841 3956 964 4025 Anglieis,
984 3957 1130 4026 quibuscum
1149 3957 1248 4008 faciunt

233 4045 292 4101 edd.
309 4053 382 4126 vett,
401 4046 462 4098 item
475 4043 549 4100 Grau.
566 4043 660 4099 llannt.
678 4043 776 4098 Mosell.
795 4041 876 4098 Onon.
893 4043 980 4098 Balara.
999 4043 1087 4098 Goldb.
1125 4045 1171 4114 11)
1185 4049 1245 4102 Pa-
