2880 4696
650 289 714 362 idi

162 443 329 528 respondet
347 441 385 518 ¹⁷)
418 446 455 510 ed
484 447 572 512 tidem
600 451 727 516 nominis
750 451 876 516 sectatio
898 452 1032 520 veritatis
1055 463 1086 520 ot
1108 475 1179 520 oro-

148 558 245 624 'denti
267 562 428 642 praemium
452 561 547 644 detur,
570 565 596 628 si
619 565 701 646 quod
724 554 856 630 ereditur
879 575 909 631 et
930 577 1061 652 geratur.

635 761 709 831 Vll.

248 899 442 982 Locupletem
472 909 503 965 to
535 902 609 967 diois
643 910 673 966 et
708 902 835 968 divitem.
892 905 952 972 Sed
981 906 1089 972 divitiis
1122 912 1180 974 tuis

158 1014 268 1078 Paulus
291 1017 420 1078 occurrit
444 1023 474 1078 et
495 1015 532 1079 ed
556 1017 666 1080 cultum
688 1024 776 1100 atquo
800 1027 934 1083 ornatum
948 1019 974 1099 ¹)
997 1028 1078 1085 tuum
1099 1024 1179 1088 iusto

133 1128 221 1191 enno
251 1126 465 1194 moderandum
495 1145 550 1192 sua
579 1147 657 1194 voee
686 1131 869 1211 praescribit.
915 1131 1001 1212 Sint,
1032 1137 1126 1218 inquit
1141 1134 1180 1218 ²),

158 1243 305 1306 mutieres
333 1247 401 1306 enni
422 1243 609 1306 veremendio
630 1251 661 1306 et
676 1245 834 1324 pudicitia
850 1243 878 1325 3)
903 1259 1113 1329 conponentes
1134 1271 1179 1330 se,

159 1357 280 1419 nonin
303 1356 574 1434 tortioorinibno,
606 1375 706 1438 nequo
738 1375 838 1436 onro,
870 1378 969 1440 neque
998 1366 1180 1444 morporitis

157 1480 214 1536 ant
240 1480 324 1535 veste
350 1474 508 1552 pretioso,
538 1473 594 1536 red
620 1481 655 1536 ot
683 1473 771 1536 docet
791 1475 935 1540 mulieres
954 1479 1173 1557 promittentes

159 1587 334 1650 caetitatem
358 1604 416 1667 per
445 1583 559 1647 ionem
590 1585 874 1659 oonoorootioinorn.
928 1588 999 1654 item
1031 1593 1136 1657 Petrus
1153 1590 1180 1670 ⁴)
1193 1637 1248 1687 ¹7⁶¹

120 1715 147 1759 1⁰
160 1700 198 1766 od
229 1701 305 1764 haeo
338 1700 443 1764 eadem
473 1709 634 1783 praecepto
665 1704 816 1769 consentit
846 1710 877 1768 ot
906 1704 976 1769 dicit
991 1704 1036 1785 ὅ);
1071 1709 1121 1772 Sit
1147 1712 1181 1772 in

161 1817 294 1882 muliere.
312 1835 378 1882 non
399 1817 538 1880 exterior
565 1818 740 1880 ornamenti
772 1825 827 1882 ent
857 1822 929 1882 nori
944 1816 972 1900 ⁶)
1003 1831 1058 1885 aot
1083 1825 1181 1886 vestie

161 1933 272 2010 ondins,
292 1931 353 1994 oed
373 1931 475 1995 ondins
498 1932 614 1994 cordis.
661 1931 747 2006 Quod
770 1934 796 1996 si
818 1932 869 1996 ille
884 1926 911 2011 7)
933 1936 1074 2001 mulieres
1097 1956 1180 2021 quo-

230 2184 276 2252 17)
299 2185 464 2256 respondebit
480 2181 521 2234 W.
540 2181 622 2235 Mabo.
640 2182 669 2236 B.
689 2186 712 2236 A
730 2191 755 2236 et
773 2181 815 2236 Fr.
834 2146 915 2236 Amin.
934 2185 959 2236 2.
984 2202 1006 2238 c.
1032 2186 1072 2239 ed.
1103 2185 1177 2242 Grev.

159 2345 220 2399 Trito
248 2282 366 2399 eerraffor
384 2341 440 2411 (tor
464 2359 479 2394 o
501 2358 522 2394 r.
544 2359 578 2394 m.
604 2343 743 2412 superior.)
768 2343 822 2407 Me,
851 2353 966 2397 eeotntor
989 2343 1047 2396 edd.
1072 2354 1135 2398 vett.
1157 2365 1180 2400 e.

158 2433 247 2487 Remb.
268 2440 294 2484 et
319 2430 418 2484 Eraom.
454 2431 520 2482 Ante
547 2440 571 2484 et
597 2435 711 2485 eredenti
729 2431 752 2482 A
769 2431 872 2483 infercit
896 2441 966 2488 tono.
1003 2431 1069 2485 Dein
1095 2453 1177 2504 prae-

159 2531 260 2594 reptum
277 2537 324 2589 pro
342 2523 490 2588 proemium
508 2518 574 2571 mele
592 2518 679 2571 scribit
697 2519 744 2574 tte.
762 2504 769 2510 ⁸

228 2607 281 2661 vu.
307 2609 334 2674 1)
347 2610 463 2662 Panium
475 2611 607 2662 oecultum
625 2619 649 2664 ot
667 2613 701 2662 nd
718 2612 817 2664 ercitum
835 2617 858 2662 et
876 2613 909 2662 od
927 2619 1051 2666 ornatum
1073 2612 1135 2679 (eie)
1148 2609 1178 2663 A.

159 2698 229 2751 idom
246 2701 275 2751 in
293 2700 346 2750 ieto
363 2699 426 2764 fine,
454 2694 494 2746 Mo
517 2701 592 2750 inette
617 2701 684 2764 fine,
710 2694 805 2748 Thoen.
826 2704 852 2747 et
869 2695 935 2748 liber
952 2697 977 2750 S.
998 2699 1117 2768 Arnuiphi
1139 2715 1178 2768 op.

158 2784 244 2837 Baton.
271 2786 469 2852 iustificatione.
521 2783 582 2835 Post
613 2787 801 2838 moderandum
826 2783 848 2834 A
873 2765 1006 2854 ponpeium
1033 2786 1102 2838 addit
1131 2798 1178 2842 eet.

160 2872 189 2941 2)
209 2871 231 2922 1.
251 2870 359 2924 Timoth.
379 2870 405 2935 2,
424 2870 518 2922 9-10.
565 2870 594 2940 3)
614 2889 645 2926 oo
662 2875 790 2940 pudicitie
807 2870 849 2923 Fr.
868 2870 949 2924 Erum.
970 2873 1011 2938 2.,
1031 2883 1055 2926 et
1072 2877 1179 2936 pndioia

161 2958 227 3011 Med.
264 2958 324 3010 Mox
339 2974 422 3029 nepne
439 2977 522 3025 enro,
548 2977 631 3029 neque
647 2969 769 3030 torpente,
794 2977 841 3013 noo
859 2963 1015 3030 mnrparitio
1033 2959 1079 3012 Me.
1116 2959 1178 3013 Tum

159 3065 240 3118 neque
266 3056 341 3102 verte
365 3051 507 3118 praecioso
531 3047 589 3114 Mb,
618 3057 664 3102 ant
691 3051 784 3119 peiora
807 3057 882 3102 verte
904 3047 963 3099 edd.
991 3045 1036 3099 SP.
1064 3047 1127 3100 Veri.
1155 3048 1178 3102 1.

160 3135 259 3200 Remo,
287 3142 333 3189 aut
357 3137 483 3206 proniore
507 3142 581 3187 verte
605 3133 725 3186 Deventr.
748 3133 811 3185 Ven.
831 3134 855 3186 2.
876 3132 974 3185 Erasm.
996 3131 1069 3187 Grnv.
1111 3133 1178 3188 loire

212 3225 391 3278 veremionem

160 3297 392 3378 conseriptionem
415 3291 463 3344 tte.
509 3291 539 3360 4)
565 3295 670 3346 Pondere
687 3290 728 3344 Fr.
748 3291 830 3345 Enim.
851 3292 876 3344 2.
921 3289 975 3344 Om.
1001 3295 1035 3346 nd
1059 3297 1122 3348 daeo
1147 3292 1178 3346 A.

750 3385 813 3436 idne

160 3449 442 3522 5)1.1³on.3‚3-n
478 3450 507 3516 6)
525 3453 586 3506 stret
603 3455 632 3505 in
650 3454 777 3506 mutieres
831 3451 905 3518 (idne
923 3467 937 3501 e
954 3466 974 3504 r.
988 3467 1020 3504 m.
1039 3451 1178 3519 supersit.)

159 3557 215 3594 non
237 3543 358 3594 exterior
382 3541 529 3593 orrtementi
547 3538 592 3606 [ex
611 3546 670 3590 mut.
689 3554 709 3590 r.
728 3555 760 3591 m.
780 3542 915 3592 emoriere
933 3538 1097 3605 ornamento)
1116 3540 1179 3590 anri

160 3625 203 3680 Fr.
221 3626 303 3678 Emm.
322 3626 364 3691 2.;
389 3631 476 3682 exteri
493 3626 529 3694 B,
553 3629 698 3682 enteriorie
718 3627 759 3679 ed.
778 3625 899 3679 Deventr.
936 3625 964 3689 t)
982 3624 1020 3676 Ita
1038 3623 1077 3675 W.
1097 3623 1177 3676 Mobc.

160 3713 190 3768 B.
209 3715 246 3781 A,
272 3718 334 3770 ittae
352 3717 412 3782 (eor.
431 3715 490 3784 itte]
507 3715 563 3767 Vnt.
583 3730 685 3779 omnes,
710 3717 752 3768 itti
769 3711 810 3766 Fr.
829 3712 910 3766 Erum.
929 3712 953 3763 2.
973 3711 1014 3762 tto
1039 3711 1179 3780 invulgati

160 3801 228 3855 libri.
272 3801 332 3854 Tum
358 3807 475 3858 admonet
500 3803 583 3855 Habe.
609 3801 648 3868 A,
671 3812 799 3856 emenonet
816 3801 857 3854 W.
884 3801 919 3865 B,
946 3802 1082 3852 admonent
1108 3798 1176 3851 editi.

162 3889 250 3944 Statim
275 3895 449 3947 ooderoendae
467 3889 524 3958 Mn,
548 3892 575 3941 in
599 3905 649 3960 quo
672 3893 761 3944 teor.
780 3906 814 3943 m.
834 3887 1030 3957 superscriptum
1057 3893 1111 3953 eet,
1135 3885 1177 3940 Fr.
