2868 4700
653 469 721 528 xl!

273 639 325 704 iol.
367 634 480 702 Prodiit
501 651 573 700 cura
596 639 627 698 ct
648 631 746 698 studio
768 631 899 698 Latini
919 628 1067 696 Latinii
1092 628 1196 692 Viter-

270 761 390 841 biensis,
414 757 453 822 de
476 775 535 839 quo
551 754 610 821 vid.
626 773 733 840 snpra3
755 755 811 819 sed
833 755 899 818 sine
921 754 1044 822 editoris
1066 760 1195 828 nomine.

268 885 326 948 Cur
347 902 456 949 nomen
479 898 565 946 suurn
590 881 636 946 vir
658 880 928 962 praestantissimus
951 880 1019 946 addi
1047 899 1108 948 non
1138 903 1196 967 pa-

264 1017 393 1089 teretur,
432 1008 497 1090 ipse
533 1011 634 1070 narrat
672 1003 764 1087 Epist.
800 1003 883 1068 Toni.
917 1003 950 1067 ll.
990 1023 1018 1086 p.
1053 1002 1123 1070 109.
1159 1006 1196 1071 ad

266 1135 390 1198 blasium
419 1130 466 1193 bis
498 1129 616 1194 verbis:
651 1128 717 1208 „be
747 1126 894 1210 Cypriane
925 1135 998 1210 puto
1030 1134 1061 1192 te
1091 1132 1202 1196 nescio*

269 1257 340 1340 quid
362 1247 549 1338 praeclarum
572 1259 749 1334 exspectare
755 1272 766 1330 3
794 1251 849 1314 sed
879 1250 1005 1330 frustra3
1032 1253 1197 1320 labcraturn

268 1386 314 1444 est
336 1398 354 1442 a
376 1397 423 1442 nne
446 1377 606 1461 diligenter
633 1395 668 1440 ac
697 1393 810 1440 sumnia
840 1376 913 1457 lide,
945 1376 1032 1440 nutu
1061 1381 1197 1445 restituta

267 1507 351 1582 sunt,
382 1499 498 1564 additus
528 1500 615 1564 etiarn
645 1517 742 1581 paene
772 1500 866 1564 iustus
896 1499 1089 1582 epistolarum
1110 1502 1196 1567 liber.

267 1627 476 1690 Veruntamen
499 1625 569 1688 rnibi
592 1624 656 1690 fieri
678 1624 749 1688 satis
771 1642 832 1688 non
850 1631 958 1706 potest,
981 1626 1100 1706 quando
1116 1647 1197 1710 qno·

266 1749 390 1813 rundarn
412 1750 562 1813 hominurn
585 1749 706 1814 libidine
730 1767 791 1812 nnn
813 1754 859 1812 snt
882 1749 957 1824 scie,
980 1768 1017 1814 an
1041 1751 1196 1832 prudentia

274 1874 462 1938 commissum
487 1880 550 1954 est,
574 1879 730 1937 utcontra
753 1875 930 1956 scripturum
952 1874 1088 1939 codicum
1110 1876 1197 1940 fidem

270 1999 413 2062 nonnulla
435 2005 551 2062 retenta
582 1999 656 2077 sint,
685 1999 782 2079 aliqua
814 1999 901 2062 etiarn
931 1998 1043 2078 addita,
1072 2001 1197 2083 plurima

268 2140 341 2186 vero
375 2118 477 2206 (qnod
509 2130 608 2186 tannen
646 2121 683 2184 ad
714 2122 926 2204 scripturarum
964 2122 1050 2185 citata
1087 2125 1196 2206 passim

271 2247 439 2312 testimonia
461 2243 610 2331 pertinet)
631 2247 797 2325 immutata,
827 2251 860 2308 ut
884 2264 970 2326 quern
993 2246 1057 2310 fieri
1080 2247 1198 2310 minime

266 2377 372 2454 posset
400 2391 416 2434 a
445 2372 563 2455 vulgata
596 2389 750 2435 sacrorum
780 2370 940 2434 Bibliorum
972 2369 1100 2435 editione
1131 2371 1197 2436 dis-

268 2504 436 2580 creparent.
487 2499 571 2572 Onae
602 2516 653 2561 res
684 2498 772 2576 iecit,
807 2503 838 2560 ut
869 2514 908 2559 ne
938 2514 1047 2560 nornen
1075 2496 1194 2578 quidem

267 2640 364 2683 meum
396 2641 413 2683 a
443 2621 572 2685 blanutic
602 2629 722 2704 paterer
751 2621 811 2685 ulle
842 2621 930 2685 modo
960 2620 1087 2684 adscribi
1095 2644 1104 2698 ;
1134 2639 1195 2685 nun

267 2746 364 2825 enirn,
395 2751 428 2808 ut
458 2746 540 2810 rnulti
573 2745 702 2808 fortasse
732 2745 918 2823 existimant,
949 2745 1017 2808 leve
1046 2743 1125 2826 apud
1147 2763 1194 2808 nne

268 2869 379 2932 crimen
400 2887 536 2951 nmquam
559 2870 722 2952 putabitur,
745 2876 795 2933 ant
815 2869 967 2933 veritatem
990 2870 1123 2934 caelasse
1145 2878 1195 2933 aut

270 2993 387 3056 omnino
425 2994 583 3056 litterulam
620 2994 798 3057 immutasse.
866 2993 1053 3076 Collegernnr
1096 2994 1193 3058 multis

268 3117 375 3201 vigiliis
413 3124 443 3180 et
475 3118 626 3181 laboribus
657 3117 801 3200 quaedam
832 3118 918 3181 etiarn
953 3118 990 3182 ad
1021 3116 1193 3181 illustranda

267 3240 334 3303 loca
356 3241 468 3323 aliquot
491 3243 675 3322 obscuriora,
698 3243 836 3324 parabam
859 3244 946 3305 etiam
968 3243 1076 3305 breves
1100 3260 1194 3324 quas-

269 3362 334 3425 darn
357 3363 628 3443 annotatiunculae,
658 3366 689 3426 in
720 3366 825 3446 quibus
849 3370 917 3447 post
938 3365 1035 3428 varias
1058 3364 1193 3428 codicum

266 3487 412 3552 lectiones
434 3487 585 3567 indicatas,
609 3487 679 3570 quid
695 3490 821 3552 inanime
837 3506 935 3552 essem
951 3493 1070 3552 secutus
1087 3492 1193 3550 osten-

268 3609 379 3674 derem.
418 3608 477 3676 Sed
494 3612 530 3673 ab
552 3628 589 3673 eo
612 3611 716 3674 labere
739 3611 904 3695 supersedi,
927 3631 966 3677 ne
988 3612 1075 3674 lidern
1097 3627 1192 3672 ineant

269 3735 419 3816 cuisquanr
442 3734 614 3798 meticulosa
637 3734 795 3818 prudentia
817 3736 866 3799 vel
881 3735 1028 3798 levissima
1044 3731 1192 3798 infirmare

267 3866 379 3941 posset.
425 3860 524 3933 Quare
546 3877 615 3924 meo
638 3860 772 3942 periculo
800 3858 887 3922 didici
916 3857 1033 3920 stultum
1064 3874 1133 3922 esse
1162 3859 1193 3922 in

267 3983 303 4045 iis
326 3980 430 4045 studiis
452 3989 577 4046 aetatem
599 3989 708 4064 terere,
731 3982 761 4045 in
777 3983 883 4064 quibus
898 3995 1026 4044 necesse
1041 3981 1080 4044 sit
1094 3981 1191 4046 alieno
