2904 4692
739 405 782 470 80

252 565 434 630 dimittimus
464 563 658 628 debitoribus
679 562 809 626 uostris.
854 563 925 625 Post
947 559 1109 625 subsidium
1133 559 1189 624 cibi
1211 565 1269 643 pe'·

251 681 321 742 lilur
351 685 382 740 et
415 677 502 740 venia
535 676 650 752 delicti,
668 681 715 756 ,at
738 677 789 757 qui
812 693 828 738 a
853 674 911 740 dec
929 671 956 749 ³)
980 675 1128 758 pascitur,
1158 673 1269 738 indeo

252 794 341 872 vival,
366 809 423 856 nec
438 797 548 854 tanturn
565 791 717 872 praesenti
733 795 762 850 cl
779 788 934 871 lamporali
950 789 1037 867 vilae,
1060 787 1114 850 sed
1129 795 1271 850 aeternae

253 906 443 982 consulatur,
478 903 514 966 ad
537 921 624 982 quam
647 879 743 964 acarini
766 906 882 983 polest,
914 903 940 964 si
962 907 1085 982 peccata
1113 899 1270 979 donentur,

253 1037 330 1100 quae
354 1017 452 1080 debita
479 1015 616 1079 dominus
639 1014 784 1096 appellat,
808 1015 885 1076 sicut
906 1014 935 1076 in
960 1013 1119 1096 evangelio
1141 1031 1197 1076 sun
1222 1012 1270 1075 di·

206 1181 208 1186 .
254 1132 292 1194 cit
308 1128 355 1206 ⁴J:
390 1131 504 1194 Dimisi
535 1129 591 1190 tibi
624 1145 713 1192 omme
744 1127 879 1190 debitum
897 1125 942 1205 ⁵),
977 1128 1053 1208 quic
1075 1147 1121 1189 me
1142 1130 1271 1212 roperti.

254 1247 348 1320 Quam
372 1244 546 1308 necessarie
566 1237 712 1319 autem⁶),
737 1260 824 1322 quam
848 1239 1041 1322 providenter
1063 1246 1094 1302 et
1116 1241 1273 1305 salubriter

254 1360 449 1423 admonemur
471 1356 550 1440 quod
573 1363 751 1438 peccatores
775 1371 887 1434 sumus,
914 1356 1041 1446 qui—pro
1063 1356 1193 1437 peccatis
1215 1373 1273 1418 ro-

255 1491 329 1557 gare
353 1471 574 1553 compeliimur,
605 1475 654 1547 ul,
687 1467 755 1531 burn
785 1467 968 1551 indulgentia
997 1468 1035 1530 de
1064 1468 1122 1531 deo
1153 1468 1272 1550 petitur,

256 1585 460 1648 eonscientiae
480 1599 553 1644 suae
583 1582 697 1644 animus
720 1581 905 1644 recordetur.
951 1581 996 1644 Ne
1019 1583 1086 1662 quis
1108 1583 1165 1645 sibi
1187 1585 1272 1663 quasi

256 1703 402 1763 innocens
424 1696 540 1778 placeat
554 1689 579 1771 1)
605 1702 633 1756 el
657 1712 691 1756 se
713 1694 887 1758 extollendo
903 1695 970 1777 plus
984 1701 1096 1776 pereat,
1119 1695 1273 1760 instruitur

256 1843 463 1852 ..------

256 1923 370 1986 Latinio,
388 1919 502 1972 scribunt
521 1913 580 1972 Vcr'.
603 1928 630 1972 et
649 1917 701 1984 lib3
723 1924 825 1974 remitte
845 1947 872 1958 -
895 1922 1051 1974 dimittimur
1070 1919 1174 1984 nabet,
1196 1923 1273 1992 vulgo

256 2013 358 2062 remitte
379 2037 407 2043 —
428 2010 598 2060 remittimus.
629 2004 687 2056 vid.
707 2004 793 2058 adnot.
812 2005 843 2056 ad
864 2022 917 2072 cap.
931 2004 972 2057 lv.
991 2014 1044 2057 not.
1060 2005 1099 2060 ¹3.
1136 2006 1184 2058 l’ro
1202 2013 1275 2065 rictu

258 2097 282 2146 in
303 2093 332 2141 W
350 2093 446 2160 legitur
465 2096 554 2147 sicuti.
599 2092 629 2161 3)
651 2098 695 2161 qui
713 2096 759 2146 deo
780 2091 814 2142 bc
832 2101 859 2143 et
878 2091 934 2157 nd,
961 2095 1065 2146 domiuo
1091 2109 1139 2162 pro
1164 2099 1211 2149 dac
1230 2095 1276 2148 lib.

258 2179 345 2232 Statim
372 2185 401 2233 iu
424 2188 483 2231 aute
502 2182 548 2233 deo
566 2194 615 2231 om.
635 2179 764 2246 exemplar
784 2178 863 2244 Dan,
890 2181 1028 2233 cdomiuo
1050 2177 1126 2232 habet
1146 2179 1198 2246 Bu,
1224 2200 1278 2236 mou

257 2283 305 2333 pro
324 2283 372 2320 racc
391 2265 439 2318 bia.
477 2265 538 2316 Tum
558 2266 754 2320 manducabile
774 2265 809 2317 Bc
828 2275 854 2317 et
873 2265 923 2317 bld.
961 2263 1062 2333 Optime
1087 2270 1135 2319 aed
1157 2278 1278 2322 eumaeo

257 2369 303 2421 pro
322 2354 391 2423 vulg.
411 2357 457 2407 aad
475 2363 499 2407 et
517 2365 637 2406 cateruae
656 2351 682 2405 G.
703 2352 742 2404 W.
763 2352 850 2404 blacde
870 2361 896 2404 et
917 2351 994 2404 Bnbc.
1030 2350 1066 2402 lta
1086 2355 1160 2404 etiam
1181 2352 1276 2405 blorel-

258 2439 314 2490 lius.
352 2438 408 2490 Vid.
436 2443 594 2494 llumalcru.
622 2437 758 2490 Grammat.
787 2438 839 2489 lat.
867 2441 889 2504 §.
914 2439 969 2490 190,
997 2438 1022 2489 Β.
1043 2439 1067 2490 2.
1113 2438 1186 2491 Ocni.
1212 2457 1277 2510 quae

258 2543 332 2596 supra
352 2527 473 2578 adnotavi
493 2525 523 2575 ad
543 2541 597 2593 cup.
613 2523 664 2576 vll.
687 2534 740 2577 not.
752 2525 777 2576 2.
800 2527 873 2577 etad
891 2525 1022 2593 eapXIV.
1041 2536 1092 2578 not.
1109 2526 1149 2577 lo.
1182 2527 1277 2580 Vitiosa

259 2657 364 2700 aeteram
378 2645 425 2696 lic.
458 2645 525 2697 idem
545 2663 567 2697 c.
582 2646 617 2698 Bc
636 2655 662 2698 et
675 2646 715 2697 llld
735 2651 898 2714 consolatur,
920 2647 960 2699 ltu
979 2664 993 2699 a
1012 2664 1049 2717 pr.
1064 2667 1096 2701 m.
1114 2627 1276 2734 acceptetur.

259 2750 320 2801 Tum
341 2753 434 2804 ueratro
457 2750 515 2802 odd.
535 2760 597 2804 vett.
617 2768 639 2802 c.
660 2751 756 2803 Eiram.
776 2760 802 2804 et
821 2752 917 2804 blcrell.
944 2769 1055 2822 moxque
1079 2757 1210 2810 domatur
1227 2756 1276 2809 lla.

260 2839 359 2890 Deinde
381 2842 504 2894 dominus
522 2843 612 2894 debito.
660 2842 688 2905 4)
710 2839 795 2892 blattb.
816 2841 858 2906 18,
877 2842 918 2893 32.
965 2845 993 2905 5)
1013 2859 1113 2896 omnm
1130 2847 1277 2899 debituma

260 2942 291 2976 m.
312 2942 348 2994 pr.
369 2926 408 2977 W.
444 2923 480 2978 lta
500 2934 526 2978 at
544 2927 583 2978 bic
602 2937 628 2980 et
648 2945 703 2997 cap.
725 2943 790 2997 seq,
810 2930 854 2981 ubi
872 2929 923 2980 vid.
946 2938 997 2981 aot.
1015 2931 1051 2994 4.,
1070 2929 1127 2980 eod.
1149 2931 1182 2994 C,
1200 2935 1276 2985 dcii-

259 3023 313 3068 lum
331 3024 406 3067 tuum
425 3012 469 3064 lib.
508 3013 535 3077 li)
556 3019 643 3082 Quum
661 3033 769 3070 recreare
787 3027 873 3070 eutem
891 3017 932 3068 ed.
954 3015 1007 3079 sl),
1027 3034 1104 3085 puum
1122 3026 1207 3070 autem
1225 3034 1276 3070 ue-

260 3103 378 3154 ceaacrie
397 3099 461 3150 Dav.
481 3109 507 3150 et
525 3099 616 3165 Grau,
644 3121 722 3173 quum
741 3113 827 3156 cutem
847 3121 955 3157 necesse
974 3102 1065 3155 Venet.
1085 3102 1166 3154 Kunu.
1187 3102 1276 3154 Remb.

260 3185 358 3238 Eraam.
396 3185 457 3236 'ium
483 3191 627 3256 prudenter
651 3187 686 3239 Rc
712 3197 738 3238 et
763 3187 826 3239 Med.
863 3187 950 3240 Statim
976 3193 1149 3244 aclutobritcr
1173 3187 1278 3257 nugata,

260 3275 416 3325 salutariter
442 3271 521 3325 Onon.
552 3273 636 3326 Ralua.
665 3273 771 3337 uolui„
798 3279 943 3330 sulubriter
969 3294 989 3328 c.
1018 3277 1077 3328 odd.
1104 3275 1279 3343 superioribus

261 3349 336 3408 codd.
357 3359 406 3409 mei
425 3374 523 3426 omnes,
542 3371 602 3412 octo
622 3360 720 3429 Anglici
740 3369 765 3411 et
784 3361 808 3412 S.
829 3365 995 3432 Ampurtiuua
1014 3372 1100 3414 contra
1121 3363 1183 3412 duas
1202 3364 1280 3437 epist.¹

261 3435 346 3512 Pelag.
365 3445 406 3498 tv,
427 3447 467 3498 lo.
488 3451 512 3512 §.
526 3449 568 3499 27.
587 3448 613 3499 t.
627 3447 663 3498 X.-
675 3464 699 3514 p.
715 3449 773 3500 486.
795 3450 824 3501 D.
845 3459 871 3501 et
890 3450 921 3500 de
943 3450 1010 3500 dono
1029 3463 1159 3515 persever.
1179 3464 1232 3515 cap.
1248 3447 1277 3498 V.

261 3532 284 3595 §.
298 3531 323 3582 8.
343 3531 370 3582 Τ.
384 3551 406 3584 c.
426 3551 448 3600 p.
463 3534 523 3586 826.
541 3532 567 3584 B.
605 3533 669 3585 Dein
689 3547 852 3591 ammonetur
871 3535 923 3600 Bb,
942 3539 1030 3590 simus
1049 3535 1125 3598 Ver,
1142 3552 1192 3603 pro
1208 3551 1276 3602 pee-

261 3622 330 3672 outia
347 3619 507 3674 nostrirba.
539 3618 598 3672 Post
615 3621 764 3691 rcpcreblb
780 3625 805 3674 in
819 3639 867 3674 rae.
882 3622 1100 3691 babetperpetuo.
1132 3619 1278 3672 Deineon-

260 3707 385 3771 pausum
402 3713 440 3774 eat
458 3708 482 3757 in
502 3706 579 3758 codd.
593 3705 620 3759 G.
634 3707 665 3757 W
682 3716 707 3759 et
722 3709 785 3760 bibe,
822 3708 937 3759 Proxime
957 3705 993 3759 Bb
1013 3706 1099 3760 scribit
1116 3709 1146 3760 de
1164 3709 1279 3760 domiuo.

262 3788 386 3852 optutu
405 3789 444 3840 llb
463 3807 523 3845 cum
541 3796 667 3848 iuuceeur
684 3813 759 3849 nemo
778 3799 823 3862 eit,
845 3809 909 3862 quae
927 3795 1006 3845 verba
1026 3809 1041 3844 a
1060 3793 1159 3844 Cambr.
1180 3801 1280 3846 temera

261 3878 361 3942 recepit
376 3875 469 3927 Pamel.
490 3877 698 3945 adstipulantibus
714 3881 805 3946 Rigalt.
823 3887 849 3930 et
861 3879 956 3942 Oxon.;
976 3881 1078 3947 sapiunt
1096 3882 1162 3930 enim
1183 3897 1279 3933 meram

261 3959 378 4028 glossam.
410 3961 447 4015 cl.
467 3979 540 4031 supra
562 3981 616 4034 cap.
628 3965 669 4018 lv.
688 3983 714 4034 p.
728 3967 770 4031 45,
789 3966 861 4017 1-2.
893 3965 952 4016 Post
971 3975 994 4020 at
1013 3968 1036 4018 in
1052 3963 1092 4016 blb
1111 3981 1131 4017 r.
1151 3979 1182 4017 ra.
1202 3983 1280 4036 cupra
