2880 4696
608 429 652 498 '15

118 593 297 675 adpetentes
319 598 502 656 mannent
522 609 543 655 o
560 593 631 674 tide,
655 601 685 654 et
704 593 902 656 inseruerunt
921 609 955 654 se
970 591 1129 656 notorum

116 709 226 771 moitis.
271 707 415 769 Dominus
448 712 544 770 autem
567 707 672 788 quibus
695 700 793 783 nos⁴)
817 705 971 787 praemisis
993 706 1030 769 ud
1053 723 1131 770 cou-

116 828 257 904 temptum
286 821 333 883 rei
363 819 513 883 iemiiieris
542 820 670 882 invitat?
713 821 807 882 Pervu
830 819 904 882 hoec
926 825 956 882 et
967 817 994 899 ⁵)
1017 821 1126 904 exiguo

116 935 204 998 huus
228 937 372 1017 temporis
396 933 499 998 domne
520 935 627 1016 quibus
650 934 839 998 mercedibus
865 933 996 1016 penset?
1039 934 1133 998 Nemo

92 1057 172 1127 nest,
197 1050 291 1130 iuquit
304 1045 341 1129 6),
365 1050 418 1130 qui
441 1049 597 1130 relinquat
611 1043 636 1127 ²)
659 1049 779 1112 doenum
802 1057 857 1111 ant
878 1067 985 1130 aprum
1003 1056 1131 1129 autpe-

113 1171 220 1226 rentee
241 1170 297 1226 aut
316 1161 435 1242 [renes
456 1169 512 1226 ant
531 1181 660 1226 oaorem
681 1171 736 1226 aut
754 1163 837 1244 filios
856 1169 985 1244 propter
1006 1181 1131 1244 repnum

114 1275 167 1337 dei
189 1283 220 1336 et
239 1293 301 1337 non
323 1275 456 1354 recipiet
480 1278 592 1356 septies
622 1283 735 1338 tontum
763 1276 798 1336 in
828 1277 888 1337 isto
919 1282 1067 1355 tempore,
1099 1278 1132 1337 in

114 1388 242 1451 saecuta
265 1396 515 1472 autunloenturo
537 1391 631 1452 eitam
652 1398 818 1453 aeternam.
864 1389 977 1464 Quibus
1003 1391 1132 1473 cognitis

115 1506 145 1563 et
169 1499 209 1562 de
232 1499 342 1564 domni
354 1495 382 1578 ⁸)
404 1502 571 1582 pollicentis
595 1504 720 1566 veritate
749 1504 899 1585 conpertis
929 1521 990 1566 non
1020 1509 1130 1566 tuntum

80 1613 249 1679 utimendn
272 1632 332 1678 non
364 1620 410 1677 est
438 1615 599 1696 eiusmodi,
630 1615 683 1678 sed
708 1612 776 1695 111)
798 1615 926 1700 optando
949 1618 1061 1680 iactum
1085 1624 1131 1680 est

115 1732 183 1812 ipso
217 1728 316 1792 denuo
349 1728 468 1793 domino
502 1729 694 1812 praedicante
727 1735 757 1792 et
790 1738 930 1794 monente
953 1725 1007 1808 ¹⁰):
1042 1729 1131 1794 Beati

116 1847 215 1923 eritis,
239 1865 306 1909 enm
320 1841 360 1925 ¹¹)
380 1846 535 1924 persecuti
556 1865 611 1908 cos
631 1847 758 1927 fuerim,
781 1854 810 1908 et
829 1848 1044 1925 separaverint
1063 1865 1128 1924 aas,

116 1968 145 2023 et
158 1956 202 2038 ¹²)
226 1959 420 2039 eepoterim,
452 1968 481 2021 et
510 1959 726 2022 maledixerint
755 1961 869 2022 nomini
890 1969 992 2023 aestro
1013 1969 1049 2023 ut
1069 1979 1128 2022 ne-

15 2133 17 2140 ,
114 2093 206 2155 queen
231 2081 361 2154 propter
389 2073 485 2154 filium
515 2072 653 2135 neminie.
710 2073 847 2135 Gaudete
878 2075 911 2136 in
931 2074 998 2135 itta
1030 2074 1079 2134 die
1110 2079 1139 2134 et

78 2205 102 2248 m
116 2185 260 2248 exultate.
298 2184 378 2247 Eece
400 2186 479 2246 enine
500 2203 617 2246 merces
630 2191 733 2246 vestm
749 2181 786 2261 ¹³)
803 2185 899 2250 multu
914 2194 962 2248 est
975 2187 1008 2248 in
1024 2186 1127 2249 caetis.
1200 2258 1208 2272 .

127 2355 327 2366 ——---——

115 2458 155 2510 pr.
174 2441 222 2494 Me.
264 2443 293 2508 4)
312 2459 365 2496 nou
388 2440 432 2494 Be.
476 2441 504 2511 5)
528 2452 553 2495 et
576 2457 627 2494 om.
645 2443 675 2494 A.
717 2441 787 2497 ldem
805 2459 863 2496 mox
880 2462 927 2515 pro
942 2457 1036 2516 pensat
1054 2447 1130 2500 hebet

109 2539 261 2600 perteneat.
303 2529 332 2594 6)
351 2529 436 2582 unuh.
455 2529 504 2595 10,
523 2529 635 2583 29-30.
677 2529 704 2592 7)
723 2533 856 2601 rdinpuat
872 2549 911 2602 pr.
930 2534 988 2586 dein
1006 2538 1130 2606 relinquit

111 2617 170 2682 Aib,
196 2621 355 2687 derelinquit
372 2619 402 2670 A.
437 2617 515 2669 Paulo
543 2626 601 2686 poet
625 2621 666 2672 dei
683 2635 793 2689 repnum
810 2619 876 2672 idem
895 2620 966 2673 liber.
1002 2620 1063 2674 Tum
1080 2640 1128 2676 re-

111 2709 192 2774 cipiet
210 2703 268 2756 Mub
286 2712 311 2756 et
329 2707 359 2757 A.
396 2705 496 2758 Deinde
520 2710 619 2760 centies
643 2715 760 2776 quattuor
784 2709 859 2762 codd.
878 2717 941 2760 vett.
960 2708 1088 2762 Balneiuni
1106 2727 1129 2762 c.

110 2791 173 2844 edd.
199 2791 320 2845 Deventr.
346 2801 372 2846 et
394 2793 503 2860 Denuo,
533 2797 631 2864 septies
658 2803 742 2848 eutem
767 2803 794 2847 et
821 2795 903 2848 Italici
928 2805 955 2848 et
980 2799 1058 2850 nostri
1084 2813 1128 2849 us-

107 2879 281 2934 renuentibus
299 2880 369 2931 libris
387 2887 446 2931 ante
466 2879 557 2932 Menut.
576 2881 643 2948 typis
661 2883 792 2950 exscriptis
817 2883 941 2935 omuibus.
980 2883 1017 2935 ltu
1036 2882 1130 2936 Noster
1234 2893 1238 2898 '

109 2969 192 3020 etiem
217 2969 244 3018 in
269 2966 350 3039 Epist.
374 2967 434 3020 uvi
457 2968 489 3020 ad
513 2967 634 3020 Thibarit.
659 2985 683 3036 p.
701 2967 733 3018 91
762 2977 789 3020 et
813 2969 845 3020 nd
869 2969 998 3023 Fortunat.
1024 2987 1049 3038 p.
1069 2969 1128 3024 273.

108 3041 256 3124 Praeposit.
275 3059 304 3110 in
323 3063 382 3108 ente
401 3059 453 3110 isto
472 3066 587 3126 tempore
604 3072 653 3108 om.
672 3057 703 3109 A.
739 3056 768 3122 8)
789 3060 892 3112 domina
904 3057 934 3108 W
954 3067 979 3108 ct
997 3057 1043 3110 Mn.
1073 3057 1131 3110 uox

108 3146 135 3196 in
156 3141 215 3208 1111,
240 3145 265 3194 in
290 3159 339 3213 quo
362 3145 522 3212 distinguitur
546 3154 605 3196 unte
631 3163 699 3214 non,
726 3154 784 3214 post
810 3149 940 3200 eiusmodi
963 3143 995 3196 ab
1018 3161 1069 3198 rec.
1089 3145 1130 3198 itte

108 3246 180 3282 uren.
199 3233 399 3299 superscriptum
418 3237 457 3282 est
480 3234 611 3301 sapienda.
657 3231 686 3296 9)
706 3244 796 3288 etum.
816 3232 857 3284 Mb
883 3241 909 3284 et
926 3231 971 3302 Α)
986 3236 1131 3302 adaptanda

108 3333 160 3386 pro
180 3326 206 3370 et
222 3321 335 3387 optanda
353 3316 428 3368 habet
446 3315 493 3381 W3
520 3321 628 3372 obtundo
646 3319 758 3372 scribunt
775 3318 843 3370 Mbd.
879 3318 1008 3388 Deinceps
1025 3325 1131 3376 iactura

108 3416 153 3460 ut
177 3404 238 3456 Ver.
263 3403 344 3456 Mnhc.
368 3403 421 3456 Bab
446 3413 472 3456 et
495 3421 558 3464 uuus
582 3405 679 3474 Neop.;
705 3407 802 3476 vulgati
830 3409 896 3460 enim
923 3408 978 3461 libri
1005 3425 1054 3461 om.
1080 3421 1130 3464 eet.

110 3492 231 3543 Proxime
250 3494 354 3545 domino
373 3495 456 3546 denuo
475 3491 521 3544 tta.
567 3492 612 3559 10)
630 3493 688 3546 Luc.
708 3493 740 3556 6,
759 3493 869 3547 22-23.
906 3495 977 3548 Cani.
997 3481 1083 3549 natu.
1104 3497 1129 3558 5,

112 3578 226 3630 11-12,
268 3578 312 3641 11)
331 3583 407 3634 Beati
424 3583 506 3644 estis,
525 3585 647 3649 qnondam
664 3581 694 3632 A.
731 3581 793 3652 Tum
809 3585 945 3652 persecuti
963 3602 1012 3638 voe
1030 3587 1131 3651 sinerint
1219 3647 1223 3656 ,

110 3669 233 3721 nominee
257 3663 308 3716 111).
354 3665 424 3729 Quae
450 3667 527 3718 lectio
554 3684 610 3719 cum
634 3667 732 3720 Graeco
758 3678 827 3721 textu
853 3671 980 3721 convenit.
1023 3668 1130 3721 Additur

112 3757 231 3808 mnrium
257 3755 333 3804 etiam
357 3753 383 3804 iu
407 3755 480 3820 epist.
499 3753 560 3806 LVI.
585 3771 609 3822 p.
629 3754 678 3820 91,
705 3756 737 3807 ed
764 3754 892 3808 Fortunat
919 3773 944 3824 p.
970 3755 1021 3806 272
1048 3763 1074 3805 et
1097 3754 1129 3805 ed

113 3838 209 3901 Quiriu.
228 3837 271 3891 111.
294 3837 335 3891 16.
353 3856 377 3907 p.
396 3838 455 3893 310.
492 3840 535 3906 12)
554 3853 578 3895 et
596 3856 645 3894 our.
665 3843 712 3896 Mc.
746 3843 773 3895 ln
792 3860 863 3913 seqq.
882 3859 927 3911 pro
946 3853 976 3898 ut
994 3841 1035 3892 Md
1053 3841 1131 3893 hebet

110 3933 199 3996 pieni.
236 3924 311 3980 Cous.
330 3943 353 3995 p.
375 3926 415 3978 91.
434 3927 485 3978 272
503 3935 530 3980 et
546 3928 607 3981 310.
650 3929 698 3987 13)
717 3929 797 3982 Deest
820 3941 910 3984 mena
931 3931 955 3980 iu
976 3929 1005 3980 A.
1042 3929 1129 3981 Statim

113 4019 194 4074 nodie
217 4024 261 4074 eet
284 4029 336 4069 om.
355 4014 387 4066 W
406 4023 433 4071 et
449 4015 479 4071 Λ.
524 4020 608 4074 Mutua
633 4019 693 4072 item
718 4033 768 4070 om.
792 4016 878 4073 uano.
902 4015 968 4074 litter
990 4023 1016 4066 et
1039 4015 1129 4088 Augu·
