2868 4700
676 450 718 517 st

190 609 411 696 praedicemus.
454 608 619 693 Exoptatus
632 607 659 691 Ἰ)
693 612 773 675 votis
797 611 927 676 omnium
957 609 1022 676 dies
1053 612 1151 694 venit,
1180 619 1212 676 et

192 731 264 809 post
293 725 405 808 longae
435 725 534 787 noctis
561 725 733 788 horribilem
760 731 944 807 taetrumque
974 726 1130 810 caliginem
1153 725 1213 791 do·
1296 743 1304 758 ·

193 834 307 918 mini⁸)
338 839 407 902 luce
436 837 567 904 radiatus
597 841 725 904 mundus
749 841 849 904 eluxit.
895 840 1097 906 Confessorcs
1119 859 1212 924 prac-

195 955 285 1018 conio
317 953 389 1017 boui
420 954 548 1016 nominis
575 954 672 1017 claros
696 949 765 1033 et9)
787 956 905 1018 virtutis
927 973 963 1018 ac
985 954 1054 1019 iidei
1075 956 1212 1020 laudibus

169 1068 353 1162 pgloriosos
384 1067 469 1130 laetis
508 1069 719 1150 conspectibus
756 1069 920 1149 intuemur,
958 1071 1068 1134 sanctis
1106 1070 1215 1133 osculis

195 1182 415 1262 adhaerentes,
445 1181 633 1247 desideratos
664 1182 714 1247 diu
744 1185 916 1266 inexplebili
947 1184 1106 1268 cupiditate
1137 1202 1216 1249 con-

194 1297 361 1380 pleetimur.
407 1296 500 1359 Adest
522 1297 645 1360 rnilitum
668 1298 776 1360 Christi
795 1294 835 1376 ¹⁰)
858 1299 968 1364 cohors
992 1298 1135 1379 candida,
1165 1298 1216 1379 qui

195 1411 416 1493 persecutionis
447 1413 585 1493 urgentis
613 1411 756 1476 ferociam
787 1413 983 1477 turbulentam
1014 1413 1110 1476 stabili
1137 1429 1217 1475 cou-
1294 1387 1297 1392 Ι

196 1525 359 1608 gressione
392 1523 549 1608 fregerunt
569 1523 624 1606 ¹¹),
661 1529 755 1608 parati
793 1527 830 1590 ad
866 1529 1036 1610 patientiam
1075 1527 1216 1608 carceris,

157 1675 186 1718 ,θ
200 1641 306 1702 armati
342 1638 378 1701 ad
417 1641 604 1704 tolerantiam
642 1643 754 1705 mortis.
810 1641 1011 1727 Repugnaslis
1031 1639 1069 1719 ¹²)
1102 1641 1219 1705 sortiter

197 1753 333 1833 saeculo,
356 1755 557 1837 spectaculum
582 1756 748 1839 gloriosum
771 1757 949 1839 praebuistis
972 1756 1048 1836 deo,
1070 1755 1218 1820 secuturis

198 1869 342 1932 iratribus
381 1867 479 1933 fuistis
521 1871 668 1953 exemplo.
723 1870 874 1955 Religiosa
893 1869 932 1949 ΙΙ)
970 1890 1032 1935 vox
1072 1869 1218 1933 Christum

198 1983 298 2047 locuta
331 1991 394 2065 est,
423 1985 452 2047 in
483 2003 572 2066 quern
604 2002 637 2047 se
665 1967 761 2048 'semel
795 1985 960 2048 credidisse
992 1982 1132 2048 consessa
1164 1986 1218 2044 cst.

197 2096 342 2160 Inlustres
370 2113 491 2176 manus,
522 2114 599 2177 quae
631 2115 692 2158 non
722 2097 780 2159 nisi
802 2093 839 2172 Μ)
869 2092 975 2158 divinis
998 2096 1139 2178 operibus
1160 2094 1217 2158 ad·

162 2249 189 2292 45
202 2218 383 2290 sueverant,
418 2210 570 2273 sacrificiis
606 2209 761 2292 sacrilegis
795 2211 975 2272 restiterunt.
1032 2208 1217 2274 Sanctificate

204 2346 255 2390 ora
278 2325 457 2389 caelestibus
480 2325 554 2388 cibis
576 2331 645 2406 post
668 2341 778 2405 corpus
801 2330 831 2386 ct
853 2324 1026 2406 sanguinem
1050 2322 1161 2386 domini
1180 2319 1217 2400 ¹⁵)

204 2481 411 2496 -η--ιι--ι-

272 2562 302 2629 7)
320 2564 467 2628 disceptatis
489 2558 578 2612 ΜΗ
604 2568 630 2611 et
653 2576 691 2628 pr.
717 2560 767 2613 hlb.
804 2559 866 2612 Tum
888 2562 999 2614 caetham
1024 2567 1049 2614 et
1072 2560 1140 2613 sotis
1158 2559 1216 2612 cod.

201 2649 312 2702 Furens.
350 2649 477 2715 Deinceps
502 2652 623 2702 omnihus
650 2648 707 2700 edd.
731 2651 849 2718 antiquae
872 2665 895 2700 c.
921 2647 1049 2700 ilembolt.
1073 2645 1172 2698 Eresm.
1192 2654 1220 2698 et

202 2737 293 2802 Grau,
315 2752 419 2805 quarum
439 2737 574 2788 novissima
594 2737 619 2788 in
637 2753 686 2806 rng.
706 2737 784 2789 hahet
802 2740 927 2791 omnium.
962 2735 1085 2788 hiendose
1108 2738 1170 2789 eerts'
1187 2733 1219 2786 Α.

201 2825 233 2890 8)
259 2827 301 2879 des·
324 2823 365 2874 hid
389 2831 417 2875 et
438 2839 453 2874 a
477 2840 497 2875 r.
521 2841 554 2878 nr.
578 2822 633 2890 hic,
659 2827 771 2892 itemque
795 2824 852 2876 edd.
883 2829 944 2876 vett.
970 2821 1069 2874 Erasm.
1094 2829 1120 2873 et
1144 2819 1219 2872 Grav.

96 2961 106 2969 .
202 2913 292 2965 Statim
315 2915 411 2965 mondo
431 2914 462 2963 A.
497 2911 567 2964 Idem
593 2929 617 2966 c.
639 2911 677 2964 Bt
699 2916 800 2966 illusit.
836 2910 866 2979 9)
886 2919 911 2964 et
934 2925 984 2960 om.
1003 2909 1067 2961 hiae.
1092 2908 1170 2961 .Dein
1189 2905 1220 2956 W

202 3009 229 3054 ct
246 3000 303 3052 hiae
322 2983 441 3052 euhibeut
459 3003 612 3054 virtutibus.
648 2999 733 3051 Verba
751 3001 854 3053 sanctis
873 3000 978 3051 osculis
996 2999 1166 3050 adhaerentes
1186 3021 1216 3034 -··

203 3117 235 3128 -
261 3117 296 3131 —
320 3091 509 3156 conplectimur
533 3087 624 3140 desunt
645 3089 671 3139 in
695 3086 726 3138 Α.
761 3085 810 3138 Pro
836 3089 939 3140 osculis
957 3083 997 3136 his
1025 3091 1051 3134 st
1074 3080 1128 3134 Bab
1158 3082 1219 3133 daut

202 3179 300 3240 cesalis,
319 3177 380 3228 item
399 3177 480 3242 primo
498 3177 619 3246 scriptum
630 3175 679 3227 luit
691 3175 716 3226 in
729 3173 776 3226 hic.
809 3173 869 3224 Tum
883 3175 1064 3227 desiderantes
1078 3169 1156 3222 hahet
1168 3167 1215 3223 ttb.

203 3263 249 3330 10)
266 3267 369 3319 Oba-ists·
383 3278 432 3316 om.
445 3264 475 3316 ll.
509 3262 566 3315 hiox
583 3267 704 3335 arpentis
722 3262 877 3332 [torquentis
896 3259 983 3312 scribit
995 3257 1045 3327 bb)
1066 3261 1092 3310 in
1104 3257 1144 3310 hic
1157 3273 1217 3312 cor·

202 3431 303 3490 ruptum
321 3431 360 3474 est
377 3423 403 3472 in
421 3424 565 3492 serpentis.
604 3420 648 3484 11)
666 3360 879 3490 [νσφσννῖηιῇιιπί
896 3434 911 3470 a
929 3433 949 3471 r.
965 3435 997 3470 m.
1016 3416 1158 3487 superscr.)
1169 3413 1219 3480 Bh,

201 3515 324 3580 [semul
348 3509 393 3561 Ra.
437 3506 503 3560 Dein
527 3518 621 3578 parato
649 3537 680 3548 -
710 3537 744 3548 -
770 3517 873 3560 armata
898 3505 936 3570 lt;
966 3510 1063 3560 amate·
1091 3520 1142 3556 om.
1170 3501 1218 3554 lle.

204 3598 251 3666 12)
275 3601 461 3668 Repupnautes
481 3595 525 3648 eb.
568 3594 616 3646 Pro
640 3599 687 3650 dee
705 3595 737 3646 W
756 3601 782 3646 et
799 3593 854 3646 blac
872 3593 991 3646 exhibent
1010 3594 1123 3646 mnino.
1159 3587 1221 3638 Tum

203 3685 269 3738 male
299 3687 420 3739 secutori
445 3700 481 3752 pr.
507 3683 553 3736 lrlc.
598 3681 642 3752 13)
668 3687 807 3754 lteleqieso
831 3681 871 3734 hia
896 3690 922 3734 et
948 3699 986 3750 pr.
1013 3678 1064 3730 bib.
1106 3675 1222 3727 Proxime

204 3776 309 3828 Christi
341 3770 388 3822 bic.
435 3771 462 3822 ln
494 3787 565 3840 seqq.
593 3786 707 3839 prouom.
736 3788 767 3824 se
796 3785 815 3822 r.
844 3785 876 3822 m.
904 3765 1081 3836 superscripsit
1117 3764 1142 3812 in
1174 3759 1221 3812 ldc.

206 3860 251 3926 11)
271 3877 337 3930 qnae
358 3876 389 3912 sc
411 3877 464 3912 non
481 3862 538 3914 sisi
562 3857 608 3911 hic.
645 3856 703 3909 hiox
721 3866 878 3912 asseverant
896 3855 928 3907 h.
966 3851 1054 3904 Statim
1072 3850 1219 3916 sacrificiis

206 3965 237 4001 ac
254 3948 412 4016 sacrileqs‘s's
429 3943 483 3996 Btrb
502 3953 527 3996 et
544 3961 582 4013 pr.
596 3944 635 3996 hic
653 3959 702 3995 una
722 3959 779 3994 cum
796 3951 896 4010 septem
913 3941 984 3992 h'bris
1002 3943 1064 3988 vett.
1078 3950 1120 4002 ap.
1134 3932 1221 3988 Belus.

207 4042 232 4104 et
249 4041 368 4106 quattuor
380 4031 456 4104 Aegl.
494 4033 541 4101 15)
561 4033 718 4108 sanquinem
731 4033 833 4088 Christi
845 4028 875 4082 ll.
