2858 4688
764 419 829 502 212

278 578 601 664 ‘eleemosynas-imit
622 577 679 642 deo
702 577 806 660 credit,
830 585 861 642 et
882 579 933 660 qui
948 577 1037 641 hebet
1051 575 1120 640 ddsi
1140 576 1299 655 veritatem,

286 701 385 758 servet
410 694 459 757 dei
482 696 634 768 timorem
668 691 719 772 qui
748 697 845 756 sutem
878 691 925 754 dei
956 692 1090 754 timorem
1121 698 1241 770 servet,
1272 694 1300 754 in

285 808 525 873 miserationibus
559 824 722 888 pauperum
757 805 844 870 deum
877 807 996 888 cogitat.
1043 804 1191 887 Operatur
1225 807 1299 869 enim

284 923 354 986 ideo
368 918 416 1001 ¹⁸),
439 923 507 1002 quin
530 919 634 999 eredit,
663 920 668 1003 l
696 921 765 1000 quis
788 921 843 982 scit
867 937 939 982 vers
962 937 1032 982 esse
1055 937 1133 999 quse
1152 917 1342 999 praedictam
1402 977 1403 980 ,

284 1040 353 1099 sunt
380 1033 482 1098 verbis
512 1033 578 1112 dei,
608 1051 664 1095 nee
694 1027 871 1115 scripturam
902 1039 1032 1096 sanetum
1064 1049 1155 1112 posse
1185 1032 1299 1094 mentiri
1402 1031 1403 1038 ’

283 1149 408 1212 arbores
429 1147 639 1226 infructuosas,
663 1145 693 1208 id
718 1151 764 1210 est
786 1147 904 1210 steriles
927 1147 1074 1225 homines,
1098 1145 1196 1208 excidi
1219 1152 1249 1208 et
1271 1147 1299 1207 in

275 1265 382 1346 'ignem
406 1263 494 1342 mitti,
529 1260 740 1326 misericordes
764 1252 799 1324 sd
824 1277 949 1345 regnum
974 1258 1085 1322 vocari.
1131 1258 1188 1332 Qui
1209 1253 1248 1333 ¹⁹.)
1272 1264 1300 1320 et

282 1377 339 1441 stio
365 1377 394 1438 in
417 1377 485 1439 ideo
509 1375 667 1456 operarios
691 1380 720 1436 et
741 1373 914 1437 fructuosos
937 1371 1041 1434 fideles
1069 1371 1214 1451 appellet,
1250 1371 1299 1432 in-

275 1490 443 1553 ‹frnetuosis
467 1495 548 1555 vero}
565 1495 595 1550 et
618 1487 768 1550 sterilibus
791 1487 880 1550 iidem
904 1485 1030 1569 deroget
1052 1485 1156 1546 dicens
1173 1480 1233 1561 ²⁰J:
1265 1484 1299 1545 Si

280 1603 315 1664 in
331 1603 450 1664 iniusto
465 1618 609 1664 mamona
620 1597 664 1679 ²¹)
683 1601 792 1679 fideles
810 1619 876 1663 non
890 1600 1011 1681 fuistis,
1035 1599 1118 1680 quod
1131 1607 1179 1660 est
1192 1619 1299 1662 nerum

180 1757 186 1764 -
281 1717 352 1796 quis
373 1716 480 1778 credet
499 1713 614 1778 eodm?
659 1714 749 1776 Etsi
771 1716 803 1776 in
829 1715 935 1778 alieno
956 1715 1065 1793 fideles
1092 1732 1154 1774 non
1175 1712 1296 1791 fuistis,

209 1893 215 1901 ,
280 1830 365 1910 qued
386 1837 433 1891 est
448 1825 490 1904 ²⁴²)
513 1837 648 1890 vestrum
670 1829 741 1908 quis
765 1827 853 1890 dabit
874 1827 989 1891 vodis?

171 2041 175 2044 ’
278 2062 372 2115 synam
393 2044 448 2110 dib,
467 2047 527 2098 item
547 2046 605 2097 edd.
625 2054 688 2098 vett.
708 2054 733 2096 et
752 2044 864 2107 Erssm.‚
882 2047 965 2112 faeiat
984 2043 1022 2107 Α,
1043 2047 1146 2098 domino
1166 2043 1200 2096 De
1219 2053 1247 2096 et
1265 2049 1296 2096 Α.

272 2125 336 2181 'Mox
353 2141 446 2184 servat
464 2135 562 2185 domni
581 2135 701 2185 sisterem
720 2129 756 2182 Bb
777 2138 802 2182 et
820 2130 850 2198 A,
888 2129 987 2182 Deinde
1010 2133 1129 2184 timerem
1147 2135 1298 2186 deicerent
1402 2129 1403 2132 ’

278 2216 333 2267 disc
356 2225 383 2268 et
408 2215 470 2268 Bas
518 2218 561 2281 18)
588 2221 635 2270 ates
659 2233 705 2284 pro
730 2221 787 2272 ides
811 2217 863 2282 Db,
891 2220 958 2286 qnod
983 2221 1067 2271 eredit
1090 2216 1137 2268 Ma.
1174 2216 1201 2268 in
1219 2235 1294 2287 seqq.

277 2306 440 2371 scripturam
459 2322 566 2357 sueram
585 2303 644 2354 edd.
657 2310 726 2356 'vett
746 2312 772 2354 et
790 2302 887 2355 Erssm.
921 2303 976 2352 Vid.
990 2301 1075 2354 Mettis.
1090 2304 1115 2368 3,
1129 2304 1162 2356 10
1182 2313 1206 2355 et
1225 2306 1251 2370 5,
1270 2307 1294 2357 7.

276 2390 490 2457 Praepositionsm
500 2397 559 2440 ante
568 2392 653 2458 iynern
663 2389 781 2438 omissam
793 2391 816 2438 in
829 2387 868 2438 111
879 2404 898 2438 r.
910 2403 941 2438 m.
952 2387 1089 2454 supplevit.
1113 2389 1172 2441 Post
1180 2395 1293 2444 miseri·

275 2481 368 2530 cordes
379 2477 543 2530 exterminavi
554 2484 649 2540 autem,
660 2474 727 2541 quod
738 2476 787 2525 ism
799 2474 890 2526 Gravis
901 2481 1045 2540 suspectum
1056 2475 1148 2539 fueret,
1162 2485 1187 2528 et
1198 2493 1211 2526 s
1221 2476 1293 2528 libris

274 2563 370 2632 venet
380 2564 440 2612 meis
450 2559 566 2611 omnibus
576 2558 657 2608 sbest.
685 2557 799 2610 Praestat
809 2559 958 2624 asyndeton.
988 2558 1048 2612 Post
1057 2563 1292 2630 remsumdinter·

274 2649 336 2700 serit
355 2650 496 2700 saelorum.
534 2643 580 2710 19)
600 2649 671 2710 Quia
691 2645 749 2695 edd.
769 2653 832 2696 vett.
851 2661 873 2696 c.
886 2643 983 2697 Erssm.
1004 2655 1028 2698 et
1042 2633 1145 2699 'doreti
1183 2647 1245 2700 Tum
1264 2653 1293 2701 in

167 2764 171 2770 ·
260 2737 326 2788 ,atis
345 2737 403 2786 ides
416 2729 462 2782 Bb.
498 2729 566 2782 idem
585 2729 650 2780 iiber
668 2733 786 2798 adpetisti.
821 2731 870 2784 Sed
884 2731 1051 2800 praeferende
1065 2733 1144 2786 sitem
1158 2738 1291 2801 seriptum.

272 2819 328 2872 Vid.
353 2823 472 2890 Waynssn
493 2819 509 2868 i.
531 2834 553 2869 c.
574 2835 600 2884 p.
619 2817 677 2869 408.
716 2817 815 2870 Deinde
836 2822 1078 2888 infructuosam,
1106 2830 1129 2873 et
1153 2825 1292 2876 sterilibus

272 2951 322 2992 orn.
337 2940 369 2991 W
382 2949 407 2991 et
421 2940 467 2992 dis.
505 2941 551 3005 20)
571 2941 689 3006 iuste,
705 2941 744 2993 11.
780 2918 871 3005 21).η
889 2945 990 2997 iniusto
1009 2945 1049 3008 (in
1067 2943 1099 2994 sb
1120 2942 1151 2994 si.
1170 2959 1201 2994 m.
1215 2937 1291 3012 supra

272 3029 373 3095 addito)
390 3027 440 3092 111,
458 3032 487 3082 in
505 3033 577 3082 iusto
592 3028 626 3078 Be
647 3037 672 3078 et
686 3026 732 3081 Mc.
770 3027 830 3078 Tum
849 3047 979 3095 mamona,
1000 3030 1106 3097 simplici
1125 3049 1159 3092 sn,
1181 3029 1221 3079 W.
1236 3028 1290 3080 Bsb

271 3112 360 3180 ο111ο,
379 3117 437 3165 item
458 3115 515 3165 edd.
535 3123 596 3168 vett.
616 3131 639 3167 c.
653 3115 796 3166 Essem-et
811 3115 918 3180 dimoti,
937 3135 1084 3172 mammona
1098 3115 1158 3168 tthd
1176 3125 1202 3168 et
1215 3115 1289 3167 Grsv.

270 3200 362 3251 tinum.
389 3199 533 3251 Pemei.·et
556 3203 730 3265 rec-entiores,
758 3219 920 3256 mammonae
939 3201 994 3268 tta,
1020 3187 1213 3257 mansrnoned.
1250 3201 1289 3254 De
1402 3215 1403 3222 ’

270 3301 327 3337 voe.
349 3303 470 3339 mamona
488 3288 539 3339 vid.
561 3305 635 3356 quem
660 3287 746 3338 iaudat
765 3286 898 3354 Heinsius,
929 3293 999 3345 Dasi-
1020 3293 1173 3360 Ddssqnin.
1195 3289 1248 3341 Lib.
1269 3289 1289 3340 1.

269 3373 342 3438 epist.
356 3371 398 3424 39.
411 3389 436 3440 p.
449 3373 479 3424 13
493 3373 549 3424 infr.
565 3383 590 3424 et
603 3389 640 3441 sq.
654 3373 695 3425 ed.
709 3373 785 3426 Brsii.
817 3375 915 3428 verber
934 3379 1022 3445 fideles
1036 3395 1088 3430 non
1099 3380 1195 3445 feristis
1208 3379 1241 3415 -'
1256 3403 1287 3415 -

268 3461 303 3512 Di
327 3464 355 3513 si
377 3464 406 3512 in
431 3463 516 3514 alieno
532 3461 718 3515 desiderentur
742 3464 766 3514 in
786 3463 817 3514 Α.
854 3463 918 3516 Dein
944 3468 1013 3534 quod
1036 3474 1155 3519 vestrum
1181 3475 1223 3519 esi
1240 3479 1289 3532 pro
1402 3467 1403 3472 ’

268 3550 334 3614 quaeri
352 3556 393 3599 est
409 3564 503 3600 verum
522 3550 654 3612 (vestrum
677 3547 753 3600 hebet
771 3549 849 3614 st.)
875 3559 901 3602 et
925 3554 994 3604 stadii
1019 3566 1065 3617 pro
1090 3553 1177 3604 credet
1200 3551 1289 3602 scribit

267 3631 317 3697 Mb,
338 3636 421 3687 credit
441 3630 487 3698 Bb,
508 3636 624 3686 crederet
641 3633 733 3702 legitur
752 3637 776 3687 in
796 3637 836 3688 ed.
848 3636 943 3688 disnut.
982 3636 1098 3689 Correxit
1117 3639 1155 3688 vir
1173 3638 1242 3689 doct.
1262 3639 1287 3688 in
1325 3679 1330 3694 ,

267 3717 424 3786 Gottingensi
444 3718 592 3786 exemplari.
629 3721 676 3788 22)
694 3725 762 3790 qnod
780 3733 820 3776 est
838 3737 886 3775 om.
905 3723 963 3774 Ver.
980 3723 1018 3776 W.
1035 3721 1190 3780 distest
1210 3731 1236 3776 et
1255 3723 1288 3788 Α,

265 3839 366 3889 verum,
387 3823 412 3872 in
432 3839 480 3890 mg.
501 3823 532 3874 ab
552 3839 572 3876 r.
593 3841 625 3874 m.
645 3809 724 3880 eru-sn
742 3824 789 3877 11ο.
829 3825 917 3877 Totum
936 3826 986 3878 hoc
1007 3827 1082 3878 coion
1102 3827 1219 3880 deestis
1239 3825 1287 3879 Bb.
