2882 4692
660 397 702 462 39

170 557 227 620 ritn
251 562 282 619 et
304 555 446 634 verinte,
479 561 510 617 et
539 553 663 634 inplevit
692 553 773 634 quod
803 561 872 617 ante
901 555 1063 636 promisit‚'
1085 557 1189 637 utqui

171 669 304 752 spiritum
337 673 366 730 et
396 669 552 732 veritatem
583 666 621 730 de
647 667 711 730 eius
734 667 969 733 sanctificatione
991 668 1189 751 percepimus,

172 782 210 844 de
238 779 398 845 traditione
428 795 548 859 qnoque
580 778 645 840 eius
674 794 747 839 aare
776 784 806 841 et
827 779 997 860 spiritaliter
1019 777 1188 843 adoremus.

172 896 258 970 (tuae
281 895 359 957 enirn
383 900 482 974 potest
506 909 576 955 esse
598 891 737 972 spiritatis
753 886 781 968 ⁶)
805 893 918 970 oratio,
949 910 1036 974 quem
1067 909 1144 974 quae
1172 910 1188 953 a

173 1007 290 1070 christo
321 1005 407 1068 nobis
438 1004 504 1069 data
537 1009 601 1083 eet,
632 1022 733 1085 aquo
756 1004 843 1068 nobis
871 1011 901 1068 et
924 1003 1045 1087 spiritns
1068 1013 1190 1069 sanetus

173 1124 281 1189 missus
304 1121 380 1184 esti
425 1120 509 1194 Quae
532 1137 605 1182 vera
623 1113 648 1192 ⁷)
679 1119 756 1201 apud
785 1125 898 1200 patrem
920 1119 1068 1202 precatio,
1102 1135 1188 1201 qnam

156 1215 249 1319 x(purae
273 1253 290 1295 a
314 1233 392 1310 tilio,
416 1231 466 1312 qui
491 1235 536 1292 est
558 1229 686 1306 veritas,
710 1227 836 1291 deeius
860 1247 915 1292 ore
935 1228 1050 1311 prolata
1073 1235 1135 1307 est,
1158 1236 1189 1293 nt
1302 1317 1309 1326 ἱ

171 1350 258 1414 aliter
280 1363 379 1438 orare,
403 1361 490 1424 quant
514 1340 625 1418 docuit,
648 1358 709 1402 non
733 1339 901 1423 ignorantia
924 1338 987 1403 sota
1010 1341 1058 1420 eit,
1082 1339 1136 1404 sed
1160 1347 1189 1403 et

171 1583 315 1637 duraturae
332 1575 378 1630 tte.
417 1575 485 1627 idem
504 1573 654 1643 adimplevit
671 1586 718 1640 pro
737 1581 762 1626 et
779 1573 912 1640 impleuit,
939 1571 1011 1624 caius
1029 1571 1087 1624 loeo
1106 1587 1139 1624 ex
1156 1571 1189 1624 W

171 1669 258 1734 recepi
276 1676 301 1721 et
318 1667 435 1733 inplevit·
466 1663 603 1731 inpiatum
621 1657 698 1712 trabat
709 1657 756 1710 ide.
791 1657 857 1710 Dein
873 1662 1036 1728 praeeram
1052 1659 1112 1713 daut
1131 1659 1189 1714 lieri

171 1763 229 1806 aute
246 1753 339 1805 Manat.
359 1749 427 1818 typis
445 1747 573 1814 exscripti.
610 1745 684 1810 Quod
702 1746 814 1814 seqnitur
831 1754 861 1798 est
881 1744 954 1798 deest
971 1746 997 1797 iu
1016 1743 1064 1796 ne
1100 1745 1188 1801 satin

170 1843 270 1910 spirita
289 1847 313 1892 et
329 1841 440 1891 ueritate
457 1832 579 1886 exhibent
599 1831 639 1883 W.
659 1831 703 1883 Bo.
724 1831 783 1895 dte„
801 1834 995 1901 perspiritum
1015 1831 1090 1884 otiari
1107 1831 1144 1897 Δ,
1165 1843 1190 1886 et

172 1941 221 1978 om.
249 1924 301 1988 Ba,
331 1924 516 1992 satisfactione
543 1933 590 1986 pre
618 1921 826 1986 emutifieatiaas
856 1916 992 1969 ediderunt
1019 1915 1188 1970 oxonienses.

172 2014 346 2079 Pereepiarne
370 2016 515 2076 corruptum
538 2007 562 2056 in
582 2007 718 2074 jeipianua
742 2007 766 2054 in
790 2004 847 2055 eod.
866 2003 898 2058 Α.
933 2002 991 2055 ltux
1009 2007 1189 2074 spiritualiter

171 2099 283 2152 scribunt
300 2097 344 2150 Bu.
365 2095 446 2148 diedo.
467 2097 497 2148 Α.
541 2091 571 2159 6)
595 2091 631 2143 lta
650 2089 702 2155 Ba;
731 2089 788 2142 dibe
812 2106 825 2142 a
845 2106 877 2142 ιιι.
897 2106 953 2159 pn,
981 2091 1013 2144 sb
1031 2106 1084 2144 ree.
1102 2101 1190 2160 pateat
1215 2091 1219 2100 ’

171 2239 231 2292 ease
242 2194 316 2235 Μ’
328 2219 463 2288 spiritatis
482 2213 725 2284 (spiritualium),
744 2230 805 2268 esee
821 2223 874 2283 pat.
895 2215 1002 2280 (amisso
1018 2215 1076 2272 adv.
1088 2215 1187 2286 erupis)

173 2307 208 2360 Be
225 2315 252 2360 et
270 2304 335 2370 died,
353 2313 404 2378 pot.
423 2305 558 2374 spiritatis
576 2317 639 2354 esee
656 2304 740 2354 oratio
760 2299 790 2350 W
811 2307 837 2352 et
855 2297 914 2354 nat.
951 2299 1074 2353 Omittuut
1092 2304 1188 2372 anapia,

172 2394 240 2464 quod
259 2390 296 2444 Bb
315 2392 341 2444 in
360 2406 409 2459 mg.
428 2389 520 2453 habet,
539 2388 615 2464 etiem
635 2389 662 2438 Ar
676 2393 701 2436 et
720 2384 801 2438 italici
819 2385 892 2449 tibri;
915 2396 1002 2456 potest
1019 2391 1106 2456 saepia
1123 2388 1185 2456 epi-

171 2482 260 2535 fitatis
279 2495 341 2532 esse
357 2477 451 2546 legitur
468 2479 493 2528 in
512 2476 570 2528 edd.
590 2475 771 2528 vetustioribus
791 2483 817 2528 et
836 2476 861 2527 in
873 2473 969 2528 Erasm.
987 2484 1065 2544 atque
1077 2461 1202 2540 Murali(

170 2577 222 2635 pot·
241 2583 301 2622 ease
324 2575 376 2618 tuas
400 2566 488 2635 spirit.
511 2564 536 2614 iu
556 2560 645 2627 Gran,
673 2571 726 2632 pot.
750 2578 813 2616 sees
833 2565 920 2634 erepte
943 2565 1013 2630 spir.
1035 2571 1190 2629 receperunt

173 2653 296 2705 Manutius
316 2659 342 2702 at
359 2651 522 2718 posteriores.
552 2645 649 2701 Eodem
670 2648 760 2701 ordine
779 2650 834 2702 sina
853 2650 940 2720 saepia
956 2648 1022 2702 haee
1041 2649 1120 2702 verba
1139 2665 1187 2702 ax·

171 2740 260 2792 hibent
278 2738 396 2790 nudeeinr
415 2737 491 2790 codd.
511 2752 552 2803 ap.
567 2735 733 2788 oxonienses,
769 2736 870 2788 ideireo
890 2737 998 2803 expunxi
1015 2736 1075 2788 adv.
1093 2738 1189 2804 erupis,

172 2831 222 2894 quo
241 2839 305 2890 opus
323 2837 374 2874 nou
393 2831 434 2875 est
446 2823 509 2888 (vid.
524 2825 684 2875 numatam.
698 2820 833 2873 Grammat.
848 2821 900 2873 Lat.
915 2823 939 2887 §.
953 2822 1010 2873 tot.
1023 2821 1052 2872 tt
1066 2821 1124 2874 Not.
1136 2821 1189 2888 ³.);

172 2909 271 2963 redolet
291 2909 374 2972 euim,
397 2914 424 2958 nt
442 2905 630 2974 comparativus
649 2909 802 2972 spiritalior
819 2923 840 2957 s.
860 2908 1046 2974 spiritualior,
1071 2908 1189 2974 quentin

172 3003 291 3066 quattuor
314 3011 373 3046 msa,
392 2992 534 3056 Pometios,
562 2991 586 3042 iu
612 3007 657 3044 sex
682 2991 777 3057 reperit
796 2989 928 3054 Batonius,
955 3005 1049 3044 rueram
1068 2991 1188 3058 glossam.

172 3083 290 3136 Ceterum
319 3083 473 3152 spiritualia
499 3077 595 3131 habent
623 3077 694 3140 diod3
722 3079 864 3147 aperietis,
892 3083 919 3126 ut
945 3074 1019 3140 aiibi,
1046 3075 1133 3127 scribit
1157 3075 1188 3128 Α.

172 3171 260 3221 Statim
285 3185 351 3238 puae
374 3184 436 3221 vere
460 3185 477 3219 e
496 3167 602 3221 Christo
628 3168 704 3219 aetia
728 3167 790 3218 data
814 3173 854 3217 sat
873 3162 996 3215 Manutius
1018 3162 1102 3214 invitis
1119 3161 1190 3214 tibris

172 3257 274 3325 seriptis
293 3263 320 3306 et
339 3254 412 3306 editis
431 3249 646 3320 praecedentibus
665 3265 773 3319 eumque
790 3250 863 3318 sequi
881 3263 933 3301 uon
951 3247 1080 3300 debehaut
1094 3243 1187 3300 Peme·

172 3343 219 3394 tius
238 3351 264 3394 et
281 3339 413 3408 itigattius.
450 3337 511 3390 Turn
537 3348 562 3392 et
585 3340 700 3406 spiritua
723 3347 836 3392 sanetae
859 3337 937 3390 antia
960 3339 1063 3390 naneae
1084 3344 1125 3390 eet
1143 3331 1189 3388 Bb.

173 3431 208 3482 Et
226 3442 273 3479 orn.
295 3424 339 3478 Bo.
359 3423 423 3477 diod.
445 3423 473 3476 Α.
510 3423 616 3476 luaereo
634 3423 724 3475 ordina
743 3424 768 3473 iu
782 3421 870 3474 ttabei
886 3429 912 3471 et
924 3418 959 3472 aa
973 3419 1065 3491 tegitur
1077 3431 1189 3475 sanetus

172 3517 298 3583 spiritus.
335 3512 364 3580 7)
382 3512 458 3581 Vuig.
479 3529 545 3567 em
561 3514 657 3580 mgis.
693 3509 744 3562 eso
762 3511 860 3579 ιιιαμᾶσ,
879 3507 949 3576 quod
968 3523 989 3560 r.
1009 3523 1041 3560 er.
1060 3505 1139 3560 iulis
1157 3505 1189 3558 sd

172 3615 223 3668 sug.
242 3599 345 3664 adieeit,
364 3599 439 3650 eodd.
454 3598 494 3649 W.
514 3597 623 3650 itabodi.
641 3595 697 3648 aec
715 3594 777 3648 οιΑ
796 3598 908 3665 itemque
923 3593 1003 3646 ltalioi
1018 3600 1091 3648 reete
1109 3591 1189 3644 onit-

172 3693 235 3738 tuut.
272 3685 334 3740 Tuus
352 3688 515 3755 praedicatio
533 3684 598 3736 ttae.
636 3682 723 3735 diutile
742 3700 819 3752 qum
830 3685 884 3770 jesi
900 3690 942 3736 est
958 3677 1100 3734 ueritasA
1123 3663 1191 3730 et'e

171 3776 221 3840 {itii
238 3777 300 3829 eius.
317 3790 363 3828 ere
381 3771 423 3826 te.
443 3772 508 3825 died.
545 3770 624 3822 Paule
644 3775 704 3838 post
729 3771 778 3822 esd
802 3771 880 3837 eulpa
897 3764 934 3818 aa
953 3774 979 3818 et
996 3763 1071 3816 Mede
1088 3779 1110 3814 e.
1131 3760 1190 3813 edd.

173 3867 236 3910 vott-
272 3863 326 3916 eae
342 3869 367 3914 et
384 3859 409 3911 h.
428 3859 444 3911 l.
463 3858 589 3928 siguificat
605 3859 824 3924 eoedeaaeopur.
856 3851 929 3906 conr.
943 3855 1029 3906 Brona.
1043 3845 1190 3922 stornel.

173 3942 236 4014 nep.
254 3943 376 4014 tenna
395 3943 414 3998 Ι.
433 3945 458 3998 5.
496 3941 562 3996 [taio
586 3945 731 4015 meaverit
755 3949 780 3995 et
801 3942 923 4014 pomer-it
945 3953 982 4008 pr.
1002 3931 1051 3987 tib,
1088 3931 1191 3985 [tutavit
