2882 4692
722 380 792 451 ‚26

262 557 352 603 sucos
376 538 533 602 dulcedine
555 537 700 619 adspersa
723 533 882 598 cuiiiditate
901 533 1023 598 iettendi
1046 552 1156 618 sapore
1181 535 1280 598 medi·

261 659 327 715 cato
351 649 487 734 poculum
511 650 720 713 videturesse
746 647 827 730 quod
856 649 980 711 sumitur
988 668 998 724 3
1032 649 1081 710 ubi
1111 657 1199 731 epota
1230 660 1288 714 res'

261 771 322 844 est,
356 765 505 847 pernicies
536 765 638 826 haustu
670 768 833 846 grassatur.
879 762 994 844 Quippe
1026 762 1104 824 iiium
1138 761 1223 824 vides
1240 759 1278 840 5),

261 879 311 960 qu
344 878 449 940 anton
484 878 611 940 clariore
645 850 824 956 conspicuus
859 873 976 955 turgere
1011 875 1066 937 sun
1101 875 1218 938 videtur
1249 877 1278 938 u

260 1009 401 1074 purpura.
448 991 577 1065 Quibus·
595 991 652 1053 boc
682 987 822 1052 sordibus
852 989 939 1064 emit,
974 996 1005 1051 ut
1035 988 1166 1070 irrlgent5
1202 1007 1278 1069 quus

261 1081 462 1185 arrogantium
480 1099 507 1179 ⁶)
532 1103 624 1166 iustus
649 1104 731 1184 prius
753 1102 893 1185 pertulit,
926 1119 1000 1181 quus
1027 1102 1172 1184 superbas
1196 1102 1279 1165 iores

261 1220 417 1281 matutinos
441 1218 583 1281 saiututcr
605 1215 740 1294 obsedit,
773 1221 846 1295 quot
868 1217 1040 1279 tumentium
1063 1217 1278 1280 contumeiiosus

260 1333 385 1412 vestigia
409 1333 534 1412 stipatus
557 1331 707 1394 clientium
731 1331 833 1392 cuneis
854 1337 923 1392 ante
939 1331 1114 1411 praecessit,
1137 1337 1169 1394 ot
1184 1333 1278 1413 iprum

260 1446 348 1508 etiem
385 1445 540 1508 salutatum
575 1461 676 1506 comes
710 1441 899 1524 postmodum
932 1461 1039 1525 pompa
1071 1444 1278 1525 praecederet,

260 1559 391 1622 obnoxia
423 1577 484 1622 nun
514 1557 643 1634 bomini,
677 1556 731 1618 sed
763 1558 929 1638 potestati?
973 1558 1080 1639 Neque
1111 1561 1187 1622 enim
1219 1560 1278 1623 ccli

260 1701 467 1712 ——-—-

259 1790 274 1824 a
293 1771 421 1824 Grououio
439 1773 541 1826 additur
558 1783 605 1826 set.
642 1770 699 1822 biox
717 1773 827 1826 temutes
846 1770 884 1822 Ma
904 1780 930 1822 et
949 1771 998 1836 Bu,
1018 1749 1192 1838 tiernium,
1217 1777 1276 1830 lee-

259 1864 342 1914 rtratnr
362 1859 451 1925 tirou,
478 1863 585 1914 tribules
611 1857 708 1910 Erosm.
733 1857 824 1926 urgan.
850 1857 931 1910 Oxou.
959 1857 1060 1923 Reium,
1089 1863 1180 1914 imatos
1204 1868 1276 1914 recte

259 1947 323 2012 (vid.
343 1950 436 2002 bertar.
455 1945 574 2013 Ortbogr.
588 1944 640 1997 Lot.
660 1961 680 1995 s.
695 1945 732 2008 u.)
752 1947 830 1996 ceteri
850 1943 905 1995 iibri
924 1947 1009 2013 scripti
1029 1954 1054 1996 et
1074 1947 1142 1998 editi.
1180 1945 1218 1998 De
1237 1947 1277 2000 bis

258 2034 400 2101 scripturae
419 2031 601 2084 variationibus
620 2032 704 2081 monui
723 2031 756 2081 ed
775 2030 868 2082 librum
889 2031 921 2082 de
939 2030 1024 2084 babitu
1045 2034 1169 2100 virginum
1190 2047 1244 2101 cap.
1258 2034 1277 2085 Ι.

259 2119 341 2171 noti
360 2127 385 2170 et
406 2119 438 2170 ed
460 2134 514 2184 cap.
529 2117 559 2169 Χ.
579 2109 636 2168 ιιοιῖ
647 2119 687 2168 id.
707 2135 731 2184 p.
747 2118 804 2170 145.
842 2117 889 2169 Pro
908 2118 977 2186 vulg.
996 2135 1097 2174 sorece
1117 2120 1176 2172 dedi
1194 2138 1277 2176 wana

260 2206 332 2257 eW.
353 2206 409 2258 Μαι)
435 2214 461 2256 et
481 2202 550 2268 dub,
579 2203 726 2272 quibuscum
752 2205 909 2256 concordant
934 2206 993 2257 edd.
1015 2205 1059 2258 SP.
1083 2207 1172 2259 Venet.
1197 2217 1276 2276 ¹atque

260 2293 339 2344 iiuun.
371 2292 435 2343 liein
455 2292 529 2344 codd.
550 2293 598 2342 mei
618 2307 704 2343 omues
724 2291 844 2344 exhibent
863 2311 984 2363 asperae.
1014 2292 1077 2345 item
1096 2294 1154 2346 edd.
1169 2303 1276 2362 exceptu

258 2379 348 2443 Grau,
375 2381 400 2431 in
419 2396 467 2448 qua
488 2387 568 2430 exstat
593 2383 730 2450 adsperso.
766 2380 824 2432 Vid.
850 2383 969 2450 Waqner.
990 2381 1005 2432 l.
1026 2399 1048 2433 c.
1073 2399 1097 2450 p.
1118 2381 1178 2432 408.
1204 2397 1229 2432 ιι.
1250 2379 1274 2432 7.

258 2465 419 2518 verissimam
446 2465 583 2518 lectionem
608 2471 655 2521 ubi
678 2479 752 2538 apoto
775 2485 821 2522 res
845 2479 899 2532 cet,
928 2484 1001 2536 quam
1021 2467 1123 2520 Baiuzic
1144 2469 1276 2533 debemus,

257 2554 362 2620 egregie
382 2553 529 2604 confirment
549 2553 586 2604 W.
607 2553 679 2606 biacd
700 2563 725 2606 et
744 2553 808 2618 Brrb,
827 2571 875 2606 uec
894 2556 968 2606 uiiter
986 2571 1024 2622 pr.
1044 2554 1155 2606 babebat
1175 2554 1232 2620 bib,
1250 2557 1276 2606 in
1356 2615 1361 2622 Ι

256 2652 307 2704 quo
327 2653 393 2688 nunc
414 2647 452 2690 ert
477 2643 523 2694 suti
540 2647 698 2710 epotare-ta.
736 2641 834 2694 Desunt
853 2639 917 2692 haec
935 2639 1014 2692 verbu
1035 2643 1059 2690 iu
1079 2641 1109 2692 Α.
1147 2641 1213 2694 Dein
1232 2643 1275 2694 ui·

255 2724 321 2774 tiore
346 2736 489 2780 crassatum
506 2725 549 2779 Ba.
570 2728 616 2780 tte.
637 2732 665 2780 Δ.
712 2730 741 2795 5)
762 2731 837 2783 uides
856 2740 905 2777 om.
926 2724 979 2789 br,
1007 2730 1100 2780 cidens
1124 2727 1211 2778 scribit
1230 2726 1276 2780 ur.

256 2807 314 2860 biox
338 2813 391 2864 sibi
411 2815 515 2883 [eripere
538 2819 567 2869 in
591 2801 697 2886 perporo
722 2817 885 2883 conspiceres
910 2813 1005 2864 omisso
1032 2817 1136 2867 aidetw
1160 2814 1277 2866 scribunt

256 2894 317 2946 Bab.
353 2896 382 2963 6)
401 2901 585 2970 adrapann'urn
604 2903 643 2953 W.
664 2902 720 2952 biab
738 2909 764 2951 et
782 2915 819 2966 pr.
839 2899 892 2963 tte,
912 2904 1080 2968 seraquutr'ue
1099 2899 1147 2951 tid.
1186 2899 1276 2955 Prius

256 2996 305 3032 om.
326 2983 371 3034 Bb.
410 2984 435 3038 iu
455 3003 525 3056 seqq.
545 3003 593 3054 pro
612 2997 671 3055 quot
692 2983 732 3036 bib
752 2992 778 3035 ct
797 2983 831 3035 iia
857 2985 923 3036 maie
949 2985 1044 3038 hebent
1069 2989 1151 3055 quod,
1180 2988 1275 3040 iterna

255 3086 286 3120 m.
305 3086 343 3136 pr.
366 3070 410 3137 W,
437 3092 485 3141 que
503 3091 517 3125 a
537 3091 589 3126 aec.
610 3089 641 3122 ιιι.
662 3071 701 3122 bic
719 3078 745 3120 et
763 3071 820 3122 edd.
842 3070 887 3123 st).
909 3071 971 3122 Dar.
992 3079 1067 3140 atque
1086 3072 1183 3138 tumn,
1209 3092 1276 3143 queas

255 3155 346 3210 verset.
372 3175 394 3210 c.
419 3159 509 3212 Remb.
549 3161 605 3211 biox
629 3158 739 3226 (absque
764 3173 788 3208 ι.
811 3161 941 3228 stipante]
967 3165 995 3214 in
1021 3164 1155 3216 clientium
1179 3167 1275 3218 cuncis

255 3245 315 3298 edd.
335 3256 396 3298 vett.
417 3256 443 3299 st
462 3246 570 3310 remei,
594 3249 710 3314 stipetur
728 3249 757 3298 iu
776 3249 912 3317 clientium
930 3227 1086 3302 ramofw.
1107 3245 1146 3300 tte
1166 3257 1193 3300 et
1210 3248 1275 3314 bru,

255 3333 402 3401 quibuscum
421 3336 565 3399 conspirent
584 3331 642 3383 edd.
664 3331 719 3400 iiig.
740 3329 826 3384 Baius.
846 3332 994 3399 Goidborn.,
1014 3339 1131 3405 stipetur
1150 3339 1274 3390 ctierrtrrrrs

255 3437 354 3475 consae
372 3420 461 3473 scribit
474 3420 506 3483 A,
525 3421 586 3488 stip.
607 3422 635 3471 in
654 3422 778 3474 clientum
798 3426 891 3475 cuneis
911 3422 971 3473 daut
984 3420 1041 3473 ttbd
1060 3429 1087 3473 et
1106 3422 1164 3474 edd.
1178 3421 1272 3473 ιιιιιιιι.
1332 3471 1342 3488 ‚
1429 3449 1431 3504 ι

254 3506 430 3574 atque010n.
467 3505 502 3557 ita
523 3521 588 3556 nunc
608 3504 685 3558 babet
703 3508 777 3559 etiarn
799 3507 853 3573 bic,
880 3511 974 3577 inquo
995 3512 1087 3563 wnsie
1110 3517 1212 3561 enatum
1235 3517 1276 3559 est

231 3605 269 3643 'e
288 3611 394 3648 cunm.
432 3590 537 3644 Correxi
555 3594 631 3660 igitur
648 3598 764 3662 superus
783 3600 917 3650 clientium
935 3599 1030 3651 cuneis
1048 3613 1069 3647 e.
1084 3595 1179 3646 Eraria.
1196 3593 1272 3646 Gran.

255 3688 280 3732 et
298 3679 395 3732 Horeii.
416 3679 497 3729 iacem
518 3680 680 3746 praeferente
706 3683 762 3750 ipso
782 3681 910 3750 Cypriane
935 3699 991 3751 cap.
1010 3682 1039 3735 il.
1060 3700 1081 3734 c.
1101 3683 1119 3734 i.
1157 3681 1222 3733 isira
1247 3683 1272 3734 irs

254 3764 293 3816 tto
318 3781 337 3815 r.
365 3781 397 3815 m.
423 3766 568 3818 salutaturus
592 3795 624 3804 -
650 3786 746 3838 praepo
770 3769 876 3821 mutavit
899 3770 923 3820 in
948 3772 1083 3830 ιιιιιιιιιιι
1108 3799 1141 3810 -·
1165 3770 1270 3840 pompe.

254 3850 316 3901 Voc.
335 3867 430 3920 pompe
448 3866 498 3904 eru.
515 3852 545 3904 Α.
582 3853 698 3908 Proxime
716 3856 803 3910 scribit
822 3860 964 3911 cineardus.
1004 3855 1070 3908 iicin
1089 3862 1138 3913 esd
1154 3875 1174 3912 r.
1194 3875 1226 3911 ιιι.
1246 3862 1272 3913 irs

253 3935 292 3987 Mc
311 3935 377 3987 ister
393 3951 459 3990 rere.
479 3939 587 3994 addidit.
