2834 4686
612 369 675 434 249

136 522 206 588 fidei
229 529 349 588 nostrae
372 533 454 590 secta
479 525 625 610 dirigitur,
650 526 719 608 quid
743 529 837 608 magis
861 529 898 591 sit
921 529 970 592 vel
993 529 1094 594 utilius
1116 529 1153 596 ad

137 638 225 700 vitam
250 638 299 701 vei
322 639 415 702 maius
438 638 474 700 ad
498 638 634 720 gloriam,
662 657 749 720 quam
774 646 805 701 ut
829 639 880 720 qui
902 642 1070 724 praeceptis
1094 641 1154 706 do-

136 752 250 836 minicis
272 751 418 833 obsequia
438 752 551 815 timoris
567 771 601 816 ao
617 752 786 815 devotionis
802 753 961 832 innitimur,
985 755 1157 837 patientiam

137 866 263 928 maxime
295 871 356 928 tota
389 866 601 928 obseruatione
632 873 775 928 tueamur.
821 867 904 929 Hane
932 885 966 930 se
986 863 1013 944 4)
1045 870 1154 932 sectari

135 978 305 1063 philosophi
328 996 449 1060 quoque
471 979 657 1061 profitentur.
699 978 757 1044 Sed
775 985 832 1042 tam
849 979 909 1048 illio
924 981 1064 1064 patientia
1080 967 1154 1047 titsa
1177 989 1182 995 ’

138 1099 183 1154 est
195 1089 232 1170 ⁵),
256 1109 342 1172 quam
367 1097 396 1152 et
419 1090 492 1153 falsa
515 1091 659 1173 sapientia
679 1099 733 1154 est.
775 1091 860 1154 Unde
877 1093 955 1156 enim
971 1094 1019 1157 rel
1035 1096 1154 1177 sapiens

119 1179 207 1268 ¹esse
231 1206 279 1268 vei
302 1205 416 1286 petiens
438 1205 533 1286 possit
556 1199 646 1284 qui⁶t
670 1223 726 1267 neo
748 1205 931 1286 sapientium,
956 1222 1015 1298 nee
1035 1185 1154 1290 patieri-

138 1321 205 1382 tiam
235 1317 282 1381 dei
313 1320 417 1397 novit,
450 1317 570 1399 quando
593 1318 658 1400 ipse
681 1316 719 1380 de
742 1317 808 1396 hts,
842 1319 893 1399 qui
915 1319 972 1382 sihi
994 1339 1102 1403 sapere
1125 1323 1154 1384 in

138 1434 248 1497 mundo
278 1434 434 1511 videntur,
467 1438 587 1495 moneat
618 1439 648 1494 et
679 1431 774 1494 dieat:
810 1431 942 1495 Perdam
971 1435 1156 1515 sapientiam

138 1549 326 1629 rapientium
346 1555 375 1610 et
390 1546 593 1628 prudentiam
605 1547 806 1625 prudentium
819 1541 846 1622 7)
862 1548 1046 1626 reprobabo.
1083 1548 1155 1612 it'em

140 1661 243 1724 heatus
263 1660 416 1748 apostolus
437 1659 543 1722 Paulus
556 1653 584 1736 8)
603 1659 710 1741 plenus
726 1659 830 1740 spiritu
845 1666 950 1724 sancto
967 1666 996 1723 et
1012 1661 1155 1726 vocandis

141 1771 363 1854 formandisque
386 1772 524 1856 gentibus
548 1773 657 1835 missus
680 1779 866 1834 contestetur
895 1780 926 1835 et
953 1774 1079 1838 instruat
1106 1774 1155 1837 di-

141 1904 212 1948 cens
230 1880 274 1963 9);
312 1885 419 1948 Videte
442 1906 481 1949 ne
504 1861 633 1967 quts'fflt
656 1904 712 1947 uos
736 1886 945 1965 depraedetur
966 1905 1025 1965 per
1046 1887 1155 1966 philo·
1188 1947 1196 1956 ,

140 2079 226 2146 asapia
244 2076 341 2127 utilius
360 2076 397 2126 ait
415 2076 449 2126 ad
465 2076 548 2128 eitam
563 2073 592 2124 Λ.
630 2073 709 2127 Deest
727 2078 813 2144 mapia
832 2077 857 2126 in
877 2075 917 2126 ed.
933 2074 996 2127 Der.
1034 2074 1089 2127 hoa
1108 2075 1155 2127 ad·

140 2164 255 2215 veroium
282 2177 337 2212 oum
363 2153 537 2228 comparativo
562 2163 673 2214 iunctum
700 2177 750 2215 non
776 2161 903 2227 abundat,
928 2163 974 2214 sed
999 2170 1084 2231 auget.
1122 2162 1157 2213 ita

142 2245 214 2316 apud
230 2248 348 2300 Nostrum
367 2247 414 2316 Ep.
433 2246 475 2298 35.
500 2249 524 2316 p.
544 2249 592 2299 to:
621 2253 679 2303 Non
698 2253 803 2304 inuenio
823 2267 897 2319 quem
916 2253 1054 2304 beatiorem
1072 2255 1160 2322 mapia

10 2367 11 2372 =
101 2383 102 2388 ,
141 2338 233 2389 dicam.
270 2335 309 2388 De
329 2336 418 2388 eadem
437 2337 463 2388 vi
482 2339 553 2388 vocis
572 2337 663 2401 μᾶλλρν
682 2338 747 2405 apud
766 2335 879 2388 Graecos
897 2336 948 2387 dixi
968 2336 999 2386 nd
1017 2335 1106 2402 Synes.
1127 2339 1159 2389 de

142 2424 303 2490 providentia
322 2423 346 2474 in
365 2423 476 2493 linguam
496 2423 659 2477 ue'rnaruiam
679 2441 778 2476 versum
796 2437 822 2490 p.
838 2425 896 2476 270.
934 2423 961 2474 in
979 2440 1047 2492 seqq,
1069 2435 1092 2478 et
1110 2429 1158 2478 de·

141 2513 257 2564 nationis
281 2515 418 2566 imitamur
442 2513 528 2565 scribit
548 2512 584 2574 Α,
613 2515 757 2568 adnitimur
777 2511 817 2563 ut
844 2521 870 2564 et
895 2527 951 2562 cnm
971 2509 1007 2562 Bb
1024 2514 1158 2580 patientia.

141 2595 190 2648 i’ro
210 2606 332 2670 tueamur
349 2597 394 2650 ot.
415 2599 454 2651 hle
473 2608 498 2651 et
518 2601 559 2651 ed.
578 2598 641 2651 Dar.
662 2598 781 2651 exhibent
800 2610 933 2655 teneamus
954 2602 1101 2663 (teneamur
1116 2600 1159 2666 Α).

142 2683 172 2751 4)
196 2702 226 2738 ae
251 2703 265 2736 a
290 2703 322 2736 nr.
350 2703 388 2754 pr.
416 2690 535 2740 omissum
561 2689 585 2738 in
615 2687 651 2738 hic
676 2696 733 2753 post
760 2692 859 2741 sectari
885 2688 1084 2756 superscriptum
1112 2693 1158 2737 est.

142 2767 203 2819 'ium
222 2789 319 2840 quoque
335 2777 487 2842 philosophi
506 2781 589 2824 exstat
607 2775 632 2822 in
647 2773 705 2822 edd.
719 2781 791 2834 vett,
811 2778 915 2841 praph’e
928 2774 958 2834 (i.
973 2787 995 2823 e.
1008 2773 1160 2842 prophetae)

143 2857 167 2905 in
187 2856 224 2919 Α,
247 2861 397 2926 philosophi
415 2865 508 2928 quique
526 2860 550 2908 in
571 2859 631 2907 Ver.
670 2858 698 2922 5)
720 2868 759 2909 aet
778 2873 827 2907 om.
848 2860 878 2907 Α.
917 2855 980 2906 Dein
1000 2856 1051 2907 alio
1070 2858 1160 2907 ordine

144 2943 202 2992 edd.
219 2940 316 2992 Veneta
336 2952 491 3015 ceteraeque
506 2941 648 2994 Manutiana
668 2943 823 3008 antiquiores
841 2941 936 2992 hahent
948 2945 1078 3008 rapientia
1090 2945 1162 3010 [adua

143 3038 190 3081 est.
236 3029 264 3090 6)
288 3045 335 3082 nee
359 3033 469 3096 sapiens
494 3032 536 3083 nei
561 3033 666 3098 patiens
693 3045 753 3082 ease
777 3032 865 3098 possit
890 3031 951 3082 item
977 3027 1038 3092 (sic)
1063 3031 1108 3095 qni
1132 3031 1160 3076 Α.

144 3115 231 3166 Statim
250 3134 298 3168 naa
315 3119 469 3186 patientiam
475 3155 484 3183 ,
505 3133 553 3169 uae
567 3119 729 3184 ..sapientiam
747 3113 788 3166 dib
807 3124 834 3166 et
851 3131 888 3183 pr.
909 3113 962 3178 hie,
985 3116 1026 3167 dei
1044 3127 1093 3164 om.
1116 3112 1161 3164 at.

144 3201 204 3252 Tum
224 3207 325 3272 quando
346 3207 377 3256 de
395 3205 450 3256 atta
470 3203 510 3253 ed.
525 3201 589 3254 Dav.
609 3202 676 3268 [him
695 3204 770 3253 etiam
789 3203 810 3254 Λ
830 3211 855 3255 et
871 3202 934 3269 hid),
955 3205 1055 3273 qumodo
1075 3204 1106 3255 de
1125 3203 1161 3252 iia

144 3298 245 3340 ceterae
265 3290 324 3340 edd.
343 3297 406 3340 vett.
427 3305 477 3340 una
497 3305 552 3342 cunr
567 3287 663 3339 Erasm.
679 3298 704 3354 et
719 3289 825 3353 hiareli„
844 3292 946 3360 quaudo
965 3292 1023 3356 ipae
1038 3291 1161 3342 dominus

144 3379 175 3430 de
192 3381 230 3430 iia
249 3377 335 3441 Gran,
354 3380 455 3446 quamdo
475 3380 533 3444 ipse
551 3380 582 3430 de
599 3380 636 3430 iia
655 3376 746 3426 Manat.
768 3375 859 3428 Paniai.
876 3376 931 3444 urg.
948 3375 1040 3439 Onon,
1061 3377 1161 3444 quarrdo

145 3466 204 3529 ipae
223 3465 316 3518 dehis
336 3473 406 3515 recte
427 3463 551 3515 Boionius.
590 3464 688 3514 Deinde
707 3469 734 3516 ia
753 3469 801 3518 hae
819 3467 914 3518 arraudo
935 3463 974 3514 dih
995 3471 1020 3513 et
1039 3461 1090 3526 Bb,
1114 3465 1159 3516 ui-

146 3551 239 3602 dentur
257 3553 285 3602 in
303 3555 400 3605 rutundo
421 3549 450 3602 Α.
488 3549 536 3602 Pro
555 3562 657 3604 maneat
677 3543 735 3602 e'dd.
757 3559 818 3603 vett.
839 3550 957 3604 exhibent
978 3554 1038 3618 ipae
1061 3557 1162 3602 rnorreat

146 3643 252 3702 excepta
272 3635 347 3702 Dav,
367 3639 391 3688 in
410 3653 458 3706 qua
478 3646 516 3689 est
535 3641 594 3708 ipae
612 3641 734 3691 dominus
754 3647 864 3690 moneat.
896 3636 951 3687 Vid.
968 3627 1051 3687 Hesai.
1065 3633 1108 3698 29,
1130 3634 1161 3684 tt

146 3731 173 3772 et
192 3723 215 3774 t.
230 3722 288 3775 Gor.
310 3724 333 3788 1,
355 3724 393 3774 to.
431 3727 460 3792 7)
478 3729 627 3795 sapientum
649 3753 678 3763 -
698 3728 855 3794 prudentum
874 3723 911 3788 A,
931 3725 1091 3792 sapientium
1109 3725 1159 3773 ho-

146 3813 245 3864 miuum
258 3809 317 3864 Ver.
353 3811 383 3879 8)
401 3815 506 3867 Paulus
525 3813 707 3882 apostatanti,
726 3809 825 3863 Bbom.
839 3827 931 3862 nomen
946 3813 1058 3864 Paulaaa.
1096 3807 1161 3859 Dein

145 3907 315 3990 ⁶⁰⁸vaaaaata
334 3933 396 4002 (oon
409 3950 423 3986 a
437 3951 456 3986 r.
471 3951 501 3988 m.
515 3935 699 4004 superscripto)
713 3934 763 3986 hih.
800 3932 829 4002 9)
842 3932 939 3986 Cohors.
954 3931 980 3996 2,
997 3929 1021 3984 8.
1061 3929 1105 3998 10)
1117 3931 1162 3999 aui
