2904 4692
730 391 773 478 aa

243 573 406 638 saecularia
430 573 621 656 concupiscit.
666 571 703 636 ttt
730 572 800 636 ideo
830 571 957 652 petimus
985 569 1111 652 inpense
1127 569 1154 647 ⁴)
1184 573 1261 636 inter

243 685 302 750 dno
324 687 379 756 ista
403 703 462 768 ope
485 693 514 748 et
537 685 648 748 auxilio
672 684 721 749 dei
744 683 933 776 concordiam
958 685 1040 764 lieri,
1073 693 1104 749 ut
1133 685 1201 749 dum
1231 693 1261 749 et

242 801 270 862 in
294 800 397 882 spiritu
420 807 449 862 ct
471 801 501 863 in
525 818 615 863 carne
638 789 778 866 voluntas
801 798 849 863 dei
871 799 996 882 geritur,
1018 818 1096 881 quae
1118 818 1174 880 per
1193 817 1259 863 eum

241 919 342 976 renata
368 919 423 992 est,
447 913 540 977 anima
564 918 710 976 servetur.
757 911 844 987 Quod
858 917 972 1008 ¹aperte
995 921 1084 995 atque
1105 911 1259 977 manifeste

241 1025 393 1106 apostolus
408 1023 516 1087 Paulus
539 1042 592 1088 sua
616 1040 693 1087 voce
716 1023 864 1087 declarat:
890 1023 987 1100 Caro,
1012 1023 1156 1106 inqiut),
1181 1047 1259 1090 coa·

241 1139 374 1217 cupiscit
395 1138 546 1200 aduersas
568 1139 714 1217 spiritam
737 1145 767 1200 et
787 1139 920 1217 spiritus
945 1137 1099 1204 aduersae
1116 1160 1275 1216 carnem5.

239 1253 318 1338 boec
339 1253 418 1314 caim
440 1249 571 1315 inuicem
595 1241 807 1314 ada'crsantnr
830 1251 902 1329 sibi,
926 1259 962 1314 at
982 1272 1046 1316 aaa
1069 1273 1149 1334 quoe
1164 1255 1259 1318 aaltia

239 1367 311 1445 ipsa
339 1364 481 1443 faciatis.
528 1363 699 1442 Manifesta
731 1373 832 1426 antem
863 1375 937 1429 caat
951 1362 980 1443 6)
1012 1387 1110 1447 opero
1140 1371 1257 1449 carnis,

309 1549 337 1612 4)
357 1548 393 1600 lta
407 1547 448 1614 W,
468 1551 586 1617 impensae
604 1546 656 1598 ilai
673 1555 699 1598 et
717 1545 752 1599 n·
771 1547 947 1616 editionumque
967 1557 1070 1616 praeter
1088 1549 1257 1604 Goldboruia·

239 1655 296 1694 uam
316 1652 412 1688 omues.
448 1635 530 1687 Deest
548 1635 597 1686 boc
615 1634 762 1686 adverbium
782 1637 806 1687 in
826 1636 919 1688 ceteris
938 1636 1007 1688 libris
1027 1637 1099 1702 meis,
1117 1638 1141 1688 in
1161 1636 1218 1688 Ver.
1232 1637 1256 1688 2.

239 1735 265 1778 et
283 1742 322 1793 ap.
338 1725 477 1794 Aapustin.
497 1719 562 1772 locc.
582 1722 645 1786 citt,
663 1735 747 1789 neque
767 1728 895 1788 repertum
915 1738 928 1771 a
948 1719 1050 1772 Baluuio
1071 1731 1110 1773 est
1129 1723 1152 1773 in
1172 1722 1256 1774 unde·

238 1813 328 1882 viginti
347 1819 372 1862 et
390 1825 450 1872 uno,
470 1824 532 1876 quos
552 1808 669 1874 inspexit,
689 1807 782 1872 codd,
801 1823 885 1876 aeque
903 1809 928 1858 in
948 1809 1074 1874 excerptis
1093 1807 1168 1861 Flori.
1206 1807 1255 1860 Er·

238 1901 303 1952 ravit
321 1906 405 1948 tamen
423 1899 463 1947 vir
480 1895 547 1946 doct.
568 1894 692 1946 adnotans
711 1895 736 1946 id
756 1904 856 1948 crsmre
876 1897 899 1946 iu
918 1896 1008 1946 codice
1022 1895 1187 1963 Seguieriano
1201 1897 1270 1948 sive·

237 1995 324 2039 nostro
343 1981 371 2036 C.
410 1983 483 2048 Quod
504 1982 667 2050 subsequitur
685 1985 755 2036 inter
774 1997 823 2034 om.
841 1981 880 2033 W.
901 1981 948 2032 lla.
970 1979 1014 2034 Ba.
1053 1981 1157 2050 Legitur
1176 1977 1255 2033 iu'A:

165 2115 171 2124 .
236 2077 304 2126 irater
321 2062 374 2126 datu
392 2075 508 2139 daupei·
527 2086 599 2138 opem
617 2078 641 2123 et
659 2072 796 2125 auxilinm
813 2072 1044 2124 deicoaccrdiam.
1075 2067 1174 2119 Abhinc
1187 2067 1254 2120 idem

237 2160 299 2212 liber
317 2156 425 2209 transilit
443 2156 474 2208 ad
495 2155 587 2208 verba:
612 2159 670 2222 ipae
688 2160 728 2210 tui
744 2173 843 2235 memor
860 2151 913 2210 aaa
933 2158 975 2210 aia
995 2161 1065 2222 (cap.
1084 2152 1180 2218 xxti).
1218 2153 1255 2205 Bb

236 2245 324 2298 scribit
347 2247 452 2298 anania
479 2255 503 2296 et
527 2261 582 2313 ope.
619 2241 684 2295 Dein
710 2253 733 2297 et
757 2247 819 2298 dam
844 2259 857 2294 a
881 2225 916 2295 m.
941 2260 994 2311 pn,
1021 2254 1050 2297 at
1075 2247 1098 2296 d.
1122 2259 1135 2294 a
1155 2259 1206 2295 sec.
1227 2241 1254 2296 C.

236 2333 324 2386 Statim
351 2342 375 2385 et
400 2335 499 2400 apirita
524 2341 548 2384 et
573 2349 654 2384 carne
678 2331 719 2381 W.
747 2330 783 2381 titt
807 2331 985 2399 editionesqoe
1010 2339 1072 2392 veti.
1099 2349 1120 2383 c.
1146 2329 1254 2394 Bucam,

235 2423 337 2490 spiritu
356 2429 378 2471 et
398 2435 478 2470 earne
497 2417 585 2483 (prior.
599 2427 622 2469 et
642 2419 747 2480 omisso)
768 2417 817 2482 llio,
838 2425 874 2479 (ct
892 2419 952 2468 item
971 2420 1035 2484 om.)
1053 2422 1081 2470 in
1100 2423 1165 2496 spir.
1185 2429 1208 2472 et
1227 2423 1254 2471 ia

236 2523 309 2559 carta.
330 2501 358 2554 (l.
380 2499 414 2552 Bc
433 2509 459 2550 et
478 2500 566 2564 traco,
595 2505 622 2553 in
648 2506 715 2570 apir-
742 2512 765 2554 et
791 2519 863 2554 carn.
888 2501 923 2568 (et
942 2516 992 2552 non
1013 2504 1137 2572 praelixa)
1158 2504 1210 2557 llab
1230 2490 1258 2556 c.¹

236 2591 286 2642 tte.
320 2587 536 2653 Praepositionem
556 2594 663 2654 atroque
683 2587 741 2637 loco
760 2589 854 2654 primus
874 2586 949 2637 habet
969 2586 1084 2654 Gravius,
1104 2591 1148 2642 sed
1168 2595 1252 2654 minu·

234 2675 338 2728 tioribua
365 2671 455 2722 litteris
481 2673 607 2738 scriptam.
653 2673 710 2724 Atto
737 2674 827 2725 ordine
854 2677 896 2728 dci
922 2677 1046 2729 volutatae
1074 2675 1108 2728 Bc
1135 2685 1161 2728 et
1187 2678 1251 2729 llcd.

234 2761 295 2813 Tum
316 2756 478 2812 credituri).
517 2757 580 2809 lnira
606 2771 759 2815 emercetur
778 2759 851 2825 Ven,
879 2771 1020 2830 reparetur
1044 2762 1117 2814 codd.
1137 2757 1252 2816 Vaticani

234 2865 274 2916 ap.
296 2848 535 2918 aunuatim-contr.
557 2847 711 2914 duasepist.
730 2845 816 2916 Pelag.
838 2847 853 2897 l.
874 2865 895 2899 c.
933 2849 961 2910 5)
981 2847 1059 2899 Galat.
1081 2849 1106 2914 5,
1127 2850 1167 2900 17.
1204 2849 1252 2901 Pro
1299 2903 1302 2911 ,

233 2944 257 2988 et
275 2937 391 3004 spiritua
415 2931 506 3001 legitur
528 2938 645 3004 spirita-r
664 2946 750 2989 autera
769 2937 794 2986 in
814 2933 878 2987 nab.
900 2933 936 2985 Bb
955 2936 1040 2990 et.ed.
1062 2935 1161 2988 Morell.
1200 2936 1251 2988 Sed

234 3021 336 3074 alteram
355 3020 489 3071 lectionem
508 3029 611 3074 tueatur
630 3023 685 3089 ipse
703 3023 796 3074 lloster
815 3023 847 3074 ad
868 3021 965 3086 Quirin.
986 3021 1027 3072 lll.
1047 3024 1089 3073 er.
1110 3041 1134 3089 p.
1156 3021 1206 3074 323
1225 3031 1252 3074 et

231 3110 416 3162 Pertallianaa
441 3108 473 3158 de
492 3106 634 3175 bloaogarn.
660 3126 715 3176 cap.
736 3109 754 3160 l.
781 3126 806 3175 p.
827 3109 886 3159 429·
904 3109 943 3160 ed.
964 3107 1066 3160 (labier.
1106 3107 1252 3162 Concordat

233 3196 308 3246 etiam
331 3197 497 3263 Aapaatinaa
522 3203 629 3262 utroque
655 3195 721 3248 loro.
758 3196 838 3248 Deest
862 3201 932 3250 enim
957 3197 982 3247 in
1002 3193 1038 3246 Bc
1063 3193 1180 3260 cilici,
1209 3197 1250 3266 qni

233 3278 325 3330 deinde
343 3279 455 3331 scribunt
473 3284 527 3334 aiii
545 3284 731 3336 adversantur.
769 3281 866 3334 Omittit
884 3299 999 3350 pronam.
1018 3277 1072 3337 aiii
1082 3287 1250 3354 Aapautinna

232 3373 312 3418 contr.
332 3365 396 3418 duaa
414 3369 486 3434 epist.
501 3367 585 3436 Pelag.
606 3385 630 3436 p.
645 3368 704 3420 484.
719 3368 749 3433 A,
768 3369 845 3422 babet
864 3379 947 3422 tamen
966 3376 1046 3420 contr.
1060 3365 1255 3438 luliau.'l'elag.'

232 3450 259 3504 T.
279 3468 300 3503 c.
320 3467 344 3519 p.
365 3451 423 3504 530.
443 3453 472 3504 A.
510 3453 566 3506 ilex
587 3471 762 3525 quaecamque
780 3460 864 3510 callis
883 3453 936 3520 eb,
959 3471 1127 3526 paaecuaqae
1145 3475 1170 3510 a.
1191 3456 1248 3508 edd.

231 3547 293 3590 vett.
313 3556 334 3591 c.
354 3539 450 3592 Erasm.
470 3549 496 3592 et
515 3540 589 3592 Grav.
627 3541 745 3608 Syllabas
770 3551 853 3593 antem
879 3559 980 3611 cunque
1005 3558 1036 3608 ap
1065 3537 1140 3594 Grau.
1163 3544 1247 3593 minu-

231 3626 337 3702 tioribua
361 3629 428 3693 typis
453 3636 509 3680 sant
537 3644 654 3680 excusae.
693 3628 758 3680 Dein
783 3633 830 3682 iiia
855 3644 902 3695 pro
927 3633 987 3698 ipra
1011 3627 1080 3680 Babc
1107 3637 1132 3696 ent
1156 3628 1250 3695 bladei,

231 3727 278 3764 aec
304 3711 379 3764 aliter
404 3717 571 3784 inpartibus
596 3716 645 3768 loc.
672 3707 714 3766 alt.
741 3705 770 3783 p.
786 3715 844 3767 530.
865 3716 894 3765 Α.
932 3717 995 3784 ipae
1019 3731 1058 3782 ap.
1080 3715 1197 3768 Nostrum
1217 3716 1248 3768 ad

231 3798 327 3860 Quiriu.
348 3799 364 3850 l.
379 3786 407 3850 cs
422 3814 471 3851 om.
487 3800 530 3853 aa.
567 3803 595 3867 6)
614 3807 759 3872 Maniseata
774 3812 842 3855 anai
856 3812 942 3854 aatam
955 3799 990 3851 lic
1008 3801 1113 3867 eruco,
1133 3811 1159 3854 ut
1177 3801 1247 3871 vulg.

229 3888 313 3934 textus
332 3885 363 3936 ad
383 3883 490 3951 Ouinia,
509 3888 553 3939 ubi
573 3889 648 3940 codd.
668 3889 745 3940 W·et
763 3887 803 3940 lllb
824 3886 944 3939 exhibent
962 3891 1054 3957 manif.
1072 3899 1157 3942 autern
1175 3902 1248 3944 aaut.

232 3965 294 4018 Tum
311 3974 382 4038 facta
399 3989 448 4041 pro,
465 3993 545 4046 apere
559 3975 586 4027 C.
607 3973 681 4027 Mabe
696 3981 722 4026 et
734 3971 779 4039 fle,
799 3977 858 4028 item
877 3973 934 4027 libri
953 3981 1011 4027 aute
1024 3965 1161 4028 Pometiam
1179 3965 1248 4043 typis¹
