2880 4696
700 443 741 509 69

208 588 321 672 altare,
354 594 434 674 qnod
463 595 578 662 laetare
606 607 702 668 taetro
732 605 845 672 lamere
874 627 908 674 ac
930 612 1069 678 redolere
1091 635 1223 701 conspe-

206 713 310 786 xerat,
341 707 424 772 velut
454 709 543 774 funos
574 721 603 776 et
630 717 747 784 bustum
770 724 850 786 vitae
872 743 945 790 sune
968 729 1093 794 horrere
1115 751 1150 796 ac
1165 733 1223 798 ln-

208 835 284 900 gere
308 819 460 886 dehehat?
506 827 582 901 Ouid
604 829 730 895 hostiam
753 841 867 918 tecum,
897 843 1005 923 miser,
1036 845 1105 927 qnid
1134 849 1223 911 victi-

207 949 284 994 mam
302 929 343 1010 ¹³)
373 937 591 1018 supplicaturus
622 944 766 1025 inponis?
809 949 877 1032 lpse
899 952 936 1015 ad
963 973 1030 1018 aras
1049 955 1087 1034 ¹⁴)
1117 959 1222 1043 hostia,

179 1047 326 1111 evictima
342 1049 407 1130 ipsc
422 1053 537 1116 venisti.
576 1055 726 1121 lamolnsti
742 1061 803 1124 illio
825 1065 949 1128 salutem
971 1076 1059 1149 tuam,
1082 1045 1166 1155 spem
1182 1073 1220 1154 ¹⁵)

207 1167 297 1242 tuam,
319 1162 407 1228 fidem
429 1171 508 1230 tuam
531 1167 655 1234 funestis
677 1172 876 1259 illis¹ignihus
899 1188 1103 1250 concremasti.

680 1373 754 1441 Vll.

291 1504 337 1568 Ac
350 1506 377 1584 ¹)
400 1510 496 1573 multis
518 1514 656 1596 proprius
678 1517 814 1582 interitus
837 1523 908 1586 satis
934 1542 994 1588 non
1025 1525 1089 1591 luit.
1138 1530 1221 1596 llor-

204 1621 339 1683 lamentis
352 1619 378 1699 ²)
402 1625 509 1686 mutuis
532 1626 561 1688 in
586 1628 707 1692 exitium
729 1634 857 1714 populus
879 1635 1013 1717 inpulsus
1037 1647 1103 1720 est,
1134 1661 1216 1706 mors

204 1733 332 1797 invicem
353 1736 433 1800 letali
455 1740 563 1824 poculo
586 1744 740 1824 propinata
764 1755 818 1811 est.
861 1747 945 1828 Ac³)
962 1754 1086 1834 nequid
1103 1755 1221 1820 deesset

139 1817 144 1826 Ι
164 1855 191 1899 ¹⁰
204 1847 242 1910 ad
265 1851 394 1914 criminis
410 1855 566 1935 cumulum,
589 1857 717 1922 infantes
734 1880 853 1944 quoque
868 1873 1021 1946 parentum
1037 1867 1065 1947 ⁴)
1084 1874 1218 1936 manibus

203 1961 253 2025 vel
296 1964 417 2047 inpositi
456 1969 504 2032 vel
547 1971 672 2035 adtracti
715 1977 874 2040 amiserunt
913 1983 1028 2063 parvuli
1068 1985 1148 2064 quod
1189 1988 1219 2048 in

203 2077 300 2158 primo
323 2081 420 2142 statim
443 2083 600 2147 nativitatis
624 2087 748 2151 exordio
773 2087 889 2153 inerant
907 2096 1067 2157 consecuti.
1112 2096 1219 2162 Nonne

203 2191 253 2271 illi,
277 2210 344 2255 cum
366 2193 465 2258 iudicii
487 2196 551 2261 dies
573 2201 699 2280 venerit,
724 2201 841 2267 dicent:
865 2205 928 2268 Nos
951 2207 1021 2271 nihil
1044 2208 1169 2274 fecimus
1181 2210 1219 2293 ⁵),

209 2362 415 2380 Ἣ.
495 2369 498 2374 “

204 2461 296 2530 p'umua
317 2456 363 2524 (ita
384 2455 458 2522 edd,
485 2473 549 2526 quae
568 2455 739 2510 Erasmianam
764 2463 984 2532 praecesserunt),
1010 2482 1041 2518 ex
1065 2485 1129 2522 corr.
1148 2487 1167 2523 r.
1186 2487 1219 2524 m.

203 2549 289 2616 (unua
307 2542 355 2596 blo.
391 2543 451 2595 Tum
469 2549 578 2600 horrore
596 2551 687 2617 supera
705 2549 746 2599 ed.
765 2547 900 2617 Davana„
926 2563 950 2606 ot
965 2558 1057 2625 sapere
1077 2556 1114 2608 lla
1134 2567 1160 2610 et
1178 2559 1218 2624 A..

203 2635 307 2702 palpare
330 2629 380 2683 hld.
422 2630 551 2700 Deinceps
574 2633 614 2685 Mb
640 2643 666 2686 ct
693 2633 731 2686 Bb
756 2641 884 2692 debuerat.
930 2639 976 2710 ts)
1003 2647 1144 2698 victoriam
1168 2646 1217 2700 llld.

205 2719 279 2785 Quod
303 2723 418 2790 sequitur
441 2723 642 2788 supplicaturus
666 2739 713 2791 pro
737 2729 923 2781 immolaturus
948 2739 1078 2798 receptum
1105 2750 1137 2786 ex
1159 2735 1217 2788 Ver.

203 2807 285 2875 Neap.
305 2807 343 2859 W.
363 2807 442 2860 llabc.
461 2806 522 2861 Bab.
542 2809 579 2873 A3
604 2814 790 2866 immolaturus
814 2816 856 2866 ccl
879 2819 1080 2884 supplicatione
1099 2822 1218 2876 exhibent

202 2897 260 2952 libri
280 2897 380 2968 quidam
404 2899 498 2966 antiqui
522 2907 548 2950 et
564 2907 624 2951 vett.
644 2900 703 2952 cdd.
722 2917 770 2951 una
797 2917 853 2952 cum
872 2901 964 2955 Manat.
1008 2907 1052 2974 14)
1080 2911 1113 2960 ad
1136 2913 1217 2963 haras

202 2987 267 3040 blac.
286 2986 323 3039 Ba
348 2996 374 3039 et
397 3003 434 3054 pr.
461 2985 502 3038 W.
537 2985 617 3038 Recte
643 2991 675 3040 ad
699 3007 763 3042 arae
782 2988 821 3040 W.
840 2988 889 3040 hid.
910 2990 940 3042 Α.
982 2990 1045 3043 ltem
1072 2995 1130 3046 add.
1158 3005 1216 3047 ante

202 3075 290 3128 Belus.
302 3050 396 3128 =omnes
413 3089 459 3143 pro
478 3079 511 3128 ad
532 3094 615 3140 aram,
634 3075 702 3144 quod
720 3077 837 3143 probavit
858 3079 934 3128 etiam
953 3077 1042 3132 Goldh.
1079 3080 1139 3133 'l'um
1158 3087 1217 3153 ipsa

203 3179 254 3216 om.
273 3162 303 3216 h.
339 3162 384 3222 15)
403 3167 560 3230 sapientiam
578 3162 626 3214 Md.
663 3162 721 3215 hlox
739 3167 795 3217 illic
814 3163 844 3216 Α.

160 3293 164 3304 .
274 3249 326 3303 Vll.
354 3250 381 3320 1)
402 3249 629 3305 meditarent.
665 3251 695 3319 2]
714 3254 874 3308 Ortamautic
893 3253 932 3307 W.
963 3256 1042 3310 Abest
1059 3261 1215 3328 praepositio

203 3346 261 3389 ante
280 3341 392 3392 exitium
405 3338 519 3401 (coitum
530 3353 567 3405 pr.
587 3338 723 3391 exhibebat
738 3339 781 3406 W)
801 3354 815 3390 a
835 3341 891 3393 cod.
906 3341 941 3406 h3
960 3347 987 3397 iu
1006 3351 1117 3402 amilium
1136 3367 1216 3402 aarum
1302 3395 1306 3402 ,

203 3425 263 3477 dant
275 3425 353 3494 Neap.
367 3434 392 3478 et
403 3425 458 3477 Vat.
472 3441 567 3478 omnes.
598 3424 664 3478 Dein
682 3431 789 3497 papalia
808 3429 894 3480 scribit
906 3430 936 3480 A.
973 3431 1003 3500 3)
1015 3437 1046 3486 At
1058 3433 1087 3486 Α.
1122 3435 1150 3500 4)
1163 3455 1214 3504 pa·

202 3515 316 3566 rentium
335 3511 375 3564 W.
415 3512 486 3565 Prins
509 3515 552 3567 ecl
576 3530 624 3566 om.
644 3515 703 3566 Ver.
722 3515 802 3584 Neap.
822 3514 887 3569 hlbc.
906 3515 952 3572 Bb.
970 3519 1000 3574 A.
1036 3520 1097 3572 'l'um
1120 3525 1213 3574 adtra-

203 3603 270 3653 ca'am
287 3604 418 3654 micarunt
435 3600 628 3652 mendosissime
645 3601 691 3667 lib,
711 3605 823 3656 adtracti
843 3603 882 3655 W.
901 3605 968 3672 mab,
988 3611 1089 3660 attineri
1106 3607 1140 3670 h,
1159 3611 1211 3660 ad-

202 3689 334 3740 miserunt
351 3685 391 3738 hlb
410 3695 436 3739 et
453 3685 497 3739 Ba.
531 3686 646 3740 Proxime
664 3695 770 3757 parvoli
787 3691 827 3744 W.
846 3691 884 3743 hle
906 3696 949 3756 (ax
968 3695 1046 3758 corr.)
1067 3703 1092 3746 et
1108 3710 1145 3761 pr.
1163 3693 1212 3760 lllb,

202 3773 235 3826 da
264 3789 314 3842 qua
344 3777 464 3843 scriptura
491 3776 542 3828 vid.
574 3775 680 3846 Sillig.
713 3777 794 3831 Praei.
826 3779 858 3831 ad
885 3779 947 3832 Plin.
975 3789 1025 3832 nat.
1053 3780 1109 3832 hist.
1137 3779 1164 3833 Τ.
1193 3779 1212 3834 l.

202 3858 229 3912 P.
248 3859 342 3913 LXXII.
378 3860 516 3932 Praeposit.
534 3869 562 3920 in
580 3873 638 3918 ente
655 3869 740 3935 prima
759 3868 790 3919 ab
810 3885 830 3922 r.
849 3885 880 3922 m.
901 3885 968 3921 saec.
986 3867 1048 3919 Xlll.
1069 3869 1144 3921 habet
1162 3869 1212 3925 Mb.

203 3945 385 4016 hloxfucramt
408 3956 514 4022 eccequta'
535 3953 596 4020 (sic)
616 3955 655 4017 A3
681 3961 817 4010 cortracum·
839 3974 877 4024 pr.
897 3958 1013 4007 omissum
1038 3956 1063 4005 in
1082 3956 1122 4008 hlb
1140 3973 1160 4011 r.
1179 3975 1211 4009 m.

204 4035 305 4090 addidit.
342 4037 371 4108 5)
388 4037 459 4092 llaec
484 4043 509 4094 in
535 4041 591 4095 cod.
611 4041 667 4109 tib,
694 4042 927 4098 oblatrabant
952 4043 1083 4097 oscitantia
1107 4061 1138 4098 ex
1155 4060 1210 4114 cap.
