2868 4700
816 432 856 496 12

331 587 456 650 ticurum
485 588 605 671 spiritus
634 595 752 653 sanetus
783 609 822 654 ex
849 589 979 674 persona
1009 595 1118 658 domini
1147 595 1282 680 designat
1302 593 1338 676 ¹⁹)
1416 599 1417 602 ’

331 708 360 764 et
375 698 512 781 dtatt²⁰):
538 705 604 767 ihm
626 714 672 768 est
692 707 830 769 calaatha
851 728 928 786 mee,
949 713 1186 791 persectantes,
1209 731 1272 775 aaa
1294 720 1340 775 est

328 818 419 880 matri
434 812 475 890 Ἡ)
496 835 588 894 suae,
616 818 711 880 electu
731 821 879 899 genetrici
902 840 984 883 suae.

804 1015 861 1083 lv.

413 1158 496 1220 Hanc
519 1159 665 1221 ecclesiae
687 1160 827 1222 unitatem
848 1158 870 1237 ¹)
893 1161 943 1242 qui
964 1179 1024 1224 non
1049 1168 1147 1242 tenet,
1176 1171 1282 1228 tenere
1303 1183 1337 1229 se

192 1312 197 1322 .
301 1272 415 1335 elidem
451 1271 561 1347 credit;
596 1273 644 1353 qui
680 1272 825 1334 eeclesiae
861 1275 999 1336 renititur
1036 1282 1065 1336 et
1095 1279 1205 1340 resistit
1228 1275 1272 1358 ²),
1308 1281 1337 1341 in

328 1387 455 1450 ecclesia
475 1406 510 1449 se
526 1404 594 1450 esse
610 1386 737 1466 conlidit,
762 1387 879 1468 quando
896 1395 925 1452 et
941 1390 1044 1452 beatus
1061 1391 1213 1472 apostolus
1230 1392 1336 1456 Paulus

327 1500 385 1562 hoc
408 1500 484 1562 idern
507 1500 612 1563 doceat
634 1507 663 1562 et
685 1508 901 1565 sacramentum
928 1504 1045 1566 unitatis
1062 1501 1089 1579 ³)
1119 1505 1255 1569 ostendat
1287 1507 1336 1570 di-

327 1632 399 1676 cens
416 1611 474 1691 4);-
492 1613 587 1675 Unum
609 1633 720 1694 carpas
741 1623 771 1677 et
790 1635 870 1678 auus
891 1618 1034 1696 spiritus,
1062 1637 1125 1680 aaa
1146 1638 1216 1699 spes
1237 1639 1335 1682 eoca-

327 1730 419 1791 tionis
441 1737 571 1806 eestrce,
595 1749 674 1791 unus
696 1730 844 1807 dominus,
869 1750 932 1792 unc
947 1731 1037 1811 ¹hdes,
1061 1752 1154 1794 unum
1176 1733 1335 1815 baptisma,

288 1857 313 1901 ιο
326 1862 405 1907 unas
426 1843 509 1906 deas.
555 1843 648 1918 Quam
671 1844 810 1906 unitatem
834 1851 938 1906 tenere
960 1843 1081 1907 firmiter
1094 1843 1120 1924 5)
1142 1854 1171 1910 et
1186 1847 1336 1912 vindicare

326 2098 443 2165 positicio
468 2097 592 2165 sagaciter
617 2103 643 2145 et
667 2103 784 2146 accurate
810 2097 926 2162 exposuit
950 2097 989 2146 vir
1012 2093 1170 2147 doctissimus
1194 2097 1231 2165 (ni
1254 2097 1335 2164 fallor,

326 2185 493 2237 ltltthlerus
522 2181 537 2232 ὁ
563 2183 703 2249 μακαρίτης)
730 2183 754 2232 in
785 2181 865 2246 libro,
898 2184 939 2249 qui
970 2181 1114 2233 inscribitur
1147 2188 1335 2256 „theologische

326 2273 554 2342 Quartalschrifl“
586 2287 643 2322 ann.
673 2269 747 2320 1823.
775 2286 799 2337 p.
819 2270 870 2320 510
890 2286 959 2339 seqq.
1004 2269 1051 2331 Qui
1078 2287 1142 2324 unus
1169 2272 1232 2325 haec
1257 2273 1333 2325 verba

325 2362 402 2413 habet
418 2361 483 2412 liber
497 2360 655 2427 Augustanus
669 2367 694 2408 et
706 2359 807 2408 omnino
821 2360 945 2424 pessimae
959 2367 996 2409 est
1009 2368 1095 2423 notae,
1114 2360 1200 2411 scribit
1214 2364 1336 2415 uberrimi

326 2453 507 2519 confessione,
536 2447 631 2515 reliqua
656 2447 780 2496 omittens.
818 2449 919 2499 Christi
942 2446 1013 2497 deest
1040 2449 1064 2498 in
1082 2447 1140 2497 Ver.
1161 2448 1238 2533 Neap.
1264 2457 1289 2499 et
1308 2451 1334 2499 in

325 2553 507 2623 exemplaribus
524 2562 583 2603 ante
597 2551 763 2602 Manutianam
782 2550 863 2602 editis.
893 2550 941 2602 Pro
960 2569 1014 2604 ursa
1030 2553 1055 2602 in
1069 2550 1106 2602 Bb
1124 2559 1162 2601 est
1176 2537 1236 2604 aad.
1268 2551 1333 2603 Dein

324 2651 515 2696 monstraretur
532 2641 576 2690 dat
593 2637 637 2690 Ba.
693 2637 737 2704 19)
761 2643 846 2705 Quam
870 2657 950 2692 aarum
974 2658 1009 2692 ex
1031 2657 1148 2709 persana
1167 2641 1266 2691 homini
1283 2643 1333 2693 rie-

324 2733 413 2798 sipnat
437 2728 538 2782 exbibet
561 2725 607 2779 Bb.
644 2726 716 2790 Quod
741 2728 854 2794 sequitur
878 2738 902 2781 et
927 2728 957 2779 al.
983 2744 1014 2778 m.
1041 2727 1217 2794 superscripsit
1241 2729 1266 2778 iu
1285 2727 1333 2781 lllc.

325 2815 371 2884 20)
391 2814 462 2867 Cant.
481 2815 506 2878 6,
526 2813 549 2866 9.
605 2812 650 2877 21)
669 2816 763 2867 matris
783 2810 829 2863 Bb.
866 2813 932 2865 Dein
950 2817 1031 2868 electa
1049 2824 1089 2866 est
1107 2812 1163 2878 llb,
1189 2818 1270 2868 electa
1294 2825 1335 2868 est

324 2913 348 2957 et
365 2902 417 2966 Ba,
445 2905 522 2956 electe
542 2901 604 2969 (sic)
622 2899 671 2954 Md.
707 2898 756 2950 Pro
775 2900 841 2969 vulg.
861 2903 983 2972 genitrici
1001 2909 1131 2968 receptum
1151 2907 1277 2972 peccatrici
1302 2919 1334 2955 ex

323 2990 356 3040 W
374 3000 399 3042 et
418 2990 484 3055 llab,
504 2989 653 3058 quibuscum
672 2989 799 3056 conspiret
817 2989 858 3041 ed.
875 2989 1010 3051 Daventr.;
1029 2992 1166 3057 genitricis
1183 2991 1269 3044 scribit
1287 2990 1333 3056 Da,
1420 2987 1421 3070 ]

323 3082 434 3150 genitris
453 3079 540 3130 mutile
559 3076 605 3130 Db.
1420 3075 1421 3086 ¹

394 3173 434 3227 lV.
455 3173 483 3241 1)
502 3176 575 3226 Petri
585 3176 708 3226 sanitatem
721 3172 781 3223 dunt
793 3187 856 3222 unus
868 3171 934 3222 liber
945 3171 1009 3235 Ital,
1029 3170 1052 3221 Α
1065 3180 1090 3224 et
1108 3172 1166 3224 lvo
1185 3174 1287 3227 Decret.
1300 3174 1333 3228 de

322 3262 466 3318 sublimitat.
491 3263 604 3329 episcop.
629 3259 655 3312 P.
676 3259 752 3312 V.'c.
772 3259 830 3312 361.
884 3260 912 3326 2)
938 3258 1035 3311 Desunt
1060 3260 1124 3312 baec
1148 3261 1227 3312 verbu
1253 3264 1278 3314 in
1301 3262 1331 3313 lt.

324 3353 395 3417 Quae
420 3350 540 3418 deinceps
568 3365 582 3400 e
609 3348 664 3400 cod.
692 3347 790 3400 Cambr.
815 3347 939 3399 Pamelius
965 3349 1084 3399 inseruit:
1114 3352 1158 3418 qui
1185 3353 1334 3404 cathedram

322 3443 405 3504 Petri,
424 3457 507 3508 super
525 3455 600 3507 pesam
619 3437 664 3502 (ita
683 3436 801 3488 exhibent
818 3435 928 3486 etiamll
947 3443 1109 3504 etquattuor
1128 3438 1221 3488 vetusti
1233 3436 1332 3505 Anglic.

323 3544 346 3580 c.
364 3526 404 3578 ed.
421 3526 520 3593 Rigalt,
540 3543 612 3594 quem
630 3522 716 3574 baluz.
736 3531 762 3573 et
782 3521 884 3586 Galdb.)
903 3526 1013 3591 fandata
1031 3532 1070 3575 est
1088 3527 1208 3588 eeclesia,
1227 3529 1332 3589 deserit,

323 3629 373 3666 orn.
392 3614 467 3666 codd.
486 3612 525 3664 W.
545 3613 658 3663 Monacc.
678 3619 703 3662 et
721 3611 782 3675 Bab,
806 3609 894 3662 Goldb.
914 3610 1027 3674 seclusit,
1047 3626 1095 3678 ego
1115 3613 1230 3678 expunxi.
1266 3612 1332 3663 Dein

323 3704 434 3768 considit.
471 3703 650 3770 Episcopatus
676 3715 749 3752 annas
775 3706 815 3750 est
841 3695 993 3748 intermediis
1022 3698 1120 3749 emissis
1145 3697 1175 3749 lt.
1215 3697 1333 3750 Proxime

321 3790 412 3840 beatus
428 3791 531 3840 Paratus
550 3790 685 3856 apostatas
704 3785 761 3836 edd.
776 3784 942 3834 ltlanutianarn
961 3785 1150 3837 antecedentes.
1186 3785 1248 3836 Turn
1266 3789 1333 3840 istem

322 3890 370 3926 om.
390 3875 430 3926 ed.
445 3873 565 3925 Daventr.
602 3873 630 3942 3)
648 3877 746 3926 unitate
765 3872 812 3924 lllc.
848 3872 876 3937 4)
896 3871 989 3940 Ephes.
1004 3872 1118 3936 l,4-6.
1154 3871 1242 3924 Statim
1260 3890 1332 3927 unus

307 3965 445 4022 ,daminus
465 3968 514 4012 etc.
533 3959 579 4013 Db.
614 3959 671 4010 illex
697 3970 721 4014 et
742 3978 814 4014 unas
838 3963 902 4014 deus
921 3959 965 4012 Da.
1019 3961 1047 4024 5)
1072 3963 1194 4014 verrerari
1216 3962 1256 4028 (in
1280 3977 1331 4029 mg.

321 4047 417 4117 tenere)
435 4050 545 4116 &miter
562 4045 611 4113 tte,
633 4056 720 4103 tenere
736 4050 848 4119 tirmiter
865 4046 905 4099 W.
925 4045 1000 4100 llsbd
1018 4054 1043 4098 et
1060 4043 1107 4099 Db.
1126 4045 1197 4120 Vulg.
1220 4053 1333 4120 firmiter
