<?xml version="1.0" encoding="UTF-8"?>
<!DOCTYPE html PUBLIC "-//W3C//DTD XHTML 1.0 Transitional//EN"
    "http://www.w3.org/TR/xhtml1/DTD/xhtml1-transitional.dtd">
<html xmlns="http://www.w3.org/1999/xhtml" xml:lang="en" lang="en">
 <head>
  <title>
</title>
<meta http-equiv="Content-Type" content="text/html;charset=utf-8" />
  <meta name='ocr-system' content='tesseract 3.04.00' />
  <meta name='ocr-capabilities' content='ocr_page ocr_carea ocr_par ocr_line ocrx_word'/>
</head>
<body>
  <div class='ocr_page' id='page_1' title='image "./libridecatholic00krabgoog_0020.png"; bbox 0 0 2868 4700; ppageno 0'>
   <div class='ocr_carea' id='block_1_1' title="bbox 694 449 738 502">
    <p class='ocr_par' dir='ltr' id='par_1_1' title="bbox 694 449 738 502">
     <span class='ocr_line' id='line_1_1' title="bbox 694 449 738 502; baseline -0.045 0"><span class='ocrx_word' id='word_1_1' title='bbox 694 449 738 502; x_wconf 85' lang='lat' dir='ltr'><strong>XV</strong></span> 
     </span>
    </p>
   </div>
   <div class='ocr_carea' id='block_1_2' title="bbox 205 607 1220 694">
    <p class='ocr_par' dir='ltr' id='par_1_2' title="bbox 205 607 1220 694">
     <span class='ocr_line' id='line_1_2' title="bbox 205 607 1220 694; baseline -0.002 -20"><span class='ocrx_word' id='word_1_2' title='bbox 205 629 269 676; x_wconf 90' lang='lat' dir='ltr'><strong>non</strong></span> <span class='ocrx_word' id='word_1_3' title='bbox 290 611 420 694; x_wconf 78' lang='lat' dir='ltr'><strong>negotia,</strong></span> <span class='ocrx_word' id='word_1_4' title='bbox 443 630 504 676; x_wconf 93' lang='lat' dir='ltr'><strong>non</strong></span> <span class='ocrx_word' id='word_1_5' title='bbox 527 627 676 694; x_wconf 80' lang='lat' dir='ltr'><strong>personae</strong></span> <span class='ocrx_word' id='word_1_6' title='bbox 703 607 805 672; x_wconf 88' lang='lat' dir='ltr'><strong>sedem</strong></span> <span class='ocrx_word' id='word_1_7' title='bbox 835 627 918 672; x_wconf 90' lang='lat' dir='ltr'><strong>suam</strong></span> <span class='ocrx_word' id='word_1_8' title='bbox 949 625 1117 692; x_wconf 76' lang='lat' dir='ltr'><strong>agnoscere</strong></span> <span class='ocrx_word' id='word_1_9' title='bbox 1145 626 1220 692; x_wconf 94' lang='lat' dir='ltr'><strong>pos-</strong></span> 
     </span>
    </p>
   </div>
   <div class='ocr_carea' id='block_1_3' title="bbox 205 731 1224 4157">
    <p class='ocr_par' dir='ltr' id='par_1_3' title="bbox 205 731 1220 1186">
     <span class='ocr_line' id='line_1_3' title="bbox 206 731 1219 816; baseline -0.004 -18"><span class='ocrx_word' id='word_1_10' title='bbox 206 733 304 798; x_wconf 84' lang='lat' dir='ltr'><strong>sunt.“</strong></span> <span class='ocrx_word' id='word_1_11' title='bbox 343 733 426 798; x_wconf 82' lang='lat' dir='ltr'><strong>Geni.</strong></span> <span class='ocrx_word' id='word_1_12' title='bbox 455 733 588 798; x_wconf 88' lang='lat' dir='ltr'><strong>eiusdem</strong></span> <span class='ocrx_word' id='word_1_13' title='bbox 611 732 778 796; x_wconf 76' lang='lat' dir='ltr'>bibliothec.</span> <span class='ocrx_word' id='word_1_14' title='bbox 801 749 877 796; x_wconf 89' lang='lat' dir='ltr'><strong>sacr.</strong></span> <span class='ocrx_word' id='word_1_15' title='bbox 902 739 932 796; x_wconf 90' lang='lat' dir='ltr'><strong>et</strong></span> <span class='ocrx_word' id='word_1_16' title='bbox 954 731 1071 816; x_wconf 84' lang='lat' dir='ltr'><strong>profan.</strong></span> <span class='ocrx_word' id='word_1_17' title='bbox 1094 732 1176 796; x_wconf 80' lang='lat' dir='ltr'><strong>&#39;iona</strong></span> <span class='ocrx_word' id='word_1_18' title='bbox 1200 733 1219 794; x_wconf 91' lang='lat'><strong>1.</strong></span> 
     </span>
     <span class='ocr_line' id='line_1_4' title="bbox 205 854 1220 940; baseline -0.002 -20"><span class='ocrx_word' id='word_1_19' title='bbox 205 877 234 939; x_wconf 90' lang='lat' dir='ltr'><strong>p.</strong></span> <span class='ocrx_word' id='word_1_20' title='bbox 256 855 325 921; x_wconf 73' lang='lat'><strong>178.</strong></span> <span class='ocrx_word' id='word_1_21' title='bbox 348 859 403 922; x_wconf 91' lang='lat' dir='ltr'><strong>col.</strong></span> <span class='ocrx_word' id='word_1_22' title='bbox 420 855 449 920; x_wconf 90' lang='grc'><strong>2.</strong></span> <span class='ocrx_word' id='word_1_23' title='bbox 473 865 502 921; x_wconf 91' lang='lat' dir='ltr'><strong>et</strong></span> <span class='ocrx_word' id='word_1_24' title='bbox 523 858 602 924; x_wconf 79' lang='lat' dir='ltr'><strong>Atd.</strong></span> <span class='ocrx_word' id='word_1_25' title='bbox 627 858 764 920; x_wconf 81' lang='lat' dir='ltr'><strong>Manui.</strong></span> <span class='ocrx_word' id='word_1_26' title='bbox 789 856 981 940; x_wconf 79' lang='lat' dir='ltr'><strong>orthograph.</strong></span> <span class='ocrx_word' id='word_1_27' title='bbox 1005 877 1032 918; x_wconf 90' lang='lat' dir='ltr'><strong>v.</strong></span> <span class='ocrx_word' id='word_1_28' title='bbox 1057 854 1220 918; x_wconf 81' lang='lat' dir='ltr'><strong>Culcita.</strong></span> 
     </span>
     <span class='ocr_line' id='line_1_5' title="bbox 205 979 1220 1064; baseline -0.001 -21"><span class='ocrx_word' id='word_1_29' title='bbox 205 981 252 1044; x_wconf 89' lang='lat' dir='ltr'><strong>De</strong></span> <span class='ocrx_word' id='word_1_30' title='bbox 281 981 365 1062; x_wconf 84' lang='lat' dir='ltr'><strong>fatis,</strong></span> <span class='ocrx_word' id='word_1_31' title='bbox 394 1000 474 1062; x_wconf 91' lang='lat' dir='ltr'><strong>quae</strong></span> <span class='ocrx_word' id='word_1_32' title='bbox 506 987 629 1064; x_wconf 89' lang='lat' dir='ltr'><strong>postero</strong></span> <span class='ocrx_word' id='word_1_33' title='bbox 662 987 797 1061; x_wconf 89' lang='lat' dir='ltr'><strong>tempore</strong></span> <span class='ocrx_word' id='word_1_34' title='bbox 819 979 947 1043; x_wconf 88' lang='lat' dir='ltr'><strong>habebat</strong></span> <span class='ocrx_word' id='word_1_35' title='bbox 968 980 1016 1043; x_wconf 89' lang='lat' dir='ltr'><strong>ilie</strong></span> <span class='ocrx_word' id='word_1_36' title='bbox 1040 981 1133 1060; x_wconf 89' lang='lat' dir='ltr'><strong>liber,</strong></span> <span class='ocrx_word' id='word_1_37' title='bbox 1164 981 1220 1043; x_wconf 88' lang='lat' dir='ltr'><strong>vid.</strong></span> 
     </span>
     <span class='ocr_line' id='line_1_6' title="bbox 206 1101 963 1186; baseline -0.004 -18"><span class='ocrx_word' id='word_1_38' title='bbox 206 1105 384 1168; x_wconf 90' lang='lat' dir='ltr'><strong>Blumius</strong></span> <span class='ocrx_word' id='word_1_39' title='bbox 409 1107 438 1168; x_wconf 88' lang='lat' dir='ltr'><strong>io</strong></span> <span class='ocrx_word' id='word_1_40' title='bbox 461 1105 524 1167; x_wconf 91' lang='lat' dir='ltr'><strong>ltin.</strong></span> <span class='ocrx_word' id='word_1_41' title='bbox 546 1105 605 1167; x_wconf 89' lang='lat' dir='ltr'><strong>ltat.</strong></span> <span class='ocrx_word' id='word_1_42' title='bbox 631 1105 713 1167; x_wconf 84' lang='lat' dir='ltr'><strong>Tom.</strong></span> <span class='ocrx_word' id='word_1_43' title='bbox 738 1103 757 1166; x_wconf 91' lang='lat'><strong>1.</strong></span> <span class='ocrx_word' id='word_1_44' title='bbox 782 1123 809 1186; x_wconf 93' lang='lat' dir='ltr'><strong>p.</strong></span> <span class='ocrx_word' id='word_1_45' title='bbox 833 1101 896 1168; x_wconf 78' lang='lat'><strong>257</strong></span> <span class='ocrx_word' id='word_1_46' title='bbox 919 1122 963 1185; x_wconf 93' lang='lat' dir='ltr'><strong>sq.</strong></span> 
     </span>
    </p>

    <p class='ocr_par' dir='ltr' id='par_1_4' title="bbox 206 1228 1222 1808">
     <span class='ocr_line' id='line_1_7' title="bbox 294 1228 1222 1311; baseline -0.001 -18"><span class='ocrx_word' id='word_1_47' title='bbox 294 1229 437 1294; x_wconf 83' lang='lat' dir='ltr'><strong>Sermone</strong></span> <span class='ocrx_word' id='word_1_48' title='bbox 468 1229 506 1291; x_wconf 92' lang='lat' dir='ltr'><strong>de</strong></span> <span class='ocrx_word' id='word_1_49' title='bbox 538 1228 701 1292; x_wconf 88' lang='lat' dir='ltr'><strong>catholicae</strong></span> <span class='ocrx_word' id='word_1_50' title='bbox 730 1229 877 1292; x_wconf 89' lang='lat' dir='ltr'><strong>ecclesiae</strong></span> <span class='ocrx_word' id='word_1_51' title='bbox 907 1230 1018 1292; x_wconf 87' lang='lat' dir='ltr'><strong>unitate</strong></span> <span class='ocrx_word' id='word_1_52' title='bbox 1049 1230 1126 1311; x_wconf 81' lang='lat' dir='ltr'><strong>typis</strong></span> <span class='ocrx_word' id='word_1_53' title='bbox 1157 1229 1222 1292; x_wconf 86' lang='lat' dir='ltr'><strong>iere</strong></span> 
     </span>
     <span class='ocr_line' id='line_1_8' title="bbox 207 1351 1222 1437; baseline -0.003 -20"><span class='ocrx_word' id='word_1_54' title='bbox 207 1354 357 1437; x_wconf 89' lang='lat' dir='ltr'><strong>descripto</strong></span> <span class='ocrx_word' id='word_1_55' title='bbox 381 1360 522 1435; x_wconf 87' lang='lat' dir='ltr'><strong>exoptato</strong></span> <span class='ocrx_word' id='word_1_56' title='bbox 545 1354 615 1416; x_wconf 89' lang='lat' dir='ltr'><strong>mihi</strong></span> <span class='ocrx_word' id='word_1_57' title='bbox 640 1355 721 1416; x_wconf 88' lang='lat' dir='ltr'><strong>venit</strong></span> <span class='ocrx_word' id='word_1_58' title='bbox 744 1355 834 1418; x_wconf 91' lang='lat' dir='ltr'><strong>lectio</strong></span> <span class='ocrx_word' id='word_1_59' title='bbox 857 1355 975 1417; x_wconf 88' lang='lat' dir='ltr'><strong>varians</strong></span> <span class='ocrx_word' id='word_1_60' title='bbox 998 1376 1015 1417; x_wconf 90' lang='lat' dir='ltr'><strong>e</strong></span> <span class='ocrx_word' id='word_1_61' title='bbox 1038 1351 1142 1414; x_wconf 90' lang='lat' dir='ltr'><strong>codice</strong></span> <span class='ocrx_word' id='word_1_62' title='bbox 1163 1352 1222 1417; x_wconf 85' lang='lat' dir='ltr'><strong>Se-</strong></span> 
     </span>
     <span class='ocr_line' id='line_1_9' title="bbox 206 1473 1222 1562; baseline 0 -22"><span class='ocrx_word' id='word_1_63' title='bbox 206 1478 363 1562; x_wconf 80' lang='lat' dir='ltr'><strong>guieriauo</strong></span> <span class='ocrx_word' id='word_1_64' title='bbox 389 1473 459 1540; x_wconf 85' lang='lat'><strong>185.</strong></span> <span class='ocrx_word' id='word_1_65' title='bbox 481 1473 583 1558; x_wconf 84' lang='lat' dir='ltr'><strong>(nuuc</strong></span> <span class='ocrx_word' id='word_1_66' title='bbox 605 1478 635 1538; x_wconf 91' lang='lat' dir='ltr'><strong>in</strong></span> <span class='ocrx_word' id='word_1_67' title='bbox 659 1475 761 1560; x_wconf 85' lang='lat' dir='ltr'><strong>Suppt.</strong></span> <span class='ocrx_word' id='word_1_68' title='bbox 781 1477 842 1540; x_wconf 88' lang='lat' dir='ltr'><strong>Lat.</strong></span> <span class='ocrx_word' id='word_1_69' title='bbox 860 1475 952 1560; x_wconf 76' lang='lat'>712.)</span> <span class='ocrx_word' id='word_1_70' title='bbox 975 1478 1011 1540; x_wconf 90' lang='lat' dir='ltr'><strong>ab</strong></span> <span class='ocrx_word' id='word_1_71' title='bbox 1034 1477 1222 1542; x_wconf 81' lang='lat' dir='ltr'>Eduardo</span> 
     </span>
     <span class='ocr_line' id='line_1_10' title="bbox 209 1598 1222 1682; baseline -0.001 -19"><span class='ocrx_word' id='word_1_72' title='bbox 209 1599 417 1663; x_wconf 75' lang='lat' dir='ltr'><strong>Wciiitino</strong></span> <span class='ocrx_word' id='word_1_73' title='bbox 450 1598 633 1678; x_wconf 87' lang='lat' dir='ltr'><strong>Basiteeosi,</strong></span> <span class='ocrx_word' id='word_1_74' title='bbox 665 1601 774 1664; x_wconf 91' lang='lat' dir='ltr'><strong>iuvene</strong></span> <span class='ocrx_word' id='word_1_75' title='bbox 805 1600 1004 1665; x_wconf 89' lang='lat' dir='ltr'><strong>eruditissimo</strong></span> <span class='ocrx_word' id='word_1_76' title='bbox 1035 1601 1222 1682; x_wconf 80' lang='lat' dir='ltr'><strong>optimaeque</strong></span> 
     </span>
     <span class='ocr_line' id='line_1_11' title="bbox 208 1723 1221 1808; baseline -0.001 -21"><span class='ocrx_word' id='word_1_77' title='bbox 208 1723 283 1805; x_wconf 83' lang='lat' dir='ltr'><strong>spei,</strong></span> <span class='ocrx_word' id='word_1_78' title='bbox 305 1723 482 1804; x_wconf 73' lang='lat' dir='ltr'><strong>peritissime</strong></span> <span class='ocrx_word' id='word_1_79' title='bbox 505 1730 535 1784; x_wconf 92' lang='lat' dir='ltr'><strong>et</strong></span> <span class='ocrx_word' id='word_1_80' title='bbox 557 1725 780 1788; x_wconf 83' lang='lat' dir='ltr'><strong>accuratissime</strong></span> <span class='ocrx_word' id='word_1_81' title='bbox 801 1726 832 1789; x_wconf 93' lang='lat' dir='ltr'><strong>in</strong></span> <span class='ocrx_word' id='word_1_82' title='bbox 847 1747 940 1788; x_wconf 92' lang='lat' dir='ltr'><strong>meam</strong></span> <span class='ocrx_word' id='word_1_83' title='bbox 955 1725 1079 1808; x_wconf 83' lang='lat' dir='ltr'><strong>gratiam</strong></span> <span class='ocrx_word' id='word_1_84' title='bbox 1095 1731 1221 1788; x_wconf 90' lang='lat' dir='ltr'><strong>enotata.</strong></span> 
     </span>
    </p>

    <p class='ocr_par' dir='ltr' id='par_1_5' title="bbox 205 1845 1223 3022">
     <span class='ocr_line' id='line_1_12' title="bbox 294 1845 1219 1929; baseline 0.001 -19"><span class='ocrx_word' id='word_1_85' title='bbox 294 1847 323 1910; x_wconf 90' lang='lat' dir='ltr'><strong>Is</strong></span> <span class='ocrx_word' id='word_1_86' title='bbox 351 1846 427 1909; x_wconf 89' lang='lat' dir='ltr'><strong>liber</strong></span> <span class='ocrx_word' id='word_1_87' title='bbox 456 1845 563 1910; x_wconf 84' lang='lat' dir='ltr'><strong>unciali</strong></span> <span class='ocrx_word' id='word_1_88' title='bbox 593 1847 765 1910; x_wconf 67' lang='lat' dir='ltr'><strong>charactere</strong></span> <span class='ocrx_word' id='word_1_89' title='bbox 788 1849 932 1929; x_wconf 91' lang='lat' dir='ltr'><strong>quadrato</strong></span> <span class='ocrx_word' id='word_1_90' title='bbox 957 1855 987 1910; x_wconf 91' lang='lat' dir='ltr'><strong>et</strong></span> <span class='ocrx_word' id='word_1_91' title='bbox 1009 1848 1137 1912; x_wconf 90' lang='lat' dir='ltr'><strong>rotundo</strong></span> <span class='ocrx_word' id='word_1_92' title='bbox 1160 1848 1219 1911; x_wconf 90' lang='lat' dir='ltr'><strong>de-</strong></span> 
     </span>
     <span class='ocr_line' id='line_1_13' title="bbox 207 1943 1223 2054; baseline -0.001 -19"><span class='ocrx_word' id='word_1_93' title='bbox 207 1943 345 2053; x_wconf 75' lang='lat' dir='ltr'><strong>scriptus</strong></span> <span class='ocrx_word' id='word_1_94' title='bbox 365 1978 453 2034; x_wconf 84' lang='lat' dir='ltr'><strong>sexto</strong></span> <span class='ocrx_word' id='word_1_95' title='bbox 483 1970 532 2033; x_wconf 88' lang='lat' dir='ltr'><strong>vet</strong></span> <span class='ocrx_word' id='word_1_96' title='bbox 558 1972 683 2052; x_wconf 91' lang='lat' dir='ltr'><strong>septimo</strong></span> <span class='ocrx_word' id='word_1_97' title='bbox 706 1973 829 2036; x_wconf 90' lang='lat' dir='ltr'><strong>sacculo</strong></span> <span class='ocrx_word' id='word_1_98' title='bbox 852 1973 928 2035; x_wconf 88' lang='lat' dir='ltr'><strong>inter</strong></span> <span class='ocrx_word' id='word_1_99' title='bbox 951 1973 1170 2054; x_wconf 90' lang='lat' dir='ltr'><strong>antiquissimos</strong></span> <span class='ocrx_word' id='word_1_100' title='bbox 1194 1978 1223 2035; x_wconf 93' lang='lat' dir='ltr'><strong>ct</strong></span> 
     </span>
     <span class='ocr_line' id='line_1_14' title="bbox 207 2094 1223 2178; baseline -0.001 -22"><span class='ocrx_word' id='word_1_101' title='bbox 207 2094 475 2178; x_wconf 86' lang='lat' dir='ltr'><strong>praestantissimos</strong></span> <span class='ocrx_word' id='word_1_102' title='bbox 512 2094 728 2175; x_wconf 90' lang='lat' dir='ltr'><strong>computandus</strong></span> <span class='ocrx_word' id='word_1_103' title='bbox 766 2103 813 2158; x_wconf 90' lang='lat' dir='ltr'><strong>cst</strong></span> <span class='ocrx_word' id='word_1_104' title='bbox 850 2101 992 2159; x_wconf 88' lang='lat' dir='ltr'><strong>censente</strong></span> <span class='ocrx_word' id='word_1_105' title='bbox 1031 2094 1174 2158; x_wconf 85' lang='lat' dir='ltr'><strong>Montio</strong></span> <span class='ocrx_word' id='word_1_106' title='bbox 1184 2113 1223 2156; x_wconf 93' lang='lat' dir='ltr'><strong>u-</strong></span> 
     </span>
     <span class='ocr_line' id='line_1_15' title="bbox 206 2212 1222 2301; baseline -0.001 -21"><span class='ocrx_word' id='word_1_107' title='bbox 206 2218 324 2282; x_wconf 91' lang='lat' dir='ltr'><strong>conio</strong></span> <span class='ocrx_word' id='word_1_108' title='bbox 356 2218 493 2282; x_wconf 85' lang='lat' dir='ltr'><strong>Biblioth.</strong></span> <span class='ocrx_word' id='word_1_109' title='bbox 524 2217 663 2298; x_wconf 71' lang='lat' dir='ltr'><strong>coislin,</strong></span> <span class='ocrx_word' id='word_1_110' title='bbox 695 2219 762 2281; x_wconf 90' lang='lat' dir='ltr'><strong>olim</strong></span> <span class='ocrx_word' id='word_1_111' title='bbox 794 2217 920 2301; x_wconf 73' lang='lat' dir='ltr'><strong>Sequer.</strong></span> <span class='ocrx_word' id='word_1_112' title='bbox 949 2218 1031 2280; x_wconf 86' lang='lat' dir='ltr'><strong>Tom.</strong></span> <span class='ocrx_word' id='word_1_113' title='bbox 1054 2218 1075 2280; x_wconf 92' lang='lat' dir='ltr'><strong>l.</strong></span> <span class='ocrx_word' id='word_1_114' title='bbox 1098 2236 1127 2299; x_wconf 95' lang='lat' dir='ltr'><strong>p.</strong></span> <span class='ocrx_word' id='word_1_115' title='bbox 1150 2212 1222 2280; x_wconf 75' lang='lat'>240.</span> 
     </span>
     <span class='ocr_line' id='line_1_16' title="bbox 208 2335 1219 2423; baseline -0.001 -19"><span class='ocrx_word' id='word_1_116' title='bbox 208 2357 286 2422; x_wconf 86' lang='lat' dir='ltr'><strong>seqq.</strong></span> <span class='ocrx_word' id='word_1_117' title='bbox 325 2339 410 2404; x_wconf 83' lang='lat' dir='ltr'><strong>Coei.</strong></span> <span class='ocrx_word' id='word_1_118' title='bbox 427 2359 565 2404; x_wconf 88' lang='lat' dir='ltr'><strong>nouveau</strong></span> <span class='ocrx_word' id='word_1_119' title='bbox 582 2339 668 2404; x_wconf 79' lang='lat' dir='ltr'><strong>truite</strong></span> <span class='ocrx_word' id='word_1_120' title='bbox 692 2340 730 2404; x_wconf 91' lang='lat' dir='ltr'><strong>de</strong></span> <span class='ocrx_word' id='word_1_121' title='bbox 745 2340 955 2423; x_wconf 84' lang='lat' dir='ltr'><strong>diplomatique</strong></span> <span class='ocrx_word' id='word_1_122' title='bbox 972 2341 1055 2403; x_wconf 87' lang='lat' dir='ltr'><strong>Tom.</strong></span> <span class='ocrx_word' id='word_1_123' title='bbox 1070 2337 1118 2402; x_wconf 89' lang='lat'>111.</span> <span class='ocrx_word' id='word_1_124' title='bbox 1134 2359 1162 2421; x_wconf 88' lang='lat' dir='ltr'><strong>p.</strong></span> <span class='ocrx_word' id='word_1_125' title='bbox 1179 2335 1219 2403; x_wconf 88' lang='lat'><strong>55</strong></span> 
     </span>
     <span class='ocr_line' id='line_1_17' title="bbox 207 2461 1221 2552; baseline -0.004 -24"><span class='ocrx_word' id='word_1_126' title='bbox 207 2471 237 2528; x_wconf 90' lang='lat' dir='ltr'><strong>et</strong></span> <span class='ocrx_word' id='word_1_127' title='bbox 267 2461 339 2530; x_wconf 64' lang='lat'>1215.</span> <span class='ocrx_word' id='word_1_128' title='bbox 392 2463 562 2547; x_wconf 90' lang='lat' dir='ltr'><strong>Scripturae</strong></span> <span class='ocrx_word' id='word_1_129' title='bbox 593 2464 745 2546; x_wconf 86' lang='lat' dir='ltr'><strong>specimen</strong></span> <span class='ocrx_word' id='word_1_130' title='bbox 773 2466 884 2548; x_wconf 91' lang='lat' dir='ltr'><strong>primus</strong></span> <span class='ocrx_word' id='word_1_131' title='bbox 913 2463 995 2552; x_wconf 87' lang='lat' dir='ltr'><strong>dedit</strong></span> <span class='ocrx_word' id='word_1_132' title='bbox 1022 2463 1052 2526; x_wconf 87' lang='lat' dir='ltr'><strong>M</strong></span> <span class='ocrx_word' id='word_1_133' title='bbox 1061 2461 1221 2527; x_wconf 86' lang='lat' dir='ltr'><strong>ontfau-</strong></span> 
     </span>
     <span class='ocr_line' id='line_1_18' title="bbox 206 2585 1221 2668; baseline -0.004 -16"><span class='ocrx_word' id='word_1_134' title='bbox 206 2587 347 2652; x_wconf 92' lang='lat' dir='ltr'><strong>conius</strong></span> <span class='ocrx_word' id='word_1_135' title='bbox 370 2587 388 2649; x_wconf 91' lang='lat' dir='ltr'><strong>l.</strong></span> <span class='ocrx_word' id='word_1_136' title='bbox 405 2606 430 2650; x_wconf 91' lang='lat' dir='ltr'><strong>c.</strong></span> <span class='ocrx_word' id='word_1_137' title='bbox 447 2607 475 2668; x_wconf 88' lang='lat' dir='ltr'><strong>p.</strong></span> <span class='ocrx_word' id='word_1_138' title='bbox 491 2585 574 2668; x_wconf 71' lang='lat' dir='ltr'><strong>ota,</strong></span> <span class='ocrx_word' id='word_1_139' title='bbox 597 2587 653 2652; x_wconf 90' lang='lat' dir='ltr'><strong>sed</strong></span> <span class='ocrx_word' id='word_1_140' title='bbox 667 2588 759 2652; x_wconf 92' lang='lat' dir='ltr'><strong>multo</strong></span> <span class='ocrx_word' id='word_1_141' title='bbox 782 2589 946 2652; x_wconf 88' lang='lat' dir='ltr'><strong>accuratius</strong></span> <span class='ocrx_word' id='word_1_142' title='bbox 969 2594 1015 2652; x_wconf 91' lang='lat' dir='ltr'><strong>est</strong></span> <span class='ocrx_word' id='word_1_143' title='bbox 1037 2585 1116 2666; x_wconf 88' lang='lat' dir='ltr'><strong>illud,</strong></span> <span class='ocrx_word' id='word_1_144' title='bbox 1140 2585 1221 2667; x_wconf 91' lang='lat' dir='ltr'><strong>quod</strong></span> 
     </span>
     <span class='ocr_line' id='line_1_19' title="bbox 205 2707 1221 2792; baseline -0.003 -17"><span class='ocrx_word' id='word_1_145' title='bbox 205 2710 348 2776; x_wconf 86' lang='lat' dir='ltr'><strong>exhibent</strong></span> <span class='ocrx_word' id='word_1_146' title='bbox 380 2710 564 2774; x_wconf 89' lang='lat' dir='ltr'><strong>Benedictini</strong></span> <span class='ocrx_word' id='word_1_147' title='bbox 596 2711 634 2774; x_wconf 91' lang='lat' dir='ltr'><strong>ad</strong></span> <span class='ocrx_word' id='word_1_148' title='bbox 668 2730 696 2792; x_wconf 91' lang='lat' dir='ltr'><strong>p.</strong></span> <span class='ocrx_word' id='word_1_149' title='bbox 728 2707 815 2791; x_wconf 62' lang='lat'><strong>145„</strong></span> <span class='ocrx_word' id='word_1_150' title='bbox 849 2711 889 2774; x_wconf 86' lang='lat' dir='ltr'><strong>Pl.</strong></span> <span class='ocrx_word' id='word_1_151' title='bbox 921 2710 1004 2772; x_wconf 85' lang='lat' dir='ltr'>XLII.</span> <span class='ocrx_word' id='word_1_152' title='bbox 1036 2709 1087 2772; x_wconf 66' lang='lat' dir='ltr'><strong>lvo</strong></span> <span class='ocrx_word' id='word_1_153' title='bbox 1113 2708 1221 2792; x_wconf 78' lang='lat' dir='ltr'><strong>espece</strong></span> 
     </span>
     <span class='ocr_line' id='line_1_20' title="bbox 205 2831 1221 2918; baseline -0.002 -20"><span class='ocrx_word' id='word_1_154' title='bbox 205 2840 237 2898; x_wconf 86' lang='lat' dir='ltr'><strong>et</strong></span> <span class='ocrx_word' id='word_1_155' title='bbox 271 2834 427 2898; x_wconf 89' lang='lat' dir='ltr'><strong>Natalis</strong></span> <span class='ocrx_word' id='word_1_156' title='bbox 468 2833 513 2896; x_wconf 93' lang='lat' dir='ltr'><strong>de</strong></span> <span class='ocrx_word' id='word_1_157' title='bbox 545 2833 696 2918; x_wconf 80' lang='lat' dir='ltr'><strong>Wailly</strong></span> <span class='ocrx_word' id='word_1_158' title='bbox 734 2833 885 2898; x_wconf 86' lang='lat' dir='ltr'><strong>Elements</strong></span> <span class='ocrx_word' id='word_1_159' title='bbox 926 2834 964 2897; x_wconf 92' lang='lat' dir='ltr'><strong>de</strong></span> <span class='ocrx_word' id='word_1_160' title='bbox 995 2831 1221 2916; x_wconf 81' lang='lat' dir='ltr'><strong>Paleographie.</strong></span> 
     </span>
     <span class='ocr_line' id='line_1_21' title="bbox 205 2955 587 3022; baseline -0.008 -1"><span class='ocrx_word' id='word_1_161' title='bbox 205 2958 291 3022; x_wconf 80' lang='lat' dir='ltr'><strong>Tem.</strong></span> <span class='ocrx_word' id='word_1_162' title='bbox 314 2957 346 3020; x_wconf 85' lang='lat' dir='ltr'><strong>lt.</strong></span> <span class='ocrx_word' id='word_1_163' title='bbox 369 2957 409 3020; x_wconf 91' lang='lat' dir='ltr'><strong>Pl.</strong></span> <span class='ocrx_word' id='word_1_164' title='bbox 433 2957 466 3019; x_wconf 87' lang='grc' dir='ltr'><strong>Π.</strong></span> <span class='ocrx_word' id='word_1_165' title='bbox 489 2975 534 3020; x_wconf 90' lang='lat' dir='ltr'><strong>nr.</strong></span> <span class='ocrx_word' id='word_1_166' title='bbox 557 2955 587 3018; x_wconf 88' lang='grc'><strong>2.</strong></span> 
     </span>
    </p>

    <p class='ocr_par' dir='ltr' id='par_1_6' title="bbox 206 3079 1224 4157">
     <span class='ocr_line' id='line_1_22' title="bbox 293 3079 1223 3164; baseline 0.002 -20"><span class='ocrx_word' id='word_1_167' title='bbox 293 3079 340 3144; x_wconf 83' lang='lat' dir='ltr'><strong>Ex</strong></span> <span class='ocrx_word' id='word_1_168' title='bbox 361 3079 408 3143; x_wconf 91' lang='lat' dir='ltr'><strong>his</strong></span> <span class='ocrx_word' id='word_1_169' title='bbox 430 3080 513 3144; x_wconf 86' lang='lat' dir='ltr'><strong>libris</strong></span> <span class='ocrx_word' id='word_1_170' title='bbox 535 3097 624 3144; x_wconf 91' lang='lat' dir='ltr'><strong>manu</strong></span> <span class='ocrx_word' id='word_1_171' title='bbox 647 3081 777 3144; x_wconf 83' lang='lat' dir='ltr'><strong>exaratis</strong></span> <span class='ocrx_word' id='word_1_172' title='bbox 792 3080 976 3144; x_wconf 86' lang='lat' dir='ltr'><strong>Veronensis</strong></span> <span class='ocrx_word' id='word_1_173' title='bbox 995 3080 1223 3164; x_wconf 89' lang='lat' dir='ltr'><strong>antiquissimus,</strong></span> 
     </span>
     <span class='ocr_line' id='line_1_23' title="bbox 207 3202 1223 3290; baseline -0.004 -16"><span class='ocrx_word' id='word_1_174' title='bbox 207 3204 437 3290; x_wconf 67' lang='lat' dir='ltr'><strong>Septimianae,</strong></span> <span class='ocrx_word' id='word_1_175' title='bbox 471 3202 744 3288; x_wconf 76' lang='lat' dir='ltr'><strong>wurzeburgensis</strong></span> <span class='ocrx_word' id='word_1_176' title='bbox 783 3211 813 3268; x_wconf 93' lang='lat' dir='ltr'><strong>et</strong></span> <span class='ocrx_word' id='word_1_177' title='bbox 854 3204 902 3268; x_wconf 86' lang='lat' dir='ltr'><strong>Ma</strong></span> <span class='ocrx_word' id='word_1_178' title='bbox 939 3203 1005 3268; x_wconf 88' lang='lat' dir='ltr'><strong>sive</strong></span> <span class='ocrx_word' id='word_1_179' title='bbox 1042 3203 1223 3270; x_wconf 89' lang='lat' dir='ltr'><strong>Benedicta-</strong></span> 
     </span>
     <span class='ocr_line' id='line_1_24' title="bbox 206 3328 1224 3411; baseline -0.002 -17"><span class='ocrx_word' id='word_1_180' title='bbox 206 3330 339 3394; x_wconf 84' lang='lat' dir='ltr'><strong>omanus</strong></span> <span class='ocrx_word' id='word_1_181' title='bbox 362 3334 528 3408; x_wconf 76' lang='lat' dir='ltr'><strong>mactate,</strong></span> <span class='ocrx_word' id='word_1_182' title='bbox 551 3329 591 3392; x_wconf 92' lang='lat' dir='ltr'><strong>ita</strong></span> <span class='ocrx_word' id='word_1_183' title='bbox 613 3328 786 3393; x_wconf 88' lang='lat' dir='ltr'><strong>sinceritate</strong></span> <span class='ocrx_word' id='word_1_184' title='bbox 808 3329 1043 3411; x_wconf 91' lang='lat' dir='ltr'><strong>optimarumque</strong></span> <span class='ocrx_word' id='word_1_185' title='bbox 1065 3329 1224 3395; x_wconf 90' lang='lat' dir='ltr'><strong>lectionum</strong></span> 
     </span>
     <span class='ocr_line' id='line_1_25' title="bbox 207 3451 1223 3536; baseline -0.001 -18"><span class='ocrx_word' id='word_1_186' title='bbox 207 3452 294 3535; x_wconf 87' lang='lat' dir='ltr'><strong>copia</strong></span> <span class='ocrx_word' id='word_1_187' title='bbox 316 3452 426 3518; x_wconf 87' lang='lat' dir='ltr'><strong>ceteris</strong></span> <span class='ocrx_word' id='word_1_188' title='bbox 449 3451 586 3516; x_wconf 88' lang='lat' dir='ltr'><strong>omnihus</strong></span> <span class='ocrx_word' id='word_1_189' title='bbox 606 3452 699 3536; x_wconf 78' lang='lat' dir='ltr'><strong>longe</strong></span> <span class='ocrx_word' id='word_1_190' title='bbox 720 3459 891 3535; x_wconf 81' lang='lat' dir='ltr'><strong>praestan13</strong></span> <span class='ocrx_word' id='word_1_191' title='bbox 921 3453 1027 3536; x_wconf 89' lang='lat' dir='ltr'><strong>reliqui</strong></span> <span class='ocrx_word' id='word_1_192' title='bbox 1049 3471 1142 3535; x_wconf 82' lang='lat' dir='ltr'><strong>vcro,</strong></span> <span class='ocrx_word' id='word_1_193' title='bbox 1170 3460 1223 3517; x_wconf 88' lang='lat' dir='ltr'><strong>ut-</strong></span> 
     </span>
     <span class='ocr_line' id='line_1_26' title="bbox 207 3575 1222 3662; baseline 0 -22"><span class='ocrx_word' id='word_1_194' title='bbox 207 3581 280 3659; x_wconf 90' lang='lat' dir='ltr'><strong>pote</strong></span> <span class='ocrx_word' id='word_1_195' title='bbox 302 3575 487 3640; x_wconf 85' lang='lat' dir='ltr'><strong>recentiores</strong></span> <span class='ocrx_word' id='word_1_196' title='bbox 510 3583 541 3641; x_wconf 89' lang='lat' dir='ltr'><strong>et</strong></span> <span class='ocrx_word' id='word_1_197' title='bbox 562 3578 656 3662; x_wconf 85' lang='lat' dir='ltr'><strong>magis</strong></span> <span class='ocrx_word' id='word_1_198' title='bbox 685 3578 822 3644; x_wconf 89' lang='lat' dir='ltr'><strong>minusve</strong></span> <span class='ocrx_word' id='word_1_199' title='bbox 848 3579 979 3662; x_wconf 89' lang='lat' dir='ltr'><strong>corrupti</strong></span> <span class='ocrx_word' id='word_1_200' title='bbox 1008 3583 1096 3659; x_wconf 92' lang='lat' dir='ltr'><strong>atque</strong></span> <span class='ocrx_word' id='word_1_201' title='bbox 1126 3577 1222 3640; x_wconf 86' lang='lat' dir='ltr'><strong>inter·</strong></span> 
     </span>
     <span class='ocr_line' id='line_1_27' title="bbox 207 3698 1222 3782; baseline -0.001 -20"><span class='ocrx_word' id='word_1_202' title='bbox 207 3698 301 3782; x_wconf 91' lang='lat' dir='ltr'><strong>polati</strong></span> <span class='ocrx_word' id='word_1_203' title='bbox 318 3699 349 3763; x_wconf 90' lang='lat' dir='ltr'><strong>in</strong></span> <span class='ocrx_word' id='word_1_204' title='bbox 378 3718 533 3766; x_wconf 88' lang='lat' dir='ltr'><strong>numerum</strong></span> <span class='ocrx_word' id='word_1_205' title='bbox 563 3700 743 3766; x_wconf 89' lang='lat' dir='ltr'><strong>deteriorum</strong></span> <span class='ocrx_word' id='word_1_206' title='bbox 772 3701 976 3768; x_wconf 88' lang='lat' dir='ltr'><strong>adscribantur</strong></span> <span class='ocrx_word' id='word_1_207' title='bbox 1004 3716 1132 3765; x_wconf 87' lang='lat' dir='ltr'><strong>necesse</strong></span> <span class='ocrx_word' id='word_1_208' title='bbox 1160 3706 1222 3780; x_wconf 85' lang='lat' dir='ltr'><strong>est3</strong></span> 
     </span>
     <span class='ocr_line' id='line_1_28' title="bbox 209 3821 1223 3909; baseline 0 -22"><span class='ocrx_word' id='word_1_209' title='bbox 209 3821 340 3887; x_wconf 92' lang='lat' dir='ltr'><strong>omnium</strong></span> <span class='ocrx_word' id='word_1_210' title='bbox 373 3831 472 3889; x_wconf 91' lang='lat' dir='ltr'><strong>autem</strong></span> <span class='ocrx_word' id='word_1_211' title='bbox 505 3825 782 3906; x_wconf 87' lang='lat' dir='ltr'><strong>interpolatissimus</strong></span> <span class='ocrx_word' id='word_1_212' title='bbox 816 3846 852 3892; x_wconf 93' lang='lat' dir='ltr'><strong>ac</strong></span> <span class='ocrx_word' id='word_1_213' title='bbox 884 3823 1143 3909; x_wconf 86' lang='lat' dir='ltr'><strong>depravatissimus</strong></span> <span class='ocrx_word' id='word_1_214' title='bbox 1176 3832 1223 3888; x_wconf 89' lang='lat' dir='ltr'><strong>est</strong></span> 
     </span>
     <span class='ocr_line' id='line_1_29' title="bbox 209 3946 1221 4043; baseline -0.003 -31"><span class='ocrx_word' id='word_1_215' title='bbox 209 3946 423 4032; x_wconf 83' lang='lat' dir='ltr'><strong>Augustanus,</strong></span> <span class='ocrx_word' id='word_1_216' title='bbox 453 3950 510 4014; x_wconf 91' lang='lat' dir='ltr'><strong>etsi</strong></span> <span class='ocrx_word' id='word_1_217' title='bbox 539 3951 645 4035; x_wconf 78' lang='lat' dir='ltr'><strong>negari</strong></span> <span class='ocrx_word' id='word_1_218' title='bbox 668 3953 796 4026; x_wconf 87' lang='lat' dir='ltr'><strong>omnino</strong></span> <span class='ocrx_word' id='word_1_219' title='bbox 811 3969 871 4015; x_wconf 93' lang='lat' dir='ltr'><strong>non</strong></span> <span class='ocrx_word' id='word_1_220' title='bbox 893 3955 993 4032; x_wconf 90' lang='lat' dir='ltr'><strong>potest</strong></span> <span class='ocrx_word' id='word_1_221' title='bbox 1014 3947 1101 4012; x_wconf 90' lang='lat' dir='ltr'><strong>etiam</strong></span> <span class='ocrx_word' id='word_1_222' title='bbox 1122 3947 1221 4043; x_wconf 21' lang='lat' dir='ltr'><strong>inqhis</strong></span> 
     </span>
     <span class='ocr_line' id='line_1_30' title="bbox 209 4071 1081 4157; baseline -0.003 -19"><span class='ocrx_word' id='word_1_223' title='bbox 209 4071 430 4156; x_wconf 77' lang='lat' dir='ltr'><strong>exemplarium</strong></span> <span class='ocrx_word' id='word_1_224' title='bbox 451 4073 691 4140; x_wconf 67' lang='lat' dir='ltr'><strong>numentanae</strong></span> <span class='ocrx_word' id='word_1_225' title='bbox 713 4073 809 4157; x_wconf 81' lang='lat' dir='ltr'><strong>frugis</strong></span> <span class='ocrx_word' id='word_1_226' title='bbox 830 4071 940 4138; x_wconf 86' lang='lat' dir='ltr'><strong>inesse.</strong></span> <span class='ocrx_word' id='word_1_227' title='bbox 973 4140 977 4149; x_wconf 62' lang='grc'><strong>,</strong></span> <span class='ocrx_word' id='word_1_228' title='bbox 1079 4143 1081 4148; x_wconf 56' lang='grc'>,</span> 
     </span>
    </p>
   </div>
   <div class='ocr_carea' id='block_1_4' title="bbox 0 0 1442 4700">
    <p class='ocr_par' dir='ltr' id='par_1_7' title="bbox 0 0 1442 4700">
     <span class='ocr_line' id='line_1_31' title="bbox 0 0 1442 4700; baseline 0 0"><span class='ocrx_word' id='word_1_229' title='bbox 0 0 1442 4700; x_wconf 95' lang='lat' dir='ltr'><strong> </strong></span> 
     </span>
    </p>
   </div>
  </div>
 </body>
</html>
