2868 4700
735 393 778 460 ³2

250 558 336 634 nont,
358 569 420 618 uon
437 551 493 618 erit
514 551 562 616 ilie
586 549 654 616 fidei
677 571 809 632 corone,
832 552 886 616 sed
909 569 1007 635 poene
1031 549 1186 636 perfidiae,
1208 543 1266 620 nec

251 669 412 753 religiosae
435 668 549 732 virtutis
573 668 673 732 exitus
695 668 865 750 gloriosus,
895 667 951 732 sed
974 668 1192 751 desperationis
1215 669 1267 733 iu-

142 817 146 823 ·
251 784 364 848 teritus.
409 781 513 846 Occidi
535 780 599 844 tatis
622 786 737 861 potest,
761 781 898 845 coronari
921 799 982 846 non
1003 789 1112 863 potest.

710 978 807 1046 xltl.

340 1122 389 1190 Sic
418 1120 490 1205 se¹J
522 1120 718 1187 Christianum
749 1140 819 1186 esse
849 1123 1019 1205 profitetur,
1060 1123 1209 1205 quomodo
1239 1129 1269 1186 et

225 1253 239 1295 o
253 1235 400 1303 Christum
422 1235 556 1301 diabolus
572 1255 663 1318 saepe
678 1237 818 1300 mentitur
832 1238 897 1320 ipso
914 1237 1034 1300 domino
1054 1243 1268 1336 praemonente

253 1357 285 1413 et
299 1348 416 1412 dicente
424 1345 474 1431 ²):
497 1349 587 1412 Multi
608 1351 731 1412 oenmnt
744 1351 778 1412 in
801 1351 921 1413 nomine
942 1368 1007 1412 neec
1029 1349 1180 1414 dicenter:
1203 1351 1269 1432 Epo

253 1483 320 1526 sum
352 1460 509 1537 Christus,
543 1467 573 1521 et
602 1461 714 1523 maltos
742 1457 899 1542 fallendi.
943 1461 1025 1525 Sicut
1057 1461 1106 1524 ine
1136 1461 1269 1525 Christus
1302 1525 1310 1543 ,

254 1599 315 1644 non
338 1585 401 1656 est,
424 1576 560 1658 quamvis
583 1574 663 1638 fodiet
686 1577 715 1639 in
739 1573 919 1659 nomine⁴),
943 1578 981 1638 ite
1005 1595 1061 1640 nec
1084 1575 1268 1639 Christianus

254 1692 350 1756 uideri
372 1697 474 1774 potest.
493 1691 544 1771 qui
571 1709 631 1754 non
654 1695 806 1772 permanet
828 1691 859 1753 in
882 1692 1031 1774 evangeiii
1061 1691 1126 1754 eius
1149 1696 1178 1754 et
1201 1691 1270 1754 fidei

217 1808 389 1876 roveritate.
434 1806 507 1868 Nem
537 1801 607 1888 et⁵)
630 1805 827 1886 prophetare,
857 1810 887 1866 et
909 1805 1064 1868 daemonic
1094 1805 1270 1885 excludere,

256 1928 287 1984 et
300 1922 425 1984 virtutes
448 1939 570 2004 magnas
594 1920 624 1981 in
641 1920 730 1982 terris
753 1919 854 1982 iecere
877 1920 1011 1983 sublimis
1035 1920 1137 2002 utique
1160 1927 1191 1983 et
1212 1919 1271 1982 ad-

256 2034 395 2098 mirabilis
416 2051 466 2096 res
489 2039 551 2110 est;
575 2051 635 2097 uon
657 2039 756 2095 temen
779 2051 906 2117 regnum
928 2033 1059 2096 caeleste
1075 2034 1269 2115 consequitur

254 2122 389 2232 quisquis
397 2144 430 2232 ⁶)
458 2149 488 2210 in
517 2146 562 2210 his
592 2147 727 2210 omnibus
750 2147 916 2225 invenitur,
948 2147 1005 2209 nisi
1036 2149 1111 2210 recti
1141 2154 1172 2211 et
1201 2147 1270 2210 iusti

256 2263 370 2327 itineris
401 2262 610 2326 observatione
639 2261 800 2344 gradietur.
845 2261 1002 2324 Denuntiat
1013 2255 1043 2346 ⁷)
1075 2261 1212 2326 dominus
1242 2266 1270 2324 et

219 2404 244 2449 e
258 2378 341 2443 urent:
364 2377 454 2442 narn
475 2376 548 2438 mut
570 2351 715 2457 caeam)
739 2375 772 2435 n
793 2374 848 2436 etto
870 2374 938 2436 use:
971 2375 1117 2454 nomene,
1141 2377 1271 2454 comem,

257 2485 399 2575 nonae⁹J
422 2491 456 2552 ia
478 2497 529 2553 iao
552 2490 673 2552 nomiae
691 2487 941 2567 prophetavimus
946 2534 956 2566 ,
980 2497 1010 2550 et
1023 2489 1058 2551 in
1080 2497 1131 2553 tao
1146 2491 1268 2552 nomine

264 2645 470 2656 'nn—n———a-

328 2717 394 2773 xiil.
421 2718 450 2785 t)
469 2722 505 2773 Se
526 2720 569 2772 eie
588 2716 636 2770 Mc.
672 2714 733 2767 Turn
757 2724 781 2769 et
804 2718 929 2784 quomedo
948 2717 1084 2772 Odrt'etam
1107 2717 1176 2768 idem
1200 2715 1272 2768 liber.

259 2806 374 2862 Proxime
400 2811 524 2862 mentitur
549 2814 572 2860 et
597 2808 667 2859 dicat
693 2806 796 2858 domino
821 2821 918 2872 praem
939 2801 968 2856 Α.
1014 2803 1043 2872 2)
1069 2803 1144 2856 Mare.
1171 2802 1219 2868 13,
1248 2801 1273 2855 6.

258 2897 288 2968 3)
306 2899 403 2951 multoe
426 2899 552 2950 seducent
570 2893 635 2946 Mbc.
671 2893 700 2961 t)
723 2896 752 2946 in
770 2896 873 2946 dormine
891 2891 937 2945 Bb.
979 2893 1044 2944 Voei
1065 2895 1170 2947 nomine
1190 2893 1273 2945 subii-

209 2974 218 2986 ”
260 2988 328 3038 ciunt
345 2988 423 3038 ditus
441 2982 497 3034 cod.
517 2981 558 3033 Md
576 2990 602 3033 et
625 2981 777 3048 exemplaria
801 2989 862 3032 ante
880 2980 968 3034 Boluz.
987 2982 1053 3048 typis
1073 2981 1205 3048 exscripta.
1242 2979 1275 3032 At

260 3072 335 3126 codd.
349 3070 407 3122 Ver.
420 3068 560 3122 Beneveut.
572 3068 612 3120 W.
632 3068 685 3123 rell.
704 3068 820 3120 Menace.
841 3068 891 3120 duo
905 3067 985 3136 Neep.
1004 3067 1103 3121 naun
1120 3077 1147 3120 et
1165 3069 1274 3138 quinque
1307 3117 1308 3122 ,

177 3157 180 3164 ’
261 3158 341 3213 Oxou.
360 3173 410 3210 una
435 3173 492 3207 eum
510 3155 661 3208 Pometiauis
684 3155 890 3225 glossematicum
908 3156 974 3207 istud
991 3155 1187 3208 additamentum
1205 3163 1275 3208 recte

261 3249 384 3298 omittunt.
419 3244 486 3296 Dein
505 3254 529 3298 et
548 3260 594 3312 pro
612 3262 660 3298 nee
677 3261 812 3313 perperam
832 3245 908 3298 habet
925 3246 948 3297 Α
967 3255 992 3298 et
1010 3252 1069 3314 post
1091 3262 1139 3299 nee
1156 3246 1216 3300 Ver.
1234 3248 1275 3298 in-

261 3334 312 3389 teri
328 3337 380 3387 iic.
415 3332 444 3400 5)
464 3341 489 3386 et
507 3331 579 3384 deest
597 3335 622 3384 in
640 3332 689 3384 tib.
726 3333 755 3402 6)
774 3338 883 3404 quisque
894 3333 934 3388 W.
953 3333 1050 3386 Mahcd.
1069 3332 1115 3386 Bb.
1134 3337 1157 3386 Α
1175 3350 1197 3386 c.
1217 3333 1276 3386 edd.

242 3420 306 3475 'SR
324 3419 414 3473 Venet.
434 3422 457 3471 1.
476 3419 602 3474 Deventn
616 3428 643 3472 οι
665 3419 762 3474 Moreil.
787 3421 913 3490 frequenti
937 3421 1130 3489 permutatione.
1167 3421 1225 3476 Vid.
1243 3423 1277 3475 ad

263 3508 324 3578 Cep.
336 3508 367 3562 V.
380 3525 405 3560 m
420 3508 435 3559 5
451 3516 476 3561 et
489 3507 530 3560 1⁰.
561 3509 601 3562 tth
616 3510 685 3562 addit
698 3515 775 3576 enirn,
796 3519 889 3578 puncto
908 3518 966 3561 ente
985 3513 1094 3580 quisque
1112 3508 1276 3578 distinguens.

263 3600 325 3652 Tum
343 3600 412 3666 ntis,
436 3605 464 3648 ut
487 3596 552 3649 solet
574 3598 597 3650 Α
621 3600 734 3668 itemque
755 3599 798 3654 ed.
816 3596 954 3666 Dareum,
979 3602 1017 3653 iia
1035 3596 1081 3650 st.
1100 3597 1189 3649 venet
1210 3598 1233 3652 1.
1252 3599 1278 3650 2.

263 3724 354 3777 nemu.
372 3721 469 3776 Eresos.
505 3721 563 3775 Mox
588 3726 784 3779 observationis
807 3726 853 3778 eia
871 3721 917 3774 Bb.
954 3719 1082 3788 Deinceps
1105 3679 1227 3791 praeder
1246 3737 1278 3772 ex

264 3825 314 3862 ern.
332 3827 354 3863 r.
372 3827 406 3862 m.
424 3807 647 3882 dic‚·pradiuntar
664 3808 708 3862 Ba.
745 3811 774 3878 7)
794 3813 940 3864 Dmuneiot
957 3825 1057 3877 quoq-ue
1074 3823 1111 3876 pr.
1131 3808 1180 3860 ttb.
1212 3805 1278 3860 Pro-

264 3899 332 3950 xime
357 3901 426 3953 dicut
444 3898 474 3952 Δ.
511 3896 629 3950 Ceterum
652 3897 861 3964 nunaunt,
888 3897 929 3948 22.
966 3894 995 3963 8)
1019 3898 1106 3950 dicent
1129 3899 1195 3950 mitit
1220 3895 1278 3947 edd.

266 3992 324 4037 ante
336 3984 428 4038 Manet.
447 4002 535 4039 omnes
553 4002 576 4040 c.
594 3985 691 4039 litoreit.
721 3984 782 4038 Tam
800 3990 829 4040 a'n
846 3989 894 4040 itta
912 3987 956 4039 da'e
972 3983 1022 4036 Mb.
1057 3983 1086 4050 9)
1105 3982 1186 4036 Abest
1204 3981 1278 4038 aBe.

1410 3656 1418 3791 i
