2880 4696
626 371 668 438 ’ib

138 546 201 596 non
218 529 377 613 obsequiis
397 528 611 614 decipientibus
627 533 740 616 tallere,
763 533 817 599 sed
832 533 971 602 remediis
985 534 1160 602 salutaribus

141 645 318 729 prouidere.
362 646 508 728 inperitus
531 654 577 713 est
599 650 741 729 medicus,
765 652 815 733 qui
837 657 983 715 tumentes
1006 653 1161 716 vulnerum

142 761 229 824 sinus
245 757 285 836 ¹¹)
308 780 397 824 manu
420 770 562 843 parcente
585 768 766 844 contrectat,
797 772 828 828 et
852 767 881 828 in
905 766 970 829 allis
991 767 1161 830 recessibus

140 875 293 938 viscerum
311 876 395 938 virus
411 875 566 956 inclusum,
585 876 653 940 dum
669 864 779 956 ser'vst,
795 885 967 963 exaggerat.
1006 880 1160 961 Aperien-

114 987 211 1053 sdum
243 990 352 1053 vulnus
384 996 431 1054 est
447 986 488 1070 ¹²)
521 998 552 1054 et
581 991 743 1056 secandum
766 999 795 1056 et
817 996 1030 1076 putraminibus
1053 1012 1160 1077 ampu-

140 1105 212 1167 tatis
234 1103 351 1166 medela
374 1101 502 1167 fortiore
525 1103 695 1167 curandum.
735 1104 925 1170 vociferetur
947 1113 978 1169 et
1000 1105 1107 1170 clamet
1122 1103 1159 1186 ¹³)

140 1215 212 1278 licet
236 1221 266 1276 et
289 1222 492 1296 conqueratur
514 1233 608 1299 aeger
629 1217 776 1299 inpatiens
798 1237 854 1300 per
876 1219 1023 1301 dolorem,
1046 1223 1158 1304 gratim

141 1337 214 1413 aget
230 1324 270 1408 ¹⁴)
292 1328 489 1410 postmodum,
513 1347 579 1394 cum
601 1332 731 1395 senserit
753 1328 917 1396 sanitatem.

603 1528 700 1598 xut.

229 1671 358 1736 Emersit
380 1673 468 1750 enim,
490 1671 599 1736 iratres
623 1673 813 1755 dilectissimi,
839 1693 950 1739 novum
972 1693 1069 1760 genus
1092 1674 1159 1740 cla-

108 1805 133 1848 m
148 1788 214 1866 dis,
240 1793 271 1849 et
293 1788 378 1868 quasi
400 1807 503 1870 parum
525 1789 743 1871 persecutionis
765 1789 897 1872 procella
919 1791 1075 1870 saevierit,
1104 1809 1160 1854 ac·

141 1904 238 1966 cessit
260 1901 297 1966 ad
321 1901 467 1964 cumulum
483 1898 508 1978 ¹)
532 1902 587 1964 sub
610 1901 834 1966 misericordiae
856 1903 940 1968 titulo
962 1904 1070 1967 malum
1100 1903 1159 1966 ial-

141 2019 210 2081 lens
235 2022 265 2078 et
286 2015 391 2078 blanda
414 2015 571 2097 pernicies.
610 2016 720 2080 Contra
741 2016 889 2100 evangelii
910 2018 1056 2100 vigorem,
1079 2034 1159 2080 con-

141 2139 190 2194 tra
214 2129 325 2192 domini
348 2147 383 2191 ac
406 2129 454 2191 dei
476 2129 576 2212 legem
589 2126 615 2209 ⁹)
641 2131 808 2194 temeritate
831 2127 1016 2212 quorundam
1046 2131 1162 2194 laxatur

144 2245 270 2308 incautis
293 2243 519 2324 conmunicatio,
542 2244 628 2306 inrita
652 2251 681 2306 et
703 2244 777 2308 falsa
801 2264 870 2328 pax,
893 2244 1061 2327 periculosa
1084 2244 1162 2308 dau·

105 2377 132 2421 rs
148 2359 226 2421 tibus
247 2364 277 2421 et
298 2357 371 2421 nibil
393 2356 604 2438 accipientibus
626 2356 789 2438 protutura.
830 2359 899 2424 Non
917 2365 1063 2440 quaerunt
1077 2359 1162 2422 sani-

143 2474 210 2538 tatis
233 2474 400 2557 patientiam
418 2467 456 2550 ³),
480 2489 537 2534 nec
559 2489 660 2535 veram
682 2471 720 2534 de
755 2472 957 2536 satisfactione
979 2473 1162 2540 medicinam.

218 2657 262 2723 11)
280 2657 363 2711 st'mul
386 2671 432 2722 pro
458 2659 538 2710 sinus
556 2653 586 2707 Α.
621 2653 691 2706 ldem
711 2653 803 2708 deinde
819 2666 970 2725 pertractat,
1005 2655 1072 2709 inira
1091 2673 1162 2711 m.

144 2755 221 2818 psrct
239 2743 286 2796 bic.
322 2741 597 2810 retornabunt.
633 2741 745 2793 Alterum
766 2752 790 2795 et
808 2742 867 2794 defit
888 2744 912 2794 in
931 2742 978 2796 bic.
1021 2741 1083 2795 Tum
1106 2763 1162 2813 pn-

145 2837 316 2898 semirutas,
336 2832 404 2900 quod
424 2831 545 2883 exhibent
563 2829 620 2882 edd.
639 2828 736 2882 blorcll.
754 2827 846 2882 Pamel.
867 2829 958 2898 Rigalt.
979 2829 1058 2882 Onon.
1077 2829 1163 2884 Belua.

146 2929 173 2974 et
191 2918 291 2985 Goion,
309 2927 410 2970 tuentur
428 2918 501 2971 codd.
515 2917 555 2971 W.
568 2917 633 2969 biab.
653 2917 675 2967 Α
694 2925 720 2968 et
739 2917 789 2968 duo
808 2916 880 2982 Vat.;
897 2922 1085 2988 paraminibur
1105 2920 1164 2986 (per

144 3013 208 3072 ras.)
224 3005 333 3084 detdic,
352 3013 380 3056 ut
397 3005 488 3074 legitur
505 3005 530 3055 in
551 3002 609 3055 edd.
624 3000 669 3055 SP.
682 3002 769 3054 Venet.
791 3001 812 3054 1.
831 3011 857 3054 et
869 3003 966 3068 Kann.;
983 3008 1164 3073 putaminibus

144 3095 223 3147 babet
240 3093 360 3146 Daventr.
379 3111 401 3145 c.
420 3093 510 3145 Venet.
529 3093 553 3144 2.
572 3100 647 3159 atque
665 3089 772 3156 nemu,
790 3100 869 3160 patra
887 3096 1009 3148 manibus
1029 3092 1090 3159 (sic)
1109 3091 1161 3160 bid,
1245 3113 1249 3120 -

143 3185 339 3252 putraminibus
365 3179 416 3245 Ba,
445 3181 637 3251 putriminibuc
665 3185 782 3248 quattuor
808 3177 877 3244 irat,
903 3184 1087 3249 putredinibus
1113 3177 1162 3233 Bb.

145 3265 447 3320 praemenuerant.
482 3266 597 3318 Proxime
622 3269 744 3331 medella,
770 3274 797 3317 ut
823 3282 914 3333 snpra,
939 3270 1058 3337 scriptum
1076 3271 1101 3320 in
1119 3265 1161 3324 W.

146 3355 187 3408 tta
206 3364 232 3408 et
249 3353 343 3408 binnut.
361 3357 470 3424 itemque
488 3371 526 3424 pr.
545 3355 571 3406 in
590 3353 639 3406 bib.
682 3352 744 3405 Tum
761 3358 874 3423 fortiore
891 3355 933 3424 (rc
952 3372 984 3408 ex
1002 3373 1050 3408 ras.
1071 3363 1160 3423 custo)

145 3447 173 3496 in
191 3443 247 3508 bib,
274 3446 381 3512 tornaci
399 3442 424 3493 in
443 3441 482 3492 bic
506 3450 532 3493 ct
551 3441 582 3494 A.
619 3441 664 3506 13)
687 3445 849 3510 Vociferatur
867 3453 891 3496 ct
908 3447 1002 3498 clunrnt
1020 3443 1060 3495 llld
1080 3461 1102 3496 c.
1121 3443 1162 3496 ed.

147 3531 284 3595 Daventr.;
304 3542 328 3585 et
345 3545 394 3582 om.
408 3531 444 3593 ‚t;
465 3535 557 3584 clamet
568 3547 615 3598 pn,
634 3530 692 3581 dein
706 3533 801 3582 ciamus
813 3528 862 3581 lib.
900 3531 947 3596 14)
962 3533 1016 3602 cpit
1027 3530 1067 3582 W.
1082 3529 1163 3582 Macd.

149 3619 170 3672 Α
189 3628 215 3671 et
233 3635 265 3670 ex
282 3627 342 3670 mut.
360 3634 412 3670 rec.
431 3617 496 3669 illius
514 3634 601 3670 manus
616 3616 667 3683 bib,
686 3615 897 3684 adstipulantibus
909 3617 979 3669 libris
993 3617 1067 3669 editis
1079 3615 1160 3667 Eras-

147 3709 231 3763 miruo
258 3704 452 3775 antiquioribus3
480 3709 517 3760 cit
535 3703 588 3771 Bb,
616 3714 652 3758 att
676 3705 735 3770 (sic)
754 3701 799 3755 Ba.
834 3702 899 3756 Dein
920 3705 975 3774 pud
1001 3699 1030 3770 (i.
1051 3719 1073 3754 e.
1093 3721 1162 3772 quc·

148 3799 227 3863 sinin,
246 3794 298 3846 vid.
319 3793 351 3844 ad
363 3791 418 3844 libr.
438 3794 471 3845 de
491 3792 581 3845 cathol.
600 3791 663 3844 cccl.
678 3793 742 3843 unit.
762 3788 822 3860 Cap.
841 3789 860 3843 l.
879 3807 904 3842 n.
926 3789 979 3855 tt.)
1001 3792 1086 3843 censet
1103 3789 1133 3841 Α.

217 3881 282 3935 Xlll.
312 3880 339 3945 1)
360 3885 498 3950 tumulum,
519 3881 578 3932 dein
590 3883 661 3932 mnia
671 3878 704 3931 A.
739 3878 767 3946 2)
787 3888 877 3933 contra
889 3880 965 3931 doum
979 3893 1010 3930 ac
1025 3878 1067 3930 dci
1082 3880 1163 3948 tcpem

151 3969 198 4024 bid
234 3971 265 4040 3)
282 3972 475 4041 paenitentiam,
492 3977 519 4020 ut
536 3966 602 4020 liber
618 3957 687 4018 Flori
705 3982 745 4034 ap.
764 3964 859 4032 bialum,
878 3973 930 4018 tres
941 3963 998 4017 vu.
1015 3959 1052 4016 aa
1070 3971 1096 4016 et
1112 3961 1161 4018 tto.
