2868 4700
560 387 715 494 'm

669 669 817 738 X..

269 815 334 878 Nae
349 830 383 876 se
398 813 514 896 quidam
530 809 553 890 ¹)
577 831 652 876 vana
674 814 920 897 interpretatione
935 813 1093 896 decipiant,
1117 812 1197 896 qood

182 927 292 990 dixerit
313 926 449 990 domiuus
463 923 506 1004 ²):
531 925 714 1007 Ubicumque
733 928 852 1008 fuerint
865 927 926 992 duo
941 935 996 990 out
1010 934 1073 990 tres
1084 925 1113 1004 8)
1129 927 1198 990 col-

180 1043 252 1104 lecti
266 1043 300 1104 iu
314 1043 435 1105 momine
449 1062 515 1106 meo
522 1089 532 1120 ,
556 1061 611 1123 epo
627 1061 694 1104 cum
709 1044 754 1104 eis
768 1062 842 1106 eum
883 1042 1084 1124 Corruptores
1101 1061 1199 1106 evan-

183 1156 256 1239 gelii
278 1161 367 1236 atque
393 1159 571 1239 interpretes
594 1155 659 1220 falsi
682 1163 815 1220 extrema
843 1164 957 1239 ponunt
979 1165 1010 1220 et
1042 1159 1199 1241 superiora

140 1295 169 1380 'a
181 1277 374 1353 praetereunt
382 1269 421 1351 ⁴),
443 1272 536 1354 partis
558 1289 707 1335 memores
730 1279 761 1334 et
781 1279 895 1354 partem
917 1272 1045 1338 subdole
1072 1274 1199 1355 conpri-

185 1391 310 1448 mentes.
355 1385 393 1448 Ut
422 1385 478 1466 ipsi
508 1384 544 1447 ab
577 1385 705 1448 ecclesia
733 1385 820 1448 scissi
829 1382 861 1469 5)
893 1393 977 1464 sunt,
1012 1386 1049 1449 ita
1082 1387 1201 1469 capituli

184 1503 272 1565 unius
298 1500 477 1564 sententiam
502 1499 648 1564 scindunt.
692 1499 836 1564 Dominus
859 1501 937 1564 enim
960 1519 1027 1564 eum
1052 1500 1202 1582 discipulis

185 1611 287 1698 suis⁶)
309 1615 528 1678 unanimitatem
549 1613 688 1678 suaderet
711 1622 740 1677 et
768 1633 886 1697 pacem:
917 1615 1013 1692 Dico,
1044 1614 1140 1695 inquit
1154 1608 1202 1698 ⁷),

185 1730 272 1793 ocbis
293 1731 436 1810 quonium
447 1723 491 1812 ⁸),
514 1730 543 1791 si
564 1728 683 1792 duobus
705 1748 746 1791 ce
767 1729 855 1792 cobis
869 1729 1046 1792 ccuoeuerit
1060 1729 1094 1790 in
1106 1736 1200 1806 terro,
1266 1721 1269 1727 ’

185 1845 223 1907 de
254 1843 336 1906 ommi
364 1862 416 1920 re,
447 1861 663 1924 quemcumque
688 1844 841 1923 petieritis
848 1889 857 1920 ,
890 1843 1044 1924 conticpet
1073 1842 1203 1906 nobiae

182 1965 273 2038 putre
293 1976 382 2035 meo‚.
400 1959 453 2038 qui
474 1960 507 2020 iu
529 1958 624 2022 coelis
646 1953 736 2036 eat⁹).
783 1956 965 2038 Ubicumque
988 1957 1069 2020 emim
1081 1957 1200 2039 pluerint

144 2083 172 2126 ¹⁰
185 2070 246 2133 duc
269 2076 324 2132 eut
343 2076 406 2132 tres
428 2070 546 2132 collecti
567 2071 601 2132 io
631 2070 752 2132 nomime
773 2087 856 2144 neco,
887 2087 943 2149 epo
965 2089 1033 2131 cum
1056 2071 1200 2147 cissam,

186 2181 349 2246 ostendens
359 2177 404 2267 ¹⁰)
427 2201 488 2247 non
502 2183 687 2260 multitudini,
702 2183 756 2244 sed
773 2183 955 2246 unanimitati
976 2181 1198 2264 deprecantium

185 2297 339 2378 plurimum
364 2297 459 2360 tribui.
501 2297 537 2360 st
551 2297 679 2376 duobus,
696 2297 799 2378 inquit,
815 2316 855 2360 ee
869 2295 957 2359 oobie
971 2293 1200 2380 convene-teu)

187 2410 219 2471 ia
234 2417 334 2486 terro,
358 2410 575 2473 unanimitatem
590 2411 672 2492 prius
687 2409 804 2493 posuit,
829 2407 1019 2472 concordiam
1034 2409 1115 2489 pacis
1132 2414 1201 2470 ante

186 2524 353 2604 praemisit;
378 2531 408 2586 ot
425 2525 583 2586 conveniat
596 2524 694 2604 nobis,
710 2521 836 2586 fideliter
847 2519 890 2606 Ι’1)
907 2528 937 2584 et
952 2521 1076 2600 firmiter
1091 2520 1201 2585 docuit.

145 2654 172 2696 m
187 2636 345 2710 Quomodo
378 2643 474 2699 autem
496 2641 596 2718 potest
618 2637 645 2699 ei
668 2655 733 2700 cum
756 2637 856 2718 aliquo
887 2635 1066 2714 convenire,
1097 2629 1200 2717 cui¹³)

185 2767 251 2811 oum
275 2767 404 2831 corpore
427 2749 520 2829 ipsius
544 2748 691 2828 ccclesiae
715 2754 832 2811 etcum
855 2749 995 2811 universa
1018 2747 1201 2812 fraternitate

183 2879 245 2925 non
281 2863 450 2926 convenit?
495 2861 652 2935 Quomodo
667 2859 709 2945 ¹⁴)
741 2869 868 2944 possunt
900 2861 959 2925 duo
994 2867 1044 2924 aut
1077 2868 1139 2924 tres
1170 2861 1200 2924 in

254 3053 283 3106 X.
311 3053 340 3122 1)
358 3057 395 3109 Ne
412 3072 443 3109 ee
460 3057 562 3124 quidem
573 3052 611 3105 Bb
624 3052 691 3106 οιΑ.
721 3053 838 3105 Proxime
856 3050 1028 3122 decipiotllb.
1064 3050 1093 3118 2)
1112 3049 1200 3103 siut.

185 3139 228 3205 18,
249 3140 291 3193 20.
327 3139 357 3208 3)
374 3144 419 3195 eei
434 3151 490 3194 trec
507 3141 538 3192 tt.
573 3140 633 3192 'lum
653 3156 682 3194 eo
701 3155 748 3207 pro
766 3157 812 3210 epo
830 3137 868 3190 Bb
887 3146 913 3188 et
931 3137 962 3190 tt.
993 3137 1059 3190 Dein
1077 3141 1136 3193 illie
1152 3155 1200 3206 pro

183 3232 224 3282 eie
242 3225 292 3280 Μὰ.
310 3236 336 3280 et
353 3229 410 3281 edd.
429 3227 549 3280 Deventr.
567 3235 645 3297 atque
663 3225 760 3280 llorell.
804 3227 833 3296 t)
859 3235 889 3281 ut
909 3259 938 3268 —
957 3235 1125 3296 praetereunt
1151 3226 1199 3280 blo.

185 3308 314 3384 lle'inceps
336 3325 437 3385 portem
455 3316 506 3381 Ba,
522 3321 620 3386 purtim
638 3315 683 3368 Bb.
719 3315 747 3366 lo
766 3313 815 3366 llb.
834 3317 931 3386 purtim
949 3322 1051 3366 enatam
1072 3329 1087 3366 e
1103 3319 1200 3387 partie.

184 3401 243 3454 blox
259 3405 357 3470 purtim
376 3403 416 3456 W.
440 3403 488 3454 llla.
508 3402 545 3454 ttb
564 3411 590 3454 at
607 3419 621 3454 a
639 3420 659 3454 s.
674 3419 706 3454 m.
726 3401 775 3454 Mb.
811 3401 873 3453 Tum
891 3406 941 3457 eub
959 3405 1018 3456 dolo
1036 3403 1067 3455 tt.
1087 3411 1114 3454 et
1133 3419 1197 3456 coe·-

183 3499 335 3558 rumpeutee
353 3504 398 3555 pro
417 3493 609 3559 comprimentes
627 3491 686 3544 odd.
706 3499 764 3542 anta
776 3489 945 3542 llauutianam
963 3506 1060 3543 omnes.
1096 3489 1127 3552 5)
1145 3507 1200 3542 οω-

183 3579 236 3630 ce'ei
247 3576 297 3643 (pr.
310 3577 429 3645 emcieei)
442 3577 490 3629 llb.
508 3578 624 3630 Proxime
638 3581 732 3646 cupide
743 3577 788 3630 lde.
807 3577 873 3631 Dein
889 3581 1020 3633 sentencie
1032 3580 1062 3629 Α.
1093 3576 1122 3643 6)
1136 3579 1198 3630 euie

182 3679 232 3715 orm
245 3662 282 3726 A;
302 3662 368 3716 idem
386 3665 474 3716 scribit
491 3670 618 3720 unitatem
629 3674 656 3717 ot
666 3681 759 3736 pacem
771 3669 848 3720 dicit.
885 3667 913 3729 7)
927 3665 1012 3717 blatth,
1028 3663 1069 3727 ts,
1087 3661 1198 3716 19-20.

183 3749 212 3815 8)
232 3749 355 3819 puiallb.
384 3749 499 3804 Proxime
517 3755 569 3806 duo
584 3752 621 3804 Bb
638 3759 666 3804 et
683 3769 721 3821 pr.
734 3752 783 3805 llld.
814 3751 851 3804 lta
873 3753 948 3805 etiam
959 3750 1001 3802 tto
1021 3750 1084 3816 (tue
1101 3749 1199 3817 eraso).

183 3837 245 3888 l'nm
266 3841 434 3892 conuerterint
450 3838 500 3891 llb.
518 3839 581 3892 Bab.
600 3840 631 3892 Α.
667 3840 696 3908 9)
716 3852 756 3895 eet
778 3845 807 3896 iu
831 3843 912 3895 euelie
931 3837 980 3889 ldb.
1019 3834 1065 3903 to)
1083 3837 1197 3889 ostendit

182 3923 233 3978 llb.
275 3923 334 3976 ttox
362 3927 511 3997 deprecanti
533 3927 578 3980 un.
615 3931 767 3983 Plurimum
790 3943 839 3981 om.
864 3927 912 3978 lde.
956 3923 1001 3988 ll)
1027 3927 1148 3977 conuenit
1165 3921 1197 3976 Α.

185 4013 231 4085 12)
248 4017 358 4088 fideliter
374 4017 452 4070 nobie
469 4015 501 4070 Α.
538 4015 583 4085 13)
602 4019 648 4088 qui
664 4015 715 4070 llb.
751 4015 798 4084 tt)
815 4015 950 4084 Quomodo
968 4019 1054 4066 eutmu
1071 4007 1147 4063 idean
