2858 4688
648 363 709 426 tae

167 517 288 581 cordiae
320 519 461 600 operibus
492 521 622 584 ostensis
651 522 727 583 viam
758 523 903 604 quandam
932 528 1059 590 tuendae
1083 531 1185 609 solutis

167 635 307 715 aperiret,
332 639 361 694 ut
384 633 493 696 sordes
516 635 722 716 postmodum,
747 643 951 720 quascumque
974 643 1185 724 contrabimus,

168 746 369 827 eleemosynis
400 744 561 808 abluamus.
607 731 752 828 Loquitur
780 751 809 811 in
838 752 991 834 seripturis
1008 748 1034 828 Β)
1064 739 1185 836 spiritus

167 867 288 934 sauctus
312 867 340 922 et
364 861 434 922 dicit
446 855 490 932 ⁹,):
515 861 729 944 Eleemospnis
750 871 779 925 at
796 865 858 943 fida
874 867 988 941 delicta
998 877 1185 948 purpuratur.

167 973 233 1036 Non
259 973 359 1054 otique
382 974 430 1035 itta
455 973 571 1053 debota,
595 994 673 1055 quae
697 976 814 1038 fuerant
837 983 905 1040 anta
926 985 1185 1056 contraotapnam

167 1087 226 1148 itta·
247 1085 355 1156 Christi
387 1085 533 1167 sanguine
565 1093 595 1149 et
626 1087 858 1152 sanctificatione
889 1097 1061 1174 purgantur.
1114 1093 1185 1156 item

167 1199 266 1261 denuo
289 1199 358 1260 dicit
376 1195 429 1273 ¹⁰):
453 1200 542 1261 Siout
562 1219 646 1280 oquo
660 1199 699 1278 ¹¹)
720 1203 894 1283 eoestiupuit
910 1205 1018 1284 iponem,
1041 1205 1090 1268 sio
1104 1208 1184 1288 plee—
1240 1259 1244 1264 .

166 1331 297 1395 moayoo
319 1313 493 1393 eustiupotr
512 1322 683 1392 peccatum.
730 1315 783 1378 Hie
804 1313 841 1392 ¹⁴¹)
870 1336 989 1398 quoque
1020 1320 1185 1383 ostenditur

166 1435 196 1492 et
218 1419 377 1510 probatur,
409 1429 477 1510 quia
504 1431 581 1492 siout
603 1429 723 1493 lavacro
746 1449 842 1512 aquae
864 1431 1003 1528 salutaris
1026 1434 1184 1516 gehennae

61 1565 64 1574 ¹
166 1543 243 1625 ignis
277 1543 493 1635 exstinguitur,
530 1544 568 1606 ita
603 1544 803 1626 eleemosynis
836 1553 927 1627 atque
961 1549 1183 1628 operationibus

166 1656 250 1718 iustis
272 1655 448 1719 delictorum
472 1656 585 1720 flamma
609 1659 732 1740 sopitur.

656 1855 693 1924 ΙΙ.

242 1995 288 2082 ·Ει
299 1994 325 2070 ¹)
340 1999 407 2078 quia
423 1998 515 2059 semet
532 1998 560 2060 in
579 1997 723 2080 baptismo
740 2001 865 2063 remissa
881 2009 1072 2082 peccatorum
1089 1965 1183 2079 datur,

167 2111 289 2174 adsidue
315 2117 344 2172 et
367 2112 445 2193 iugis
471 2114 605 2193 operatio
629 2113 762 2196 baptismi
783 2115 876 2182 instar
891 2116 998 2178 imitata
1016 2116 1063 2178 dei
1079 2133 1184 2179 rursus
1250 2117 1253 2120 ’

165 2323 311 2386 traximus,
331 2325 383 2368 turn
399 2321 547 2371 abnuamus
561 2317 600 2368 ed.
616 2315 678 2368 Dav.
716 2317 744 2382 8)
760 2318 882 2370 omittunt
894 2336 917 2371 v.
931 2324 1034 2375 divinia
1046 2321 1122 2374 codd.
1136 2325 1184 2372 mei

168 2423 255 2459 omnes
275 2415 301 2458 et
319 2395 459 2456 vertetu.
479 2421 500 2454 c.
515 2403 611 2454 Erasm.
633 2403 708 2458 Grau.
729 2405 822 2457 Manat.
843 2415 869 2457 et
885 2406 980 2459 tiarati.
1013 2405 1051 2460 Cf.
1070 2409 1132 2460 infra
1153 2409 1183 2459 ad

168 2511 224 2560 cap.
238 2493 289 2545 Xli.
307 2510 331 2544 n.
347 2495 368 2543 4.
384 2501 410 2544 at
423 2493 458 2543 ad.
469 2507 525 2558 cap.
540 2489 612 2542 Xth.
627 2509 650 2542 n.
665 2493 690 2545 7.
727 2491 824 2545 idcirco
844 2495 962 2560 expunxi.
986 2489 1031 2548 'in
1049 2499 1185 2564 scripturn

168 2583 245 2633 babet
264 2582 294 2632 Α.
336 2581 364 2646 9)
384 2580 445 2634 Tob.
466 2582 497 2644 t,
519 2579 550 2630 10
569 2589 594 2632 et
613 2579 686 2632 Prov.
707 2582 754 2645 15,
774 2581 816 2632 27:
862 2582 905 2646 10)
923 2579 1072 2632 Ecclesiam.
1092 2581 1122 2642 3,
1142 2581 1184 2633 33.

168 2670 212 2726 ttt
229 2667 339 2720 Additur
362 2673 445 2736 iuquit
469 2669 493 2718 io
513 2659 562 2718 mi.
601 2667 648 2719 Pro
667 2673 709 2723 eie
732 2669 768 2719 Db
788 2669 865 2720 habat
883 2672 927 2722 itu.
965 2669 1030 2720 Dein
1048 2680 1204 2739 prorutumx

168 2758 298 2824 extinguit
316 2755 354 2819 A,
377 2759 512 2824 antiopuot
532 2753 580 2806 Mb.
619 2755 664 2821 12)
683 2759 739 2809 Hae
758 2755 789 2806 Α.
824 2756 894 2807 idam
913 2755 978 2806 liber
997 2760 1144 2810 obturabitur
1163 2767 1186 2809 ot

168 2855 234 2898 om.;
261 2844 386 2894 tovaobro
411 2855 543 2906 perperam
570 2839 647 2890 babet
673 2841 801 2906 exemplar
824 2841 885 2892 Dav.
925 2841 985 2892 Tum
1005 2847 1121 2910 petrona
1140 2843 1185 2908 Ba,

169 2929 228 2976 item
248 2928 278 2977 Α.
317 2925 376 2977 Post
400 2929 437 2978 itu
456 2923 571 2974 Batnziua
595 2926 672 2976 tacite
698 2927 803 2976 inseruit
829 2902 960 2992 otsquod
981 2927 1027 2976 soti
1045 2937 1186 2993 agnoscunt

169 3011 229 3064 unt.
267 3011 315 3063 Pro
335 3023 410 3082 otqrra
429 3011 547 3063 scribitur
566 3021 589 3062 at
609 3013 632 3062 in
653 3010 697 3061 Ba.
735 3011 801 3063 Dein
826 3015 949 3080 oporibus
975 3012 1133 3066 exhibentA
1160 3025 1187 3078 et

169 3101 208 3154 ed.
223 3101 314 3152 Manat.
353 3099 469 3150 Correxit
486 3101 526 3148 vir
545 3098 635 3148 doctus
653 3098 677 3149 in
692 3097 803 3168 Gottiug.
824 3099 961 3165 exemplari
981 3104 1184 3170 operationibus.

238 3239 267 3292 ΙΙ.
301 3241 332 3300 'tt
356 3241 386 3292 Dt
406 3237 452 3290 Bb.
490 3237 550 3290 Tum
569 3197 743 3301 romteed⁰(to
762 3240 794 3290 ab
814 3255 832 3290 r.
852 3257 885 3291 m.
904 3243 1044 3308 superam.)
1065 3242 1118 3307 bio,
1136 3259 1183 3296 ra-

159 3331 272 3392 minuto¹
285 3325 321 3392 Α,
340 3328 401 3376 item
423 3323 480 3375 edd.
500 3323 591 3377 Manat.
611 3334 637 3376 et
655 3325 749 3378 Pumel.
788 3325 868 3378 Utitur
887 3325 989 3394 quidem
1009 3326 1101 3379 Noster
1120 3344 1184 3395 pro-

169 3417 263 3466 miscua
283 3423 388 3482 utraque
404 3412 483 3464 forma
500 3412 564 3478 (vid.
578 3412 657 3479 Epist.
671 3413 712 3464 73.
727 3413 758 3465 ad
772 3413 919 3464 lubaianum
932 3429 957 3481 p.
971 3412 1185 3467 131.133-136.

170 3498 228 3553 ibi.
251 3503 326 3566 155),
353 3510 438 3553 tamen
463 3502 487 3552 b.
507 3503 522 3552 Ι.
549 3501 708 3553 retinendum
734 3502 782 3553 tuit
807 3505 940 3569 remissa,
969 3509 996 3551 ut
1016 3501 1054 3551 vir
1074 3501 1140 3554 doct.
1160 3504 1185 3553 in

169 3587 279 3657 Gotting.
306 3589 398 3640 bianut.
425 3590 465 3640 ad.
491 3590 630 3656 axomptari
655 3589 807 3642 emendavit.
846 3589 903 3640 btox
929 3591 1025 3642 daretur
1046 3587 1114 3648 ‚maie
1139 3587 1184 3640 Ba.

168 3677 217 3728 Pro
242 3681 283 3732 dai
307 3677 429 3730 Routbius
454 3681 519 3731 coni.
545 3682 629 3732 deum.
672 3677 772 3730 Deinde
797 3680 987 3748 indutuentiam
1012 3677 1036 3726 in
1062 3676 1118 3727 aod.
1145 3677 1185 3728 ut>

168 3774 347 3818 commutatum
374 3774 412 3816 est
438 3783 493 3816 curn
519 3769 690 3836 iudutpantr'cr.
728 3765 817 3816 Statim
844 3767 975 3834 turpiotur
1001 3763 1121 3815 exhibent
1146 3761 1185 3814 W.

169 3851 252 3902 biabd.
267 3850 364 3904 batn
383 3862 409 3905 et
428 3871 441 3904 a
461 3871 493 3904 rn.
512 3871 549 3921 pr.
565 3853 611 3905 tto.
649 3853 684 3906 lta
702 3855 803 3920 scripsit
822 3854 895 3905 atium
915 3854 953 3902 vir
972 3852 1038 3902 doct.
1058 3853 1083 3902 in
1096 3851 1185 3903 bianu-
1294 3891 1298 3904 .

168 3939 253 3998 danae
270 3939 389 3994 editionis
408 3941 563 4009 exemplari,
590 3942 657 4012 quod
679 3941 816 4014 Gottingae
841 3947 991 3994 asservatur.
1029 3936 1080 3990 Sed
1101 3945 1184 3989 muta-
