2904 4692
638 449 700 516 ll3

158 612 249 690 citur,
281 629 367 692 mam
391 608 538 673 adversus
561 608 656 682 iacula
681 609 745 672 eius
776 617 805 672 et
827 611 885 672 tela
908 609 1177 676 conflictationibus

158 724 291 786 adsiduis
315 722 497 786 dimicatur?
543 721 613 784 Cum
638 723 759 784 avaritia
777 717 808 804 ³)
832 722 936 801 nobis,
970 741 1034 786 enm
1057 723 1179 806 inpudis

137 828 244 914 'eitia‚
276 853 341 897 oum
365 836 426 912 ira,
450 853 516 896 cum
540 833 700 896 ambitione
723 821 901 915 congressio
925 839 985 909 est;
1018 851 1084 896 cum
1107 852 1178 896 car-

57 929 58 934 *
159 949 276 1010 malibus
310 949 408 1026 vitiis,
447 966 512 1010 oum
547 947 708 1009 inlecebris
748 944 951 1009 saecularibus
988 945 1110 1008 adsidua
1150 953 1178 1008 et

160 1061 283 1123 molesia
314 1059 433 1122 luctatio
463 1064 526 1133 est3
559 1058 685 1120 obsessa
701 1034 702 1043 ἵ
718 1074 801 1119 mens
832 1057 959 1121 hominis
990 1063 1019 1118 et
1047 1056 1178 1136 undique

161 1171 269 1234 diaboli
293 1170 483 1232 intestatione
507 1167 612 1230 uallata
636 1168 688 1230 vix
716 1169 845 1230 occurrit
876 1168 1017 1248 singulis,
1049 1169 1100 1232 vix
1124 1187 1178 1232 re·
1282 1235 1292 1256 κ

159 1283 242 1346 sistit.
288 1283 319 1346 Si
336 1284 457 1346 avaritia
474 1288 621 1364 prostrata
638 1290 684 1344 est
695 1278 738 1364 ⁴),
763 1285 898 1364 exsurgit
913 1282 1022 1359 lihido;
1046 1285 1071 1346 si
1087 1284 1177 1348 libido

160 1410 332 1475 compressa
357 1399 411 1472 est,
435 1391 570 1456 succedit
592 1393 711 1456 ambitio
718 1412 728 1469 ;
750 1393 776 1454 si
797 1393 915 1456 ambitio
933 1369 1100 1478 contempta
1124 1403 1178 1476 est,

159 1509 200 1570 ira
224 1513 399 1588 exasperat,
427 1506 511 1570 inilat
533 1508 690 1588 superbia,
725 1507 887 1570 vinolentia
917 1509 1038 1588 invitat,
1070 1510 1179 1576 invidia

160 1620 349 1702 concordiam
383 1621 507 1701 rumpit,
543 1622 697 1683 amicitiam
716 1621 816 1682 -zelus
853 1621 1006 1684 abscindit.
1053 1621 1178 1705 Cogeris

160 1732 338 1796 maledicere
352 1729 393 1814 ⁶),
411 1730 490 1811 quod
508 1729 605 1794 divina
622 1730 673 1792 lex
685 1729 821 1811 probibet
831 1751 840 1807 ;
865 1732 1178 1813 compellerisiurare,

160 1845 241 1926 quod
265 1864 326 1908 non
348 1845 424 1906 licet.
471 1845 528 1906 l'ot
550 1845 777 1926 persecutiones
801 1845 915 1906 animus
936 1828 1045 1908 cotidie
1061 1847 1178 1926 patitur,

161 1964 203 2022 tot
226 1959 367 2045 periculis
390 1966 494 2040 pectus
519 1962 643 2038 urgetur
659 1951 708 2038 ⁶);
733 1964 763 2018 et
786 1955 914 2018 delectat
941 1956 988 2018 bic
1010 1958 1088 2018 inter
1111 1957 1176 2018 dia·
1238 1969 1240 1976 ’

103 2048 111 2056 ἡ
162 2071 222 2133 boli
245 2069 363 2153 gladios
387 2069 435 2132 diu
460 2076 652 2148 stare‚cum
676 2070 771 2150 magis
794 2069 1065 2149 concupiscendum
1089 2073 1126 2134 sit
1150 2082 1179 2136 ct

161 2320 199 2382 A,
227 2322 371 2374 ademeram
392 2320 482 2370 iacula
501 2313 546 2366 lib.
592 2316 622 2382 3)
647 2315 744 2366 Laudat
768 2315 793 2369 b.
812 2316 828 2368 l.
849 2321 878 2370 S.
900 2323 1066 2389 depastione
1090 2335 1178 2378 contra

162 2405 314 2472 duasepist.
335 2405 421 2472 Palog.
442 2403 468 2455 b.
488 2401 530 2452 iv,
550 2419 572 2454 c.
593 2403 634 2454 10.
654 2405 678 2467 §.
695 2401 736 2455 27.
757 2401 783 2452 T.
803 2402 832 2452 Χ.
853 2419 877 2468 p.
896 2403 955 2456 486.
975 2405 1026 2457 ΑΒ.
1047 2416 1073 2461 at
1091 2420 1178 2466 contra

160 2491 247 2543 lulian.
262 2492 348 2560 Pelag.
369 2491 395 2542 L.
410 2489 439 2541 ll.
460 2507 482 2539 c.
498 2475 522 2539 b.
544 2492 568 2554 §.
584 2491 626 2541 25.
645 2488 671 2540 t.
685 2506 707 2540 c.
728 2505 752 2556 p.
767 2490 828 2542 542.
841 2488 868 2540 C.
908 2491 985 2544 Voce.
1002 2510 1073 2566 seqq.
1093 2502 1178 2564 nolis,

161 2596 221 2632 cum
247 2582 403 2647 inpudicitia
432 2593 481 2630 um.
511 2578 541 2627 Α.
590 2577 638 2628 Pro
665 2582 708 2630 ira
736 2577 773 2628 Ma
801 2593 838 2644 pr.
866 2579 1002 2632 exhibebat
1028 2586 1178 2638 iracundia.

161 2662 276 2716 Proxime
300 2674 359 2732 post
384 2670 460 2720 vitiis
487 2666 528 2716 ed.
556 2664 619 2720 Dav.
640 2665 716 2715 addit
741 2683 801 2718 eum
825 2671 1052 2736 concupiscentiis
1077 2677 1178 2725 carnia.

161 2749 226 2800 Dein
251 2755 363 2804 assiduo
387 2761 410 2804 et
435 2755 508 2820 iupis
531 2762 554 2804 et
571 2755 682 2804 molesta
701 2750 794 2803 babent
813 2751 871 2802 edd.
891 2761 962 2816 vett,
983 2753 1080 2805 Erasm.
1103 2765 1179 2824 atque

162 2834 252 2898 Grau,
279 2843 378 2901 septem
397 2837 472 2886 codd.
493 2835 578 2886 Baluz.
600 2845 625 2886 et
644 2844 761 2903 quattuor
780 2836 889 2902 Anglici.
927 2837 977 2888 Sed
997 2839 1075 2890 multo
1095 2841 1179 2906 plures

161 2919 217 2971 libri
273 2919 376 2974 baluzio
401 2924 500 2972 excussi
525 2936 597 2972 vocc.
619 2931 642 2974 et
660 2925 732 2988 inpie
752 2936 801 2970 non
821 2929 968 2986 agnoscunt.
1005 2923 1112 2974 Exstant
1131 2942 1178 2976 ea-

162 3007 219 3057 dem
239 3023 322 3074 neqce
341 3009 366 3058 in
387 3009 449 3057 meis
469 3007 553 3070 codd,
573 3022 657 3073 neque
674 3021 715 3072 ap.
729 3005 754 3056 S.
771 3008 901 3073 Augustin.
915 3005 979 3056 loco.
994 3010 1047 3059 citt.
1080 3007 1179 3062 Deinde

162 3111 235 3148 mene
259 3099 393 3148 bornicum
419 3094 505 3145 scribit
530 3093 565 3144 Bb
592 3101 618 3143 el
641 3095 707 3145 nudi
729 3097 790 3162 quia
815 3106 861 3160 pro
886 3096 1000 3162 undique
1024 3097 1053 3145 Α.
1092 3095 1179 3148 Statim

161 3183 254 3234 subacti
279 3180 338 3231 dant
357 3180 415 3231 edd.
437 3189 497 3231 vett,
517 3197 539 3230 c.
559 3178 655 3231 Erasm.
676 3187 702 3230 et
720 3179 793 3231 Gran.
831 3177 878 3230 Pro
903 3184 954 3234 via:
978 3197 1111 3249 perperam
1136 3189 1181 3237 etc
1258 3203 1259 3208 ¹

163 3301 214 3365 Ba,
242 3311 293 3352 tum
312 3277 338 3305 m
356 3305 474 3371 simpatia
494 3306 520 3367 (a
539 3318 571 3354 m.
592 3305 644 3369 pr.)
663 3300 709 3352 tiu.
756 3303 784 3365 4)
808 3311 832 3356 et
857 3316 903 3369 prc
928 3313 969 3357 eet
990 3303 1019 3354 Α.
1058 3305 1133 3356 Vocc.
1153 3309 1180 3360 aa·

162 3391 243 3445 tilido
262 3404 310 3456 om.
331 3392 360 3440 Α.
399 3392 550 3458 Oonpreene
569 3404 615 3455 pro
634 3406 789 3458 compresse
805 3388 925 3442 exhibent
947 3389 1031 3454 blbcd,
1053 3407 1180 3459 oppresse

163 3474 251 3526 scribit
268 3473 313 3526 Bb.
350 3475 407 3526 biox
427 3486 450 3528 et
468 3478 542 3544 iudet
561 3475 611 3539 ttb,
630 3483 681 3526 lum
700 3479 847 3530 vinulentia
862 3474 900 3524 W.
914 3475 963 3537 lle,
983 3477 1042 3526 item
1061 3491 1099 3540 pr.
1115 3474 1179 3528 blbc.

163 3559 213 3612 Pro
233 3564 327 3615 incitet
345 3561 468 3612 Routbius
487 3563 553 3614 coni.
573 3565 669 3616 irritet.
707 3560 771 3611 Dein
790 3563 901 3614 abscidit
920 3559 959 3611 W.
977 3560 1059 3611 blacd.
1083 3559 1127 3611 Ra.
1151 3561 1179 3614 A.
1235 3576 1237 3579 ·

164 3648 192 3710 5)
211 3654 279 3702 mete
297 3643 383 3703 dicare
402 3648 433 3712 Α,
452 3652 626 3703 maledicere
643 3647 695 3699 bid.
731 3647 792 3699 Tum
811 3649 872 3700 dioc
891 3651 936 3700 tec
955 3647 1001 3698 bia.
1033 3649 1089 3698 th.
1107 3647 1179 3699 Rom.

166 3733 206 3798 12,
228 3734 267 3785 il.
305 3733 369 3787 Dein
390 3739 546 3805 compelleris
567 3735 615 3786 ldb.
654 3734 753 3786 Retinui
772 3737 946 3802 compelleris.
977 3735 1035 3785 vid.
1059 3737 1180 3803 chner.

162 3819 179 3872 l.
199 3837 221 3872 c.
246 3837 270 3887 p.
291 3820 349 3874 412.
386 3823 483 3873 vitiose
510 3825 667 3893 compellitis
686 3821 724 3886 A,
753 3825 921 3890 amplecteris
940 3818 987 3872 lib.
1022 3821 1061 3873 De
1086 3835 1113 3871 re
1139 3821 1180 3872 adi

164 3906 249 3958 biattlr.
270 3910 301 3972 5,
322 3909 364 3960 34.
408 3909 438 3976 6)
458 3921 586 3979 urpueter
605 3909 642 3959 lla
661 3917 687 3959 et
706 3905 757 3972 Ba,
782 3919 858 3978 serpet
877 3907 916 3957 W.
955 3907 1076 3958 blendcse
1093 3905 1181 3976 plodio

163 3996 278 4049 oie-din
302 4005 375 4070 atara
394 3995 442 4056 bia.
480 3995 548 4046 ldem
573 3994 636 4046 liber
658 3998 812 4062 elimam,
841 3993 900 4047 dein
918 3996 1112 4048 calamitatem
1130 3990 1181 4056 bib,

864 4079 974 4152 ‚¹8
