2858 4688
747 373 809 438 too

269 533 374 614 iaciat,
405 535 490 616 quasi
519 551 580 598 nou
610 531 649 596 de
678 530 802 617 captatis
832 546 1016 594 annonarum
1046 530 1236 594 incrementis
1261 539 1293 596 ot

267 649 431 734 pretiorum
465 647 592 710 cumulis
626 645 800 728 iiaqrantior
835 643 953 725 inopiae
987 642 1078 707 ardor
1112 651 1292 722 excrescat5

269 762 405 846 quereris
422 760 499 824 cludi
512 757 540 837 ⁴)
558 759 700 824 imbribus
717 758 842 835 caetum,
864 775 931 823 oum
947 758 991 818 sio
1007 756 1115 820 horrea
1132 757 1290 822 otndantur

268 878 297 940 in
320 877 427 953 terris-3
450 874 587 957 quereris
610 875 708 937 minus
730 873 823 950 nasei,
846 871 932 953 qnasi
955 889 1033 951 qnae
1057 878 1125 934 nata
1147 849 1217 936 sunt
1239 874 1291 936 in-

270 990 439 1073 digentibus
461 988 662 1071 praebeantur
670 1008 680 1064 ;
712 991 826 1068 pestem
851 985 1189 1065 stipendiumne,
1223 1005 1291 1050 eurn

268 1107 355 1187 peste
377 1103 440 1186 ipsa
464 1109 493 1166 et
516 1103 564 1166 tue
586 1102 636 1165 voi
659 1101 776 1164 detecta
799 1099 928 1164 siniret
951 1106 1038 1162 anota
1069 1099 1192 1162 erimina
1223 1100 1292 1162 sin-

268 1216 424 1300 potorum,
463 1215 531 1280 durn
568 1237 626 1282 neo
662 1216 785 1294 intirmis
823 1215 982 1278 exhibetur
1019 1213 1224 1282 misericordia
1261 1221 1292 1278 et

269 1326 418 1392 defunctis
450 1330 572 1392 avaritia
602 1329 693 1392 inhiat
723 1345 758 1390 ao
788 1327 899 1409 rapina.
945 1324 1027 1388 idern
1045 1323 1072 1398 ⁵)
1105 1326 1141 1390 ad
1171 1327 1291 1409 pietrtis

269 1441 446 1522 obsequium
479 1441 589 1522 timidi,
623 1440 660 1504 ad
694 1441 782 1522 irnpia
815 1439 899 1504 turra
934 1440 1101 1518 temerarii,
1139 1439 1291 1521 fugientes

269 1552 457 1626 morientium
490 1553 596 1622 funera
626 1559 656 1620 et
687 1551 862 1634 adpetentes
892 1549 988 1632 spolia
1020 1557 1223 1630 mortuorum,
1258 1559 1292 1616 nt

270 1663 410 1748 adpareat
440 1665 469 1728 in
499 1663 686 1746 aegritudine
717 1681 771 1726 sua
803 1663 930 1728 miseros
961 1662 997 1727 ad
1028 1663 1087 1728 boo
1112 1664 1235 1729 forsitan
1260 1671 1291 1728 et

269 1775 431 1843 derelictos
454 1794 534 1856 esse,
558 1796 597 1840 ne
618 1778 746 1859 possint,
770 1775 1012 1855 denonantur,
1036 1775 1177 1840 evadere.
1215 1778 1291 1842 Nam

268 1892 369 1972 perire
393 1909 516 1974 aegrum
539 1891 633 1954 votuit
656 1867 851 1973 qnioensum
873 1891 1026 1972 pereuntis
1050 1890 1169 1954 invadit.
1202 1913 1206 1922 ·

268 2101 438 2168 mqrantinrn
456 2095 487 2148 W
506 2105 532 2148 et
551 2097 597 2148 bia.
635 2095 751 2149 Proxime
769 2101 903 2150 inoruent
921 2093 969 2147 bib.
1007 2096 1037 2162 i)
1057 2094 1094 2148 ita
1109 2097 1149 2150 W.
1168 2097 1233 2152 iiad.
1252 2100 1289 2152 sa

270 2209 296 2252 et
313 2218 351 2267 pr.
372 2201 428 2266 bib,
456 2219 470 2254 a
494 2217 546 2254 aee.
572 2209 656 2254 aarum
682 2217 746 2254 man.
767 2177 869 2262 et⁶ardi3
898 2199 1019 2252 exhibent
1044 2203 1117 2256 rtndi
1142 2202 1202 2254 item
1228 2205 1289 2258 edd.

269 2287 367 2340 Erasrn.
394 2287 469 2340 Grnr.
494 2287 588 2340 bianut.
614 2286 710 2340 bioreit.
736 2282 830 2338 Pamei.
856 2295 882 2338 et
907 2285 999 2352 bigati.
1026 2304 1048 2339 c.
1074 2286 1171 2355 Onon,
1199 2294 1291 2348 alauda·

270 2376 352 2428 ceteri
370 2374 427 2426 iibri
446 2375 534 2442 scripti
554 2381 580 2426 ot
599 2373 670 2426 editi.
707 2372 809 2424 Deinde
824 2375 966 2426 eludantur
979 2373 1066 2426 W.iia
1080 2375 1289 2434 eternorum.

269 2464 479 2530 recentioresque
497 2468 599 2528 praeter
611 2458 696 2512 Boion.
717 2469 743 2511 et
756 2459 855 2524 Geton,
874 2461 899 2510 in
917 2459 1019 2526 quibos,
1037 2469 1065 2514 nt
1083 2463 1108 2514 in
1129 2463 1203 2516 codd.
1221 2466 1289 2532 reti,

270 2559 350 2602 exstat
369 2553 540 2602 diradantur.
575 2545 630 2597 vid.
650 2546 682 2598 ad
701 2545 795 2598 domin.
816 2555 879 2598 orat.
899 2562 954 2614 cap.
974 2545 1050 2599 ttxtt.
1074 2557 1127 2600 not.
1147 2550 1171 2602 t:
1209 2550 1288 2606 Omisi

269 2653 354 2702 nune,
375 2635 442 2702 qnod
463 2641 521 2684 ante
539 2636 630 2686 minus
649 2638 728 2687 narei
746 2634 899 2686 interserunt
921 2635 997 2686 codd.
1018 2637 1076 2688 Ver.
1097 2637 1220 2705 (ineunte
1238 2639 1288 2692 Ri-

269 2721 361 2788 qaitio]
385 2728 411 2771 et
437 2718 477 2770 bid
504 2720 683 2789 editionesqne
705 2719 801 2772 bioreii.
821 2719 908 2774 Baton.
928 2730 954 2773 et
972 2721 1078 2788 Goion,
1105 2713 1289 2792 praeeuntibus

269 2809 362 2859 ceteris
381 2805 452 2858 libris
466 2815 521 2872 'tana
539 2808 648 2873 scriptis,
669 2823 742 2877 qnnrn
762 2807 846 2860 editis.
882 2807 944 2860 Tum
956 2812 1151 2879 indnipsntidau
1163 2816 1290 2880 proterat

269 2894 347 2948 babet
365 2892 403 2959 Α,
428 2904 452 2948 et
471 2912 532 2948 rnen
550 2893 594 2946 Ba.
630 2894 699 2946 idern
722 2911 771 2946 nna
791 2911 847 2946 cnm
866 2893 922 2960 tto,
947 2896 972 2946 in
991 2911 1041 2963 qno
1060 2896 1108 2948 init
1125 2900 1240 2964 detorta,
1261 2907 1290 2948 et

270 2983 291 3034 Α
310 2993 374 3037 aunt
391 2984 526 3050 prosint,
553 2997 611 3034 inex
630 2985 766 3037 robiietnr
784 2981 821 3047 tt,
847 2981 942 3034 deindo
961 2987 1083 3037 nonduin
1100 2987 1217 3038 initiante
1234 2988 1287 3038 da-

267 3074 377 3140 piuntnr
394 3086 526 3140 possessu
545 3069 586 3120 ed.
608 3067 682 3134 Dan,
704 3081 726 3122 et
744 3071 839 3138 rapina
857 3067 888 3119 A.
924 3069 953 3134 5)
973 3067 1009 3121 ita
1028 3069 1068 3122 W.
1088 3069 1153 3122 ttab.
1174 3069 1233 3123 Bab.
1254 3071 1288 3136 tt,

269 3161 352 3220 idest,
378 3156 445 3224 qnod
471 3172 501 3207 ex
526 3158 594 3208 idem
618 3163 717 3207 enatum
737 3155 851 3222 ridetur,
878 3155 935 3221 bio,
959 3159 1018 3210 ideo
1037 3155 1094 3222 tid,
1120 3161 1198 3212 iidem
1215 3157 1287 3226 vuiq.

269 3241 356 3316 Statim
382 3245 414 3295 od
437 3245 556 3310 pietatem
580 3243 665 3294 timidi
683 3241 722 3306 A,
750 3251 775 3296 ei
797 3249 830 3297 ud
852 3246 933 3312 impio
951 3242 1009 3308 bib,
1036 3261 1117 3314 opero
1133 3260 1180 3311 pro
1198 3248 1287 3314 irrora,

268 3336 320 3379 tunt
337 3315 500 3396 snpienoinm
519 3329 549 3377 tt.
588 3325 688 3378 Deinde
707 3331 856 3397 adpetentes
875 3329 914 3380 W.
935 3329 1000 3382 birb.
1020 3329 1054 3381 ss
1073 3338 1100 3383 et
1118 3332 1159 3383 ed.
1180 3332 1287 3398 Mureti,

269 3423 416 3485 appetenter
441 3413 507 3482 rniq.
550 3409 622 3463 Coni.
649 3413 682 3467 nd
706 3415 826 3467 dominic.
851 3425 915 3468 orat.
942 3433 997 3484 cap.
1018 3416 1059 3468 tx.
1072 3426 1137 3470 not.
1157 3419 1180 3470 9.
1222 3419 1287 3473 item

219 3521 222 3530 ’
269 3507 394 3572 adpareat
411 3515 458 3569 pro
478 3511 603 3571 appareat
620 3500 717 3554 bioreti.
754 3502 793 3555 De
813 3521 862 3574 qna
881 3507 1003 3572 scriptura
1024 3506 1074 3557 vid.
1091 3511 1212 3578 bt'npnrr.
1232 3508 1247 3561 Ι.
1262 3525 1287 3562 e.

269 3608 291 3658 p.
313 3589 363 3640 407
384 3605 422 3657 sq.
459 3591 606 3656 Appareoat
632 3598 658 3642 et
684 3593 718 3644 nd
743 3595 790 3645 beo
817 3594 941 3660 reperitur
966 3595 991 3643 iu
1011 3596 1041 3644 Α.
1077 3592 1226 3647 Particularn
1250 3604 1285 3664 et,

269 3692 344 3745 quam
363 3673 482 3742 Cypriani
502 3677 661 3729 cousuetudo
680 3677 778 3746 flagitat
797 3679 860 3744 (vid.
880 3679 911 3730 ad
930 3679 1021 3732 Donat.
1041 3698 1097 3750 cap.
1110 3681 1152 3734 iii.
1172 3691 1215 3734 not
1239 3683 1287 3748 1.),

268 3764 475 3830 interposuerunt
493 3762 542 3814 iarn
561 3764 645 3816 editor
663 3765 721 3817 iibri
739 3765 803 3819 Dav.
823 3775 849 3818 et
868 3766 990 3820 Manubus
1008 3776 1189 3837 praestentque
1208 3769 1287 3822 codd.

270 3849 309 3900 W.
330 3848 395 3902 ttan.
416 3848 439 3900 Α
457 3857 484 3900 et
502 3858 620 3918 quattuor
639 3851 747 3921 Anqtici.
784 3851 880 3904 Eam'a
900 3869 931 3904 m.
951 3870 989 3922 pr.
1009 3854 1094 3906 itidem
1113 3854 1224 3913 babebat
1237 3855 1287 3910 bie.

269 3933 330 4006 Tum
347 3946 456 4008 possent
474 3936 567 4009 iegitur
585 3939 617 3988 in
629 3938 688 3990 Ver.
