2882 4692
745 373 784 436 t2

257 531 458 612 indulgentiae
481 529 621 594 caelestis
645 529 767 612 adlapsa
793 531 955 594 clementer
985 529 1120 593 dominus
1149 528 1275 608 induxit,

257 647 285 708 in
309 645 397 708 animi
421 645 596 708 oblectantis
620 644 748 726 hospitio
774 645 850 706 iuste
874 645 1049 725 operatione
1069 649 1214 720 teneatur,
1237 661 1275 705 ne

256 765 377 839 eccepto
401 759 547 822 securitas
572 757 784 840 indiligentiam
808 757 901 839 pariet
919 763 947 818 el
963 763 1050 820 velue
1066 758 1165 822 denuc
1182 757 1274 823 lroslis
1319 821 1326 824 .

256 872 389 952 obrepat.

740 1068 786 1138 il.

343 1213 480 1278 Celerum
504 1214 529 1276 si
552 1220 582 1276 lu
605 1214 803 1289 innocentiae,
831 1212 855 1274 si
873 1209 896 1287 ¹)
919 1211 1048 1274 iustiliae
1072 1211 1148 1274 viam
1171 1218 1275 1274 teneas

255 1328 366 1410 inlapse
396 1327 531 1391 lirmilalc
561 1328 678 1410 vestigii
707 1327 765 1405 lui,
797 1327 821 1387 si
846 1326 874 1386 in
899 1323 985 1388 deum
1010 1324 1127 1386 viribus·
1147 1325 1217 1386 lotis
1240 1343 1275 1387 ac

255 1447 317 1505 toto
342 1440 433 1503 corde
456 1457 621 1522 suspensus
644 1441 701 1515 quc
725 1441 766 1502 sie
795 1445 921 1516 tantum,
945 1437 1024 1518 qnod
1048 1419 1116 1500 esse
1141 1439 1274 1520 coepisti,

254 1558 364 1615 tantum
388 1553 438 1614 libi
462 1552 497 1615 ad
520 1553 667 1615 licentiam
691 1551 792 1628 dator,
826 1556 964 1631 quonium
993 1551 1107 1632 gratiae
1136 1551 1273 1633 spiritalis

253 1671 389 1745 augetur.
434 1665 500 1728 Non
525 1667 612 1742 enim,
638 1660 729 1745 qui-2)
751 1661 978 1750 belneliciorum
1001 1665 1185 1729 terrestrium
1208 1683 1272 1730 rnos

248 1785 310 1858 est,
334 1781 362 1841 in
387 1779 574 1863 capessendo
598 1796 721 1842 munere
745 1779 866 1841 caelesti
891 1797 1028 1842 mensura
1053 1779 1108 1842 ulla
1133 1781 1180 1843 vel
1202 1798 1271 1843 mo·

255 1891 310 1954 dus
333 1900 387 1955 est.
426 1893 581 1957 Prolluens
604 1894 727 1976 largiter
750 1894 869 1974 spiritus
894 1894 980 1956 nullis
997 1893 1103 1956 linibus
1120 1895 1270 1975 premitur,

254 2119 279 2170 in
298 2119 339 2170 ed.
355 2116 437 2169 Belua.
460 2120 561 2186 irrepsit
579 2122 803 2189 attemperatione.
838 2117 935 2170 Vitiare
954 2121 1104 2184 operatione
1116 2117 1207 2170 'scribit
1224 2117 1269 2170 ilc.

253 2203 281 2256 iu
299 2221 370 2274 seqq.
389 2223 423 2259 aa
441 2214 584 2258 correctum
603 2215 642 2258 eal
661 2223 676 2258 e
695 2223 742 2260 nac
759 2207 807 2271 (ita
821 2205 860 2256 lla
880 2215 906 2256 el
923 2221 960 2272 pr.
973 2203 1017 2269 W)
1038 2213 1065 2256 el
1083 2207 1272 2276 indilipeatliaaa

254 2308 286 2343 ex
310 2295 500 2362 indulpeoliaua
524 2295 547 2344 in
568 2293 623 2359 ill,
652 2298 679 2348 ai
702 2297 891 2364 neplcpantiaan
914 2292 990 2346 habet
1012 2291 1057 2344 ilc.
1095 2291 1160 2344 Deio
1178 2303 1202 2347 el
1219 2307 1269 2344 cm.

254 2377 287 2427 W
305 2386 331 2430 el
349 2369 418 2444 diac,
437 2384 544 2435 aleator
562 2397 608 2448 pro
629 2394 653 2435 el
670 2393 748 2436 velue
767 2381 809 2431 dat
827 2380 865 2443 tt,
884 2385 914 2433 de
932 2397 1000 2434 noco
1020 2379 1059 2442 tt,
1079 2383 1195 2448 olrepldt
1213 2379 1243 2430 Α.
1326 2405 1331 2415 =

301 2486 365 2568 Ἧι.
406 2521 431 2582 1)
450 2522 477 2572 ei
495 2529 524 2571 lea
543 2515 590 2569 tlt.
627 2517 743 2568 Proxime
761 2467 881 2570 ἔὲιιιινιταῗη
900 2514 942 2566 Βι.
979 2513 1041 2566 Tum
1060 2522 1087 2570 ei
1104 2521 1202 2588 illapsa
1218 2523 1270 2590 pir·

255 2609 344 2658 mitola
362 2607 469 2673 caellpii
487 2608 526 2656 lui
539 2608 645 2657 incedas
659 2605 760 2670 scripsit
772 2602 908 2666 Pumilus,
928 2619 1002 2670 quem
1016 2605 1096 2657 seculi
1109 2614 1167 2656 sunl
1179 2603 1270 2673 Rigalt.

256 2689 336 2742 Onon.
357 2699 383 2741 el
403 2689 517 2741 Batonius
536 2706 558 2740 c.
579 2689 743 2742 Goldlrornio.
781 2689 830 2742 Sed
851 2691 900 2739 mei
921 2687 993 2740 codd.
1014 2697 1121 2757 excepto
1142 2688 1178 2740 Bb
1199 2695 1226 2744 ei
1246 2702 1272 2744 ct

254 2779 362 2830 incedas
381 2792 431 2828 nco
451 2784 597 2844 agnoscunt.
633 2775 716 2840 Quare
736 2777 853 2844 expunxi.
891 2777 999 2844 inlapsa
1018 2774 1046 2842 (i.
1067 2790 1089 2828 c.
1109 2780 1271 2848 conlapsa)

255 2882 301 2934 pro
320 2864 413 2933 vulgat.
433 2867 529 2931 illapsa
544 2866 630 2933 recepi
643 2879 674 2916 er
688 2863 727 2916 W.
742 2863 798 2915 tteb
816 2870 840 2912 el
855 2860 918 2926 Bab,
938 2861 1085 2929 quibuscum
1101 2861 1162 2916 tecit
1175 2863 1270 2918 Morell.

256 2953 331 3015 Dein,
350 2960 376 3003 ul
389 2950 496 3017 morell,
516 2951 552 3004 Bb
572 2961 598 3004 el
617 2968 629 3002 a
648 2968 668 3003 a.
688 2968 721 3003 nn.
736 2949 777 3002 Mb
796 2947 891 3002 haireni
911 2952 1032 3020 eealipa'ie
1050 2953 1112 3006 luia.
1150 2952 1177 3004 ln
1197 2953 1270 3006 clau·
1353 2973 1356 2978 ·

255 3040 308 3092 sula
326 3042 478 3108 apirdualie
497 3038 536 3090 tid
555 3039 630 3107 idque
650 3047 803 3091 constanter.
844 3038 871 3100 2)
891 3041 948 3094 Nou
968 3041 1036 3092 enim
1054 3042 1087 3092 aa
1104 3044 1209 3096 modum
1227 3047 1272 3112 qui

255 3125 285 3176 Α.
322 3124 371 3177 Pro
396 3129 441 3194 qni
465 3124 505 3176 llll
530 3133 554 3176 et
579 3123 615 3176 Bb
640 3129 736 3194 qualia.
774 3121 835 3175 Tum
859 3129 887 3177 in
912 3127 1031 3191 lenaplcic
1054 3141 1145 3182 aarum
1164 3127 1204 3180 ed.
1225 3128 1270 3180 SP.

332 3213 346 3248 d
363 3209 368 3220 .

255 3334 364 3385 caelesti
380 3345 431 3382 ona.
447 3330 505 3384 Ver.
526 3340 551 3383 et
568 3334 617 3383 mei
636 3333 711 3385 codd.
732 3348 820 3385 ornnes
839 3342 942 3402 practer
961 3332 1008 3384 lld.
1047 3333 1167 3388 Similiter
1179 3335 1271 3389 Noster

255 3416 336 3485 Epist.
355 3415 461 3469 lxxvi.
486 3435 510 3486 p.
531 3417 596 3469 1⁵6:
627 3417 653 3469 Si
681 3428 763 3472 eutem
793 3420 913 3488 baptizari
942 3435 993 3471 nco
1021 3429 1127 3487 possunt
1153 3424 1196 3492 qui
1222 3424 1270 3476 ian

255 3504 379 3574 baptismo
399 3505 572 3558 ecclesiastico
591 3506 738 3559 sanctificati
763 3516 836 3572 eunt,
864 3524 909 3559 cur
933 3507 957 3558 io
982 3506 1031 3560 tide
1058 3522 1100 3559 aua
1127 3517 1152 3559 el
1178 3508 1271 3562 domini

256 3591 413 3659 indulgentia
432 3590 653 3645 scandalizantur?
688 3595 727 3646 Au
748 3596 879 3646 consecuti
897 3603 955 3646 aunt
974 3593 1076 3662 quidem
1095 3597 1202 3664 gratiana
1221 3595 1270 3647 do·

256 3681 382 3743 clinicam,
400 3679 445 3730 scd
466 3678 583 3730 breviore
604 3688 629 3731 et
648 3683 745 3732 minore
764 3696 880 3733 mensura
899 3682 1007 3733 moueris
1026 3681 1105 3754 divini
1122 3697 1153 3734 ac
1168 3683 1272 3750 spiritus

255 3766 352 3830 sancti,
377 3773 404 3816 ul
422 3764 563 3819 habeantur
581 3764 681 3834 quidem
700 3763 850 3832 Christiani,
873 3782 923 3819 ocu
942 3767 992 3819 aiut
1009 3776 1092 3820 tamen
1111 3769 1204 3820 ceteris
1222 3767 1270 3818 ad-

256 3850 402 3922 aequandi?
438 3851 504 3916 Quiu
530 3852 604 3904 immo
630 3853 733 3920 spiritua
756 3863 860 3906 sauctus
884 3869 934 3906 non
960 3854 992 3905 ad
1020 3869 1162 3907 mensuram
1188 3854 1271 3919 detur,
1323 3874 1327 3884 ·

256 3937 300 3990 aed
319 3951 397 4005 super
415 3937 563 3992 credentem
581 3947 650 3991 totus
669 3939 814 3993 iulunditur.

256 3247 312 3298 llox
347 3221 368 3248 ἰ
385 3263 493 3299 maner-e
513 3245 614 3298 exhibet
634 3244 689 3309 lllb,
716 3260 824 3300 cauom
842 3249 932 3300 dieiuo
952 3244 1015 3298 llicl.
1036 3261 1076 3314 ap.
1098 3245 1270 3312 oxoniensem
1383 3249 1388 3256 “
