2880 4696
695 339 813 438 rae⁴

189 511 195 520 “
220 505 334 568 munda
354 510 484 570 utuntur
506 507 599 588 quani
621 523 685 570 nan
706 513 854 581 utentum
872 506 1025 586 praeterat
1041 505 1121 570 enin
1134 509 1238 592 flaura

218 619 311 681 tutus
334 621 450 682 mandi.
503 620 609 684 Petrus
638 621 742 698 etiam,
773 623 821 683 ani
851 637 925 684 oves
956 636 1026 683 suas
1056 618 1194 685 dominus
1209 619 1237 702 ⁶)

218 732 384 814 pascendas
407 733 593 816 tuendasque
616 733 816 814 commendat,
847 751 939 817 super
968 752 1056 816 quem
1084 737 1185 817 posuit
1207 743 1237 800 et

218 843 351 910 fundavit
373 847 551 926 ecelesiam,
582 865 685 910 aurum
715 847 833 928 quidem
857 848 913 912 sibi
937 865 1006 912 esse
1029 855 1060 911 et
1081 857 1237 934 argentum

191 955 365 1042 anegat⁷)‚
396 960 450 1024 sed
481 978 550 1024 esse
580 979 613 1024 se
646 961 715 1024 dicit
738 961 845 1024 Christi
875 962 969 1044 gretia
999 962 1133 1042 divitem,
1165 980 1235 1026 esse

218 1073 276 1136 fide
307 1074 371 1136 eius
404 1081 433 1136 et
464 1075 573 1138 virtute
603 1075 797 1159 locupletem,
831 1076 937 1158 quibus
967 1077 1056 1139 muita
1086 1076 1251 1168 magnalia

217 1205 283 1250 uum
313 1188 455 1252 miraculo
485 1187 613 1270 iaceret,
645 1191 752 1272 quibus
783 1189 821 1254 nd
851 1190 974 1272 gratiam
1005 1190 1119 1272 gloriae
1145 1190 1233 1252 bonis

217 1302 396 1384 spiritalibus
419 1302 591 1366 abundaret.
635 1304 695 1367 Has
718 1321 798 1388 spes,
821 1303 874 1366 has
898 1299 1053 1382 divitias⁸)
1073 1303 1232 1387 possidere

152 1439 155 1446 ¹
215 1433 277 1479 uon
306 1422 406 1498 potest
436 1435 576 1498 quaese
605 1417 725 1485 divitem
756 1419 877 1482 saecuto
910 1404 1021 1481 mavult
1046 1436 1115 1496 esse
1144 1437 1232 1499 qurum

177 1547 204 1590 m
218 1530 344 1594 Christo.
376 1530 567 1614 Locupietem
579 1539 609 1595 te
626 1531 699 1596 dicis
712 1527 739 1611 ⁹)
755 1538 785 1594 et
801 1533 929 1612 divitem,
945 1538 975 1594 et
988 1532 1131 1595 utendum
1145 1539 1232 1615 putas

216 1644 271 1724 his5
295 1663 372 1726 quae
394 1643 551 1726 possidere
581 1652 610 1708 te
641 1646 715 1709 deus
746 1647 848 1710 valuit.
891 1646 1001 1730 Utere,
1031 1646 1085 1708 sed
1116 1645 1152 1710 ad
1181 1663 1232 1709 res

216 1757 361 1824 salutares
385 1767 415 1822 et
435 1760 530 1823 bonas
553 1767 633 1823 artes
648 1755 703 1838 ¹⁰);
726 1767 821 1840 utere,
845 1761 900 1824 sed
923 1760 960 1824 'ad
981 1761 1041 1839 illu,
1064 1779 1141 1842 quae
1158 1759 1232 1824 deus

215 2067 287 2121 abent
309 2067 341 2119 ab
361 2066 391 2122 Α.
427 2066 476 2120 Pro
499 2073 586 2139 flaura
609 2067 663 2122 Ital.
685 2066 708 2118 1.
727 2066 801 2119 offert
826 2070 941 2121 habitae.
987 2063 1016 2131 6)
1037 2064 1091 2118 Dm.
1111 2065 1135 2120 h.
1154 2081 1179 2116 v.
1199 2065 1230 2115 Α.

129 2189 132 2198 ·
214 2158 243 2221 7)
262 2157 318 2208 Act.
338 2155 369 2222 3,
387 2157 412 2209 6.
449 2155 535 2209 Statim
559 2160 607 2210 aad
624 2153 661 2210 ¹ue
679 2159 743 2210 dicit
762 2159 864 2210 Christi
881 2157 968 2225 aratia
986 2156 1091 2210 diuitem
1111 2169 1171 2207 aeae
1189 2149 1229 2203 ed.

213 2261 261 2314 pm,
280 2259 330 2298 om.
350 2248 452 2300 Curiati
470 2242 527 2296 reli.
546 2243 602 2296 libri
621 2244 683 2296 editi
702 2253 760 2296 unte
775 2242 878 2308 Manat,
896 2245 922 2295 in
942 2258 993 2312 quo
1012 2243 1120 2310 primum
1138 2240 1232 2308 iegitur

211 2335 259 2388 aad
275 2350 336 2387 eane
353 2350 384 2387 aa
402 2335 465 2386 attan
484 2335 585 2388 Dirieta'
602 2335 689 2402 qratia
706 2335 820 2387 divitem.
856 2330 961 2382 Inversa
980 2329 1069 2381 ordine
1088 2325 1121 2376 W
1136 2327 1230 2378 hebet:

210 2423 258 2475 aad
275 2435 336 2473 eene
352 2437 383 2474 aa
400 2422 506 2474 divitem
523 2422 586 2474 attuit
599 2423 701 2474 Dtrt'ati
711 2423 806 2488 aratia.
837 2418 895 2470 Mox
906 2435 967 2472 aeae
979 2433 1028 2470 nm.
1042 2416 1083 2468 ed.
1098 2415 1231 2480 Dareum,

210 2524 271 2560 enea
289 2514 316 2556 et
333 2510 393 2560 eiua
405 2505 454 2558 Mb.
490 2506 517 2558 ln
536 2523 607 2576 seqq.
626 2511 702 2561 barain
720 2511 910 2576 apiriaaatttaa
929 2506 972 2556 dat
990 2504 1038 2569 Mc,
1058 2507 1230 2573 epiritaia'irue

211 2597 290 2648 ‹tarata
298 2591 347 2645 Md,
367 2592 428 2645 Tum
436 2598 597 2650 habundaret
607 2602 689 2646 exstat
697 2594 764 2646 inW.
775 2593 871 2652 tradat
881 2602 907 2644 et
917 2593 956 2644 ed.
969 2591 1092 2644 Daventr.
1121 2591 1151 2657 8)
1161 2595 1231 2644 tatae

211 2686 322 2737 divitiae
340 2668 397 2736 edd.
417 2691 480 2735 vett.
501 2700 522 2736 c.
541 2681 630 2735 liemb.
649 2681 746 2734 Erasm.
766 2690 842 2752 atque
861 2680 967 2744 Mureti,
987 2691 1011 2734 at
1029 2682 1107 2733 divin.
1127 2683 1179 2733 iae
1198 2677 1229 2728 Α.

211 2768 278 2820 Dein
302 2773 445 2839 annunciare
469 2769 518 2824 Mb.
553 2769 624 2821 idem
649 2777 675 2820 et
697 2769 721 2822 Α
747 2773 792 2839 qui
815 2787 853 2823 aa.
897 2767 985 2818 Statim
1013 2769 1119 2820 divitem
1143 2767 1231 2834 mania

211 2861 319 2912 eaenuln
338 2861 394 2912 nult
418 2875 478 2913 eaaa
496 2857 552 2924 Mb,
577 2861 601 2912 ai.
621 2861 714 2912 nacula
732 2861 818 2930 maqiu
837 2858 894 2910 vult
914 2873 974 2908 anua
993 2853 1032 2905 Mc
1051 2861 1077 2905 et
1095 2861 1147 2903 tres
1165 2850 1230 2916 tuat,

211 2947 271 2998 item
290 2944 348 2998 edd.
367 2954 429 3000 vett.
449 2962 470 2996 c.
483 2945 573 2996 Remb.
592 2952 617 2998 et
629 2943 726 2996 Erasm.
757 2946 859 2999 Mavult
876 2944 972 3011 primus
991 2942 1092 3009 scripsit
1105 2937 1229 3002 Gravius3

210 3034 304 3086 maluit
327 3032 403 3085 habet
426 3033 476 3084 tiu.
520 3034 550 3101 9)
575 3043 598 3086 ta
622 3051 682 3087 anua
706 3035 774 3086 atteia
799 3030 856 3081 edd.
883 3038 940 3082 ente
966 3028 1058 3080 Manat.
1086 3041 1175 3079 omnes
1205 3033 1230 3076 et
1335 3032 1338 3041 '

211 3117 307 3170 Morell.
350 3119 400 3171 Sed
425 3137 485 3174 enee
505 3127 647 3186 suspectum
670 3118 717 3169 suit
742 3119 793 3169 iam
818 3115 924 3183 Gravia,
951 3132 1007 3168 cum
1033 3115 1139 3168 verbum
1166 3114 1229 3166 iliud

210 3208 383 3259 minutioribus
407 3209 473 3276 typis
499 3206 673 3260 excudendum
698 3207 830 3256 curaverit.
870 3204 931 3264 ‚Mox
955 3207 1066 3259 utendae
1090 3203 1184 3272 legitur
1203 3203 1229 3253 in

211 3292 241 3347 A.
276 3292 342 3346 Dein
359 3310 405 3362 pro
423 3299 461 3350 iia
479 3293 519 3346 W.
538 3292 610 3344 Maiae
628 3300 654 3343 et
671 3290 691 3343 B
710 3293 881 3360 praebuerunt
898 3296 958 3360 iaia,
985 3293 1056 3344 cuiun
1081 3289 1139 3342 loco
1162 3290 1189 3340 in
1206 3291 1230 3340 Α

211 3390 238 3432 et
255 3380 297 3432 Md
319 3390 358 3433 est
380 3386 442 3436 luite.
471 3379 594 3432 'Proxime
612 3378 653 3430 Mb
678 3379 756 3432 habet
780 3390 803 3432 ta
827 3383 913 3434 naluit
931 3382 1010 3434 *deua-
1057 3379 1103 3448 10)
1130 3377 1167 3430 Ita
1187 3375 1227 3428 W.

211 3467 292 3520 Mabc.
305 3467 370 3521 Β.Α
388 3477 415 3520 et
433 3469 536 3532 Manat,
557 3478 629 3522 utera
648 3497 678 3505 -
698 3479 723 3522 et
740 3472 773 3523 aul
791 3474 848 3524 bart.
868 3479 916 3522 art.
931 3467 980 3533 tud,
999 3470 1061 3520 item
1081 3467 1139 3520 edd.
1151 3475 1225 3533 vett,

207 3567 291 3622 utera,
309 3560 357 3610 aad
374 3560 407 3610 ari
423 3573 469 3609 ree
487 3558 640 3623 salutum,-
656 3566 739 3619 utera,
758 3550 850 3612 aad'aai
862 3562 918 3612 tan.
933 3567 982 3610 art.
996 3556 1047 3607 dun
1060 3555 1115 3608 luat.
1134 3571 1154 3608 c.
1168 3555 1228 3608 edd.

210 3642 308 3695 Eraem.
324 3640 397 3696 Grau.
411 3643 507 3695 Murali.
521 3651 547 3694 et
564 3642 619 3694 reli.
650 3642 716 3694 Dein
735 3655 808 3700 utera
828 3648 860 3699 art
879 3649 935 3707 iiia,
954 3648 1002 3698 aad
1021 3662 1087 3714 qnae
1106 3648 1173 3698 dena
1186 3642 1227 3696 W.

211 3729 258 3782 tta.
276 3728 312 3794 B;
339 3760 369 3770 -
395 3735 429 3786 ari
445 3734 508 3784 iilam
526 3729 564 3796 Α,
589 3741 663 3785 utere
685 3735 718 3785 art
744 3736 791 3786 iiia
810 3753 833 3802 q.
853 3736 877 3786 ai.
897 3733 952 3786 Med
977 3741 1130 3801 veteresque
1159 3731 1229 3798 edd„

210 3861 283 3906 utere
306 3821 349 3873 Μ’
372 3869 440 3925 quae
463 3852 672 3918 (uariata.
693 3856 833 3927 euperem.)
852 3855 900 3908 ttb.
937 3854 999 3907 'ium
1021 3858 1151 3926 praecipit
1168 3855 1227 3910 Ver.

211 3946 239 3997 et
254 3938 303 3996 tia.
