2858 4688
743 373 808 440 224

267 535 408 602 omnibns
430 535 518 598 mmit
538 535 572 596 in
594 533 680 598 donc
702 533 763 596 dei.
802 530 915 595 Omnes
937 532 1017 595 enim
1039 533 1095 595 isti
1118 551 1159 592 ece
1182 551 1218 594 eo
1234 527 1287 609 ¹⁰),

266 649 352 730 qnod
373 646 545 712 momenti
567 646 649 724 illis,
672 644 880 709 miserantia
903 645 989 708 donc
1010 644 1071 707 dei.
1115 643 1202 716 Haec
1226 663 1287 706 cn-

267 771 324 826 tem
339 761 378 836 ¹¹)
394 761 432 824 de
447 759 556 840 inopia
570 777 631 822 ann
646 777 775 836 omnem,
798 775 1015 838 quemcumque
1029 756 1148 834 babuit,
1172 757 1288 818 nietam

266 877 359 938 misit.
405 874 526 938 bloltom
550 872 635 935 beata
657 871 763 934 mulier
786 876 815 932 et
838 870 980 954 gloriosa,
1006 887 1083 951 quae
1107 869 1194 932 etiam
1217 875 1288 932 ante

259 987 344 1050 ¹diem
368 983 527 1060 iudiciill)
558 985 664 1048 meruit
693 983 798 1048 indicis
829 1001 905 1047 voce
935 983 1058 1047 laudari.
1103 981 1215 1046 Pudeat
1239 983 1288 1046 di·
1327 965 1331 972 ¹

267 1099 344 1162 viles
368 1097 529 1161 sterilitatis
550 1101 639 1177 atque
657 1093 837 1157 infelicitatis
855 1089 892 1170 18)
908 1110 997 1157 sune..
1027 1095 1131 1176 Vidua,
1155 1103 1186 1159 et
1201 1097 1299 1180 inops]

268 1209 355 1274 vidua
369 1207 407 1287 ¹⁴)
423 1212 453 1272 in
470 1227 564 1292 opere
579 1207 738 1286 invenitor,
761 1225 889 1288 eumque
904 1209 1055 1288 universa,
1076 1227 1154 1290 quae
1170 1209 1287 1290 dentur,

268 1325 385 1407 pupillis
414 1330 443 1386 el
474 1324 571 1388 viduis
600 1321 809 1400 conferantur,
843 1321 891 1383 dal
919 1321 985 1400 illa,
1018 1339 1105 1402 quam
1129 1325 1287 1404 oportebat

268 1439 416 1519 occipere,
440 1444 472 1500 ut
494 1437 622 1500 sciamus
645 1451 723 1516 quae
745 1451 841 1516 paena
864 1434 995 1498 sterilem
1018 1434 1138 1498 divitem
1159 1444 1287 1517 manent,

269 1652 295 1696 et
313 1642 383 1709 Bab,
405 1645 470 1714 plau
488 1643 609 1696 enaiim
628 1641 716 1707 (minin
734 1637 862 1706 aanor),
884 1649 912 1692 ut
928 1640 1022 1710 vulgo,
1041 1641 1088 1695 lle.
1125 1641 1153 1694 la
1172 1641 1197 1694 Δ
1214 1645 1288 1698 deest

269 1734 399 1784 mnibus.
447 1728 491 1794 10)
510 1732 542 1784 ds
559 1746 588 1782 eo
608 1726 648 1779 W.
668 1727 750 1779 bibcd.
771 1726 834 1780 Bab.
853 1728 891 1794 Α,
915 1731 973 1782 ideo
993 1727 1040 1781 tle.
1077 1728 1178 1782 Deinde
1198 1735 1287 1786 αΙιιιι-

269 1821 342 1872 dunit
360 1817 410 1869 bie.
430 1815 523 1869 ΙΙιιιιιιι.
543 1813 638 1867 anel.
660 1823 686 1865 ct
704 1816 873 1881 recentiores,
890 1818 1051 1870 bniundnnit
1062 1814 1102 1868 W.
1121 1817 1179 1869 biad
1199 1827 1225 1870 et
1241 1817 1287 1885 Be,

267 1907 416 1958 sinndsist
439 1901 490 1955 bib.
516 1899 553 1953 bb
577 1910 733 1970 veteresque
757 1901 815 1954 edd.
842 1903 968 1969 (exceptis
994 1901 1057 1954 Dav.
1082 1911 1109 1955 et
1126 1903 1234 1970 llemb.,
1262 1907 1288 1957 iu
1397 1945 1398 1950 ,

271 1990 361 2060 quibus
381 1999 421 2042 est
438 1993 619 2056 habundabat,
639 1998 667 2040 ut
684 1990 708 2042 in
727 1990 761 2052 A)
780 2006 803 2040 c.
823 1989 921 2043 Ernsm.
941 1998 1019 2060 atque
1039 1990 1152 2056 biennii,
1173 1996 1288 2047 aianndst

268 2077 343 2128 lirsv.
394 2078 435 2140 ll)
455 2087 500 2131 ont
519 2075 566 2128 Bb.
602 2075 659 2128 bion
678 2093 753 2146 quesn
772 2080 862 2144 babuit
880 2079 911 2128 Α.
957 2077 1003 2141 12)
1029 2087 1087 2132 ante
1106 2081 1202 2132 indicii
1220 2083 1289 2133 dien

268 2163 318 2214 bib.
356 2163 402 2230 13)
421 2163 457 2214 its
477 2163 552 2216 codd.
573 2163 631 2214 Ver.
653 2161 692 2212 W·
712 2162 809 2215 blabcd.
829 2161 874 2228 lin,
894 2165 981 2232 viginti
1001 2164 1051 2216 duo
1071 2163 1167 2218 Balneii
1186 2175 1213 2217 et
1230 2174 1287 2218 tre-

268 2247 350 2300 decim
366 2249 475 2317 Angliei‚
497 2248 643 2317 quibuscum
657 2248 812 2299 concordant
825 2241 883 2300 edd.
896 2257 969 2314 vett,
988 2248 1084 2302 Ernsm.
1099 2249 1173 2304 Grau.
1187 2251 1287 2304 norell.

268 2344 343 2403 elque
362 2335 471 2400 licuth.;
491 2339 653 2404 infidelitatis
671 2335 707 2386 Bb
728 2344 753 2387 et
771 2337 800 2387 A.
838 2335 989 2403 Conspirant
1007 2336 1065 2388 edd.
1081 2336 1173 2390 bienut.
1193 2337 1286 2392 Pamel.

249 2433 250 2436 ’
269 2421 348 2486 (male
363 2425 516 2476 Batonius:
535 2425 634 2486 „Aliter
652 2425 767 2475 Panaetio
786 2427 876 2476 einaim
895 2425 965 2488 est“)
978 2419 1066 2480 Dion.
1087 2421 1174 2490 baluz„
1194 2425 1287 2479 Goldb.

268 2509 437 2574 leafelicitotis
464 2511 574 2558 correxit
601 2510 677 2558 etiam
705 2510 745 2559 vir
774 2509 841 2560 doct.
869 2512 894 2560 in
922 2508 1078 2578 Gottingensi
1104 2511 1196 2564 Manui.
1226 2513 1287 2566 edic

269 2594 414 2660 exemplari.
464 2593 507 2659 ΙΙ)
527 2593 568 2644 Sic
588 2594 662 2644 codd.
683 2595 722 2644 W.
743 2595 813 2646 biacd
834 2604 860 2646 et
879 2612 967 2646 omnes
985 2596 1041 2648 iere
1060 2597 1135 2662 edd,
1165 2610 1189 2652 et
1209 2604 1287 2654 ineis

267 2682 350 2732 viduo
372 2676 425 2745 Be,
451 2690 475 2734 et
493 2684 570 2750 inope
588 2684 666 2735 vidue
685 2684 746 2746 (sic)
766 2680 819 2747 Bb,
846 2693 869 2738 et
887 2687 969 2737 nidulo
987 2687 1064 2754 inope
1085 2701 1099 2734 e
1122 2686 1199 2737 codd.
1220 2687 1286 2740 Bnr·

268 2765 379 2834 gundicc
399 2776 424 2818 et
443 2767 468 2818 S.
485 2767 607 2835 Arnnlpbi
627 2771 724 2836 reecpit
742 2767 869 2822 baluzius.
907 2769 1005 2832 Abeunt
1024 2771 1088 2822 baec
1107 2771 1234 2826 vocabula
1254 2774 1286 2826 ab

269 2851 308 2916 A;
336 2852 417 2904 codex
436 2869 499 2905 vero
517 2853 558 2906 ΙΙΙ)
577 2863 604 2922 ct
622 2855 663 2906 ed.
682 2855 775 2908 Rcutb.
794 2856 858 2908 male
878 2873 927 2908 om.
946 2861 1043 2922 nidno;
1071 2860 1195 2925 porticula
1219 2864 1286 2914 enirn

268 2949 310 3004 et,
340 2947 367 2989 ut
393 2940 517 2992 interdum
544 2944 583 2989 uel
610 2942 677 3008 opud
705 2941 831 3007 Graecos,
863 2943 888 2994 b.
916 2941 932 2993 Ι.
959 2935 1016 2995 cum
1043 2947 1068 2994 vi
1094 2949 1179 3014 posita
1205 2951 1286 3018 signi-

268 3025 328 3076 iicnt
345 3030 400 3080 aiud
418 3046 510 3096 nacor,
532 3044 614 3096 esque
633 3031 755 3098 requirit,
777 3038 803 3080 ut
821 3038 951 3097 repetatur
969 3046 1020 3082 vox
1039 3034 1128 3086 nidus.
1166 3033 1287 3088 Similiter

269 3116 402 3180 synesius
420 3111 500 3180 Episi.
525 3115 580 3165 155.
603 3133 627 3183 p.
648 3117 705 3167 293.
728 3117 773 3168 Da
800 3114 858 3184 γυνή
882 3135 909 3164 τε
931 3114 975 3184 γάρ
999 3115 1047 3175 igin
1072 3116 1145 3183 αὕτη,
1170 3124 1210 3170 καὶ
1229 3119 1287 3186 ynrrp'

269 3194 434 3262 δυςτυχὴσασα
457 3197 560 3266 piperno.
598 3201 636 3254 Ci.
663 3204 695 3255 de
722 3203 874 3256 mortalitate
900 3221 955 3271 cnp.
974 3204 1026 3256 XV.
1052 3214 1103 3258 not.
1124 3206 1148 3257 9.
1191 3208 1287 3262 Sustuii

269 3284 394 3336 vocabula
413 3290 493 3342 nebus
511 3293 586 3344 ilices
605 3307 618 3341 a
638 3289 742 3342 Bnluzio
762 3308 793 3343 ex
813 3292 890 3343 codd.
905 3291 1067 3361 burgundion
1086 3301 1112 3344 et
1125 3293 1150 3344 S.
1165 3293 1287 3363 Arnnlpbi

270 3371 387 3438 adiecta,
415 3381 505 3440 utpote
526 3376 552 3426 in
572 3377 635 3426 meis
654 3375 726 3426 libris
744 3379 851 3441 omisse3
877 3381 972 3448 lcrpn,
999 3363 1146 3446 quod'posr
1163 3384 1193 3433 in
1211 3399 1288 3450 opere

270 3459 376 3511 inseruit
395 3461 519 3514 Manutius
538 3478 587 3513 non
608 3464 809 3530 improbantibus
829 3464 940 3516 Pameiio
959 3474 986 3517 et
1005 3465 1208 3530 Oxoniemibus,
1237 3467 1286 3518 de·

269 3543 331 3596 levit
349 3547 388 3598 vir
405 3546 474 3599 doct.
493 3551 518 3600 in
536 3547 693 3618 Gottingensi
713 3552 850 3620 exemplari
869 3561 895 3604 et
913 3552 1052 3619 posthaec
1071 3561 1192 3606 contextu
1212 3555 1290 3606 eiecit

269 3664 396 3720 Beluaius.
432 3673 519 3740 Lenos
537 3674 599 3735 (sic)
618 3677 648 3727 iu
665 3690 743 3742 opere
760 3673 838 3726 babet
856 3673 887 3737 Α,
907 3675 936 3726 in
948 3640 984 3678 δ”
997 3689 1076 3742 opere
1094 3673 1151 3737 idei
1168 3657 1200 3726 ab
1219 3691 1240 3727 r.
1254 3691 1286 3727 m.

269 3756 411 3821 superior.)
430 3754 480 3807 tib.
517 3756 637 3824 Frustra3
657 3767 696 3812 eat
714 3762 781 3812 enim
799 3763 827 3814 in
847 3777 924 3828 opens
940 3759 1007 3811 idem
1026 3761 1095 3828 quod
1114 3779 1240 3830 operans,
1259 3771 1290 3813 ut

270 3837 362 3905 legitur
379 3856 470 3908 snpra:
490 3844 595 3898 latuere
613 3850 642 3898 in
660 3849 793 3916 enmpdin
811 3849 922 3900 cidnum
942 3873 974 3884 -
988 3875 1020 3884 —
1033 3850 1192 3916 imeripeae
1202 3865 1288 3917 pree-

270 3939 354 3981 tnm
373 3933 398 3978 et
416 3931 557 3995 mpustice
575 3935 699 4000 spectatis
718 3942 875 4001 operantem.
911 3931 999 3984 Statim
1018 3935 1046 3985 in
1064 3935 1196 3987 uniuersa
1212 3931 1243 3982 W
1262 3940 1291 3984 et
