2868 4700
765 399 810 468 48

275 579 343 624 rum
362 559 455 640 fidem
476 557 527 622 dei
550 557 739 624 coccumit?
773 558 870 623 Absit.
908 559 968 625 Est
985 561 1065 626 enim
1087 559 1165 624 deus
1187 579 1303 642 auae,

276 678 375 739 omnic
405 683 505 738 cutem
532 676 622 738 bomo
652 675 797 738 menduc.
853 675 915 740 Stat
933 669 958 754 ⁷)
987 677 1197 740 consessorum
1228 693 1303 757 pars

276 789 371 852 maior
401 796 431 851 et
462 789 569 852 melior
601 790 630 852 in
665 788 735 852 fidei
768 808 842 852 suae
874 791 985 853 robore
1020 799 1051 854 et
1086 791 1115 852 in
1150 790 1229 873 legis
1264 809 1303 852 ac

198 949 203 956 .
276 901 449 982 disciplinae
485 900 651 964 dominicae
684 902 826 978 veritate,
864 919 921 964 nec
958 902 995 964 ab
1033 903 1182 966 ecclesiae
1221 923 1300 984 pace

249 1014 432 1077 adiscedunt
454 1016 504 1096 qui
527 1033 561 1077 se
592 1017 621 1077 in
651 1015 779 1077 ecclesia
808 1015 932 1095 gratiam
963 1022 1145 1080 consecutos
1177 1016 1216 1080 de
1249 1017 1303 1081 dei

277 1129 448 1212 dignatione
488 1129 699 1205 meminerunt,
742 1134 830 1209 atque
847 1123 874 1204 ⁸)
916 1128 973 1191 hoc
1016 1129 1081 1208 ipso
1121 1129 1301 1210 ampliorem

276 1247 478 1305 consecuntur
500 1241 569 1302 fidei
592 1227 664 1303 suae
692 1239 826 1318 laudern,
857 1240 938 1320 quod
968 1241 1003 1302 ab
1035 1259 1140 1304 corum
1172 1242 1301 1322 perfidia

276 1353 446 1436 segregati,
470 1351 577 1431 quibus
601 1351 692 1412 iuncti
715 1349 916 1412 consessionis
940 1353 1095 1426 consortio
1119 1352 1260 1432 luerunt,
1286 1376 1304 1418 a

277 1465 417 1546 contagio
440 1463 570 1526 criminis
601 1469 808 1540 recesserunt,
842 1481 914 1525 vero
947 1463 1109 1526 inluminati
1144 1468 1303 1550 evangelii

241 1577 403 1654 salamine,
426 1592 501 1656 pura
525 1579 554 1636 et
578 1572 701 1636 candida
726 1572 836 1635 domini
857 1573 925 1635 luce
947 1574 1068 1652 radiati,
1091 1582 1150 1638 um
1174 1585 1246 1641 sunt
1272 1581 1305 1642 in

278 1687 485 1753 conservanda
502 1685 610 1748 Christi
629 1704 703 1766 pace
725 1684 899 1764 laudabiles,
922 1705 1009 1766 quam
1034 1686 1155 1750 luerunt
1178 1690 1209 1752 in
1234 1691 1306 1754 dia-

278 1802 339 1864 boli
362 1799 580 1883 congressione
605 1797 744 1860 victores.

734 1993 837 2062 xxl.

366 2141 444 2222 Opto
461 2137 483 2215 ¹)
508 2136 664 2218 equidem,
688 2135 870 2198 dilectissimi
894 2135 1012 2215 iratres,
1035 2144 1066 2200 et
1089 2140 1219 2203 consulo
1243 2159 1308 2221 pa-

278 2253 351 2316 riter
382 2257 413 2314 et
444 2248 580 2326 suadeo‚.
607 2253 654 2323 ut,
687 2246 712 2308 si
740 2245 805 2307 lieri
836 2252 952 2326 potest,
983 2265 1071 2310 nemo
1098 2249 1136 2313 de
1159 2251 1308 2314 iratribus

348 2425 376 2488 7)
395 2426 453 2476 Stat
472 2430 560 2474 cutem
577 2417 621 2470 aa.
658 2417 728 2468 ldem
747 2427 771 2470 et
791 2419 851 2484 fidet
875 2432 921 2483 pro
946 2422 975 2471 in
998 2423 1066 2488 fidet.
1102 2421 1248 2490 Praeposit.
1277 2427 1310 2476 in

278 2527 328 2562 om.
348 2508 395 2561 Bh.
431 2507 492 2558 Post
518 2509 613 2559 robore
639 2506 664 2554 iu
691 2502 727 2554 Ba
753 2504 877 2569 repetitur
904 2515 965 2559 etat.
1002 2507 1132 2575 Deinceps
1159 2511 1253 2575 partic.
1282 2520 1309 2564 et

279 2607 323 2655 (ue
341 2594 431 2646 scribit
448 2593 482 2654 Α)
501 2591 561 2642 detit
588 2592 614 2641 io
633 2589 679 2641 lle.
716 2590 792 2654 Quod
818 2590 979 2659 subsequitur
1004 2597 1033 2646 in
1060 2595 1181 2646 omissum
1209 2605 1251 2648 est
1280 2599 1308 2647 in

279 2683 349 2747 Ver,
370 2696 468 2733 erasum
487 2679 512 2730 in
526 2677 575 2729 llb.
595 2677 673 2740 ‚ldcm
689 2677 754 2729 liber
768 2676 865 2729 blonac.
879 2693 924 2745 pro
943 2683 1054 2733 veritate
1071 2682 1144 2747 ponit
1163 2699 1308 2737 auresaures.

279 2768 356 2822 Paulo
380 2776 438 2836 post
463 2775 640 2835 consequutus
665 2763 715 2816 lld.
760 2763 792 2827 8)
813 2764 848 2815 lta
867 2764 925 2816 Ver.
945 2782 986 2832 ap.
1006 2765 1097 2834 Rigalt.
1123 2769 1161 2831 (iu
1189 2766 1308 2836 Gotting.

280 2857 346 2909 libro
372 2856 405 2907 de
429 2853 453 2906 h.
473 2853 489 2905 l.
510 2853 587 2904 altum
612 2851 740 2904 silentium
765 2853 816 2917 est)
834 2852 874 2903 W.
893 2851 975 2903 llabd.
995 2851 1057 2904 Bab.
1077 2852 1099 2903 Α
1118 2861 1145 2904 et
1163 2869 1202 2920 pr.
1222 2854 1265 2906 llic
1284 2871 1309 2908 c.

281 2943 339 2996 edd.
364 2941 450 2994 Baluz.
476 2949 552 3008 atque
586 2937 691 3003 Goion,
724 2942 797 3008 utqui
831 2938 983 3005 exemplaria
1017 2947 1075 2990 ante
1109 2939 1198 2993 Balua.
1225 2943 1309 2994 edita.

279 3030 347 3082 Dein
367 3029 424 3082 Ver.
443 3034 493 3086 boc
512 3031 571 3098 ipro
590 3030 716 3080 cautorem
737 3055 767 3064 -
786 3028 847 3093 fidei
863 3042 932 3078 aune
949 3027 1062 3092 lauduna
1085 3030 1165 3080 immo
1185 3032 1310 3098 amplio-

280 3135 344 3171 rem.
382 3115 536 3184 scripturam
563 3121 743 3167 conceduntur
769 3112 910 3178 recepimus
937 3127 952 3163 a
976 3111 1017 3161 W.
1042 3112 1123 3166 blabc.
1150 3113 1188 3165 Ba
1218 3123 1246 3166 et
1275 3114 1310 3179 Α,

280 3206 392 3271 itemque
405 3203 462 3255 edd.
476 3211 549 3266 vett,
569 3201 590 3252 si
602 3198 813 3250 Daventriensem
827 3199 946 3264 excipias.
978 3197 1018 3248 Sic
1038 3199 1107 3250 euim
1124 3202 1222 3266 passim
1240 3219 1311 3270 per-

281 3299 411 3343 secuntur
420 3328 429 3356 ,
449 3299 593 3351 securatur,
617 3287 751 3350 locuntur,
776 3288 884 3338 eculeus
903 3283 1024 3351 Cypriani
1042 3285 1116 3337 codd,
1137 3289 1312 3356 antiquiores,

280 3379 356 3428 immo
384 3385 410 3426 et
436 3374 605 3426 recentiorum
625 3386 688 3421 unus
708 3377 734 3420 et
752 3368 824 3421 alter.
861 3367 935 3420 Conf.
955 3367 1065 3438 Sillig.
1084 3370 1168 3426 Praei.
1189 3374 1223 3427 ad
1244 3375 1312 3428 Plin.

282 3472 332 3516 nat.
352 3462 410 3514 bist.
428 3460 490 3528 Pag.
508 3456 600 3509 Lllllll.
637 3455 685 3506 Pro
711 3459 778 3524 quod
798 3454 820 3506 Α
839 3473 895 3524 quo.
932 3454 993 3506 Tum
1017 3468 1140 3527 euprepus
1159 3460 1193 3510 W
1213 3471 1242 3514 et
1261 3463 1313 3515 lla.

282 3553 371 3606 Statim
397 3553 492 3619 quitus
518 3562 563 3612 pro
582 3544 650 3612 vulg.
670 3547 714 3614 qui
738 3551 808 3594 recte
827 3542 884 3593 Ver.
905 3558 926 3592 c.
946 3540 976 3593 Α.
1014 3543 1115 3596 Deinde
1142 3550 1230 3602 uincti
1259 3549 1313 3603 bid.

282 3637 342 3688 llox
360 3656 376 3689 u
394 3637 547 3703 contupione
563 3631 603 3682 llla
622 3639 648 3682 et
665 3628 710 3681 Ba.
747 3627 827 3680 Paulo
845 3635 903 3694 post
928 3631 1075 3682 illuminasti
1102 3649 1168 3687 vero
1197 3644 1227 3686 et
1252 3639 1316 3692 luce

281 3725 382 3778 domini
400 3722 430 3774 Α.
466 3719 494 3769 lu
512 3734 583 3785 seqq.
605 3725 669 3772 aurat
687 3732 707 3766 r.
726 3731 758 3766 m.
777 3713 873 3764 addidit
891 3715 914 3764 in
933 3713 982 3764 Mb·
1018 3713 1086 3766 Infra
1106 3737 1187 3786 quam
1211 3725 1317 3778 statutt

282 3814 393 3880 [oemunt
411 3810 528 3876 (fuerunt
546 3806 580 3869 Α)
599 3806 628 3855 iu
647 3804 836 3871 eonrpcearioare
853 3803 970 3854 victores
988 3798 1034 3852 Bb.

355 3893 418 3947 xxi.
447 3892 474 3956 1)
493 3893 592 3946 Hortor
608 3888 667 3940 Ver.
698 3887 759 3937 Tum
778 3889 881 3954 quidem
891 3885 922 3938 A.
953 3885 981 3936 ln
999 3886 1114 3941 clausula
1133 3895 1231 3949 sinum
1251 3898 1318 3964 (pro

284 3961 381 4045 unum)
401 3981 501 4052 mensio
519 3993 570 4032 auo
588 3977 706 4045 caudeae
725 3987 741 4022 a
761 3988 792 4025 m.
811 3988 860 4040 pc,
878 3988 893 4024 a
910 3988 965 4024 aec.
977 3977 1043 4030 sinu
1060 3980 1157 4064 pressit
1169 3986 1219 4036 aas·
1231 3989 1318 4054 pauit.
