<?xml version="1.0" encoding="UTF-8"?>
<!DOCTYPE html PUBLIC "-//W3C//DTD XHTML 1.0 Transitional//EN"
    "http://www.w3.org/TR/xhtml1/DTD/xhtml1-transitional.dtd">
<html xmlns="http://www.w3.org/1999/xhtml" xml:lang="en" lang="en">
 <head>
  <title>
</title>
<meta http-equiv="Content-Type" content="text/html;charset=utf-8" />
  <meta name='ocr-system' content='tesseract 3.04.00' />
  <meta name='ocr-capabilities' content='ocr_page ocr_carea ocr_par ocr_line ocrx_word'/>
</head>
<body>
  <div class='ocr_page' id='page_1' title='image "./libridecatholic00krabgoog_0487.png"; bbox 0 0 2834 4686; ppageno 0'>
   <div class='ocr_carea' id='block_1_1' title="bbox 773 333 889 446">
    <p class='ocr_par' dir='ltr' id='par_1_1' title="bbox 773 333 889 446">
     <span class='ocr_line' id='line_1_1' title="bbox 773 333 889 446; baseline 0.017 -2"><span class='ocrx_word' id='word_1_1' title='bbox 773 373 838 446; x_wconf 82' lang='lat' dir='ltr'><strong>ms</strong></span> <span class='ocrx_word' id='word_1_2' title='bbox 887 333 889 342; x_wconf 62' lang='grc'>’</span> 
     </span>
    </p>
   </div>
   <div class='ocr_carea' id='block_1_2' title="bbox 290 533 1312 1184">
    <p class='ocr_par' dir='ltr' id='par_1_2' title="bbox 290 533 1312 1184">
     <span class='ocr_line' id='line_1_2' title="bbox 293 533 1312 620; baseline 0.009 -22"><span class='ocrx_word' id='word_1_3' title='bbox 293 535 421 599; x_wconf 77' lang='lat' dir='ltr'><strong>lenitatis</strong></span> <span class='ocrx_word' id='word_1_4' title='bbox 444 535 581 600; x_wconf 78' lang='lat' dir='ltr'><strong>imitator.</strong></span> <span class='ocrx_word' id='word_1_5' title='bbox 628 537 705 611; x_wconf 83' lang='lat' dir='ltr'><strong>Quid</strong></span> <span class='ocrx_word' id='word_1_6' title='bbox 729 536 823 600; x_wconf 81' lang='lat' dir='ltr'><strong>dicum</strong></span> <span class='ocrx_word' id='word_1_7' title='bbox 847 535 885 602; x_wconf 87' lang='lat' dir='ltr'><strong>dc</strong></span> <span class='ocrx_word' id='word_1_8' title='bbox 907 539 961 620; x_wconf 87' lang='lat' dir='ltr'><strong>iro,</strong></span> <span class='ocrx_word' id='word_1_9' title='bbox 984 539 1023 604; x_wconf 88' lang='lat' dir='ltr'><strong>de</strong></span> <span class='ocrx_word' id='word_1_10' title='bbox 1044 533 1252 620; x_wconf 70' lang='lat' dir='ltr'><strong>bisoctoni),</strong></span> <span class='ocrx_word' id='word_1_11' title='bbox 1275 539 1312 608; x_wconf 87' lang='lat' dir='ltr'><strong>de</strong></span> 
     </span>
     <span class='ocr_line' id='line_1_3' title="bbox 293 642 1310 739; baseline 0.01 -29"><span class='ocrx_word' id='word_1_12' title='bbox 293 642 458 727; x_wconf 71' lang='lat' dir='ltr'><strong>simultate,</strong></span> <span class='ocrx_word' id='word_1_13' title='bbox 486 663 564 730; x_wconf 84' lang='lat' dir='ltr'><strong>quse</strong></span> <span class='ocrx_word' id='word_1_14' title='bbox 586 651 615 712; x_wconf 92' lang='lat' dir='ltr'><strong>in</strong></span> <span class='ocrx_word' id='word_1_15' title='bbox 639 649 809 712; x_wconf 75' lang='lat' dir='ltr'><strong>christiano</strong></span> <span class='ocrx_word' id='word_1_16' title='bbox 832 667 902 714; x_wconf 86' lang='lat' dir='ltr'><strong>esse</strong></span> <span class='ocrx_word' id='word_1_17' title='bbox 923 669 984 716; x_wconf 84' lang='lat' dir='ltr'><strong>oon</strong></span> <span class='ocrx_word' id='word_1_18' title='bbox 1009 651 1146 716; x_wconf 81' lang='lat' dir='ltr'><strong>debent?</strong></span> <span class='ocrx_word' id='word_1_19' title='bbox 1170 654 1234 718; x_wconf 53' lang='lat' dir='ltr'><strong>*Sit</strong></span> <span class='ocrx_word' id='word_1_20' title='bbox 1255 676 1310 739; x_wconf 87' lang='lat' dir='ltr'><strong>po·</strong></span> 
     </span>
     <span class='ocr_line' id='line_1_4' title="bbox 293 756 1309 843; baseline 0.01 -21"><span class='ocrx_word' id='word_1_21' title='bbox 293 760 393 822; x_wconf 85' lang='lat' dir='ltr'><strong>tientis</strong></span> <span class='ocrx_word' id='word_1_22' title='bbox 425 762 455 823; x_wconf 91' lang='lat' dir='ltr'><strong>in</strong></span> <span class='ocrx_word' id='word_1_23' title='bbox 486 769 611 843; x_wconf 88' lang='lat' dir='ltr'><strong>pectore</strong></span> <span class='ocrx_word' id='word_1_24' title='bbox 627 756 674 840; x_wconf 84' lang='lat'><strong>⁸),</strong></span> <span class='ocrx_word' id='word_1_25' title='bbox 700 769 738 824; x_wconf 77' lang='lat' dir='ltr'><strong>et</strong></span> <span class='ocrx_word' id='word_1_26' title='bbox 772 763 847 826; x_wconf 87' lang='lat' dir='ltr'><strong>buco</strong></span> <span class='ocrx_word' id='word_1_27' title='bbox 879 763 939 828; x_wconf 89' lang='lat' dir='ltr'><strong>illic</strong></span> <span class='ocrx_word' id='word_1_28' title='bbox 972 765 1072 834; x_wconf 85' lang='lat' dir='ltr'><strong>locum</strong></span> <span class='ocrx_word' id='word_1_29' title='bbox 1105 765 1218 830; x_wconf 83' lang='lat' dir='ltr'><strong>bebere</strong></span> <span class='ocrx_word' id='word_1_30' title='bbox 1249 787 1309 832; x_wconf 90' lang='lat' dir='ltr'><strong>non</strong></span> 
     </span>
     <span class='ocr_line' id='line_1_5' title="bbox 290 874 1308 959; baseline 0.007 -24"><span class='ocrx_word' id='word_1_31' title='bbox 290 879 434 955; x_wconf 87' lang='lat' dir='ltr'><strong>possunt;</strong></span> <span class='ocrx_word' id='word_1_32' title='bbox 458 879 508 936; x_wconf 82' lang='lat' dir='ltr'><strong>sot</strong></span> <span class='ocrx_word' id='word_1_33' title='bbox 531 875 557 938; x_wconf 89' lang='lat' dir='ltr'><strong>si</strong></span> <span class='ocrx_word' id='word_1_34' title='bbox 579 874 662 938; x_wconf 87' lang='lat' dir='ltr'><strong>odire</strong></span> <span class='ocrx_word' id='word_1_35' title='bbox 685 877 903 958; x_wconf 68' lang='lat' dir='ltr'><strong>temptaverint,</strong></span> <span class='ocrx_word' id='word_1_36' title='bbox 926 878 985 940; x_wconf 89' lang='lat' dir='ltr'><strong>cito</strong></span> <span class='ocrx_word' id='word_1_37' title='bbox 1004 877 1128 942; x_wconf 80' lang='lat' dir='ltr'><strong>excluse</strong></span> <span class='ocrx_word' id='word_1_38' title='bbox 1145 879 1308 959; x_wconf 88' lang='lat' dir='ltr'><strong>discedunt,</strong></span> 
     </span>
     <span class='ocr_line' id='line_1_6' title="bbox 291 977 1308 1081; baseline 0.006 -33"><span class='ocrx_word' id='word_1_39' title='bbox 291 993 322 1048; x_wconf 87' lang='lat' dir='ltr'><strong>ut</strong></span> <span class='ocrx_word' id='word_1_40' title='bbox 353 977 530 1048; x_wconf 77' lang='lat' dir='ltr'><strong>domicilium</strong></span> <span class='ocrx_word' id='word_1_41' title='bbox 561 986 714 1068; x_wconf 88' lang='lat' dir='ltr'><strong>prcibcom</strong></span> <span class='ocrx_word' id='word_1_42' title='bbox 746 996 924 1081; x_wconf 76' lang='lat' dir='ltr'><strong>perseveret</strong></span> <span class='ocrx_word' id='word_1_43' title='bbox 950 989 981 1052; x_wconf 91' lang='lat' dir='ltr'><strong>in</strong></span> <span class='ocrx_word' id='word_1_44' title='bbox 1004 989 1116 1070; x_wconf 86' lang='lat' dir='ltr'><strong>corde,</strong></span> <span class='ocrx_word' id='word_1_45' title='bbox 1149 990 1197 1054; x_wconf 91' lang='lat' dir='ltr'><strong>ubi</strong></span> <span class='ocrx_word' id='word_1_46' title='bbox 1222 991 1308 1054; x_wconf 89' lang='lat' dir='ltr'><strong>deum</strong></span> 
     </span>
     <span class='ocr_line' id='line_1_7' title="bbox 290 1097 1308 1184; baseline 0.004 -22"><span class='ocrx_word' id='word_1_47' title='bbox 290 1101 371 1183; x_wconf 80' lang='lat' dir='ltr'><strong>pacis</strong></span> <span class='ocrx_word' id='word_1_48' title='bbox 394 1099 523 1162; x_wconf 83' lang='lat' dir='ltr'><strong>delectet</strong></span> <span class='ocrx_word' id='word_1_49' title='bbox 545 1099 687 1164; x_wconf 82' lang='lat' dir='ltr'><strong>bobilane.</strong></span> <span class='ocrx_word' id='word_1_50' title='bbox 733 1099 883 1163; x_wconf 77' lang='lat' dir='ltr'><strong>Admonet</strong></span> <span class='ocrx_word' id='word_1_51' title='bbox 902 1099 1038 1182; x_wconf 81' lang='lat' dir='ltr'><strong>denique</strong></span> <span class='ocrx_word' id='word_1_52' title='bbox 1058 1103 1212 1184; x_wconf 84' lang='lat' dir='ltr'><strong>spostolus</strong></span> <span class='ocrx_word' id='word_1_53' title='bbox 1229 1097 1257 1181; x_wconf 85' lang='lat'><strong>⁹)</strong></span> <span class='ocrx_word' id='word_1_54' title='bbox 1281 1112 1308 1166; x_wconf 90' lang='lat' dir='ltr'><strong>et</strong></span> 
     </span>
    </p>
   </div>
   <div class='ocr_carea' id='block_1_3' title="bbox 286 1205 1383 1519">
    <p class='ocr_par' dir='ltr' id='par_1_3' title="bbox 286 1183 1387 1519">
     <span class='ocr_line' id='line_1_8' title="bbox 290 1205 1308 1296; baseline 0 -20"><span class='ocrx_word' id='word_1_55' title='bbox 290 1213 378 1278; x_wconf 84' lang='lat' dir='ltr'><strong>docet</strong></span> <span class='ocrx_word' id='word_1_56' title='bbox 401 1213 505 1278; x_wconf 88' lang='lat' dir='ltr'><strong>dicens</strong></span> <span class='ocrx_word' id='word_1_57' title='bbox 519 1205 577 1286; x_wconf 80' lang='lat' dir='ltr'><strong>¹⁰t:</strong></span> <span class='ocrx_word' id='word_1_58' title='bbox 600 1214 706 1277; x_wconf 81' lang='lat' dir='ltr'><strong>Nolite</strong></span> <span class='ocrx_word' id='word_1_59' title='bbox 730 1214 921 1277; x_wconf 82' lang='lat' dir='ltr'><strong>contristere</strong></span> <span class='ocrx_word' id='word_1_60' title='bbox 935 1213 976 1290; x_wconf 85' lang='lat'><strong>¹¹)</strong></span> <span class='ocrx_word' id='word_1_61' title='bbox 999 1209 1144 1296; x_wconf 73' lang='lat' dir='ltr'><strong>spiritum</strong></span> <span class='ocrx_word' id='word_1_62' title='bbox 1166 1227 1308 1281; x_wconf 85' lang='lat' dir='ltr'><strong>sanctum</strong></span> 
     </span>
     <span class='ocr_line' id='line_1_9' title="bbox 287 1328 1307 1409; baseline -0.002 -15"><span class='ocrx_word' id='word_1_63' title='bbox 287 1331 348 1407; x_wconf 83' lang='lat' dir='ltr'><strong>dei,</strong></span> <span class='ocrx_word' id='word_1_64' title='bbox 375 1329 409 1390; x_wconf 87' lang='lat' dir='ltr'><strong>in</strong></span> <span class='ocrx_word' id='word_1_65' title='bbox 432 1345 493 1409; x_wconf 79' lang='lat' dir='ltr'><strong>quo</strong></span> <span class='ocrx_word' id='word_1_66' title='bbox 517 1329 634 1408; x_wconf 75' lang='lat' dir='ltr'><strong>siponti</strong></span> <span class='ocrx_word' id='word_1_67' title='bbox 657 1328 733 1390; x_wconf 86' lang='lat' dir='ltr'><strong>estis</strong></span> <span class='ocrx_word' id='word_1_68' title='bbox 757 1328 791 1392; x_wconf 85' lang='lat' dir='ltr'><strong>iss</strong></span> <span class='ocrx_word' id='word_1_69' title='bbox 814 1328 896 1390; x_wconf 81' lang='lat' dir='ltr'><strong>diem</strong></span> <span class='ocrx_word' id='word_1_70' title='bbox 918 1328 1150 1407; x_wconf 66' lang='lat' dir='ltr'><strong>redemptionis.</strong></span> <span class='ocrx_word' id='word_1_71' title='bbox 1200 1330 1307 1394; x_wconf 81' lang='lat' dir='ltr'><strong>Omnis</strong></span> 
     </span>
     <span class='ocr_line' id='line_1_10' title="bbox 286 1437 1383 1519; baseline -0.005 -12"><span class='ocrx_word' id='word_1_72' title='bbox 286 1443 467 1507; x_wconf 77' lang='lat' dir='ltr'><strong>amaritudo</strong></span> <span class='ocrx_word' id='word_1_73' title='bbox 498 1447 529 1501; x_wconf 86' lang='lat' dir='ltr'><strong>et</strong></span> <span class='ocrx_word' id='word_1_74' title='bbox 556 1440 607 1500; x_wconf 88' lang='lat' dir='ltr'><strong>iro</strong></span> <span class='ocrx_word' id='word_1_75' title='bbox 638 1445 669 1500; x_wconf 83' lang='lat' dir='ltr'><strong>ct</strong></span> <span class='ocrx_word' id='word_1_76' title='bbox 697 1438 875 1519; x_wconf 72' lang='lat' dir='ltr'><strong>iodioootio</strong></span> <span class='ocrx_word' id='word_1_77' title='bbox 905 1447 936 1502; x_wconf 84' lang='lat' dir='ltr'><strong>et</strong></span> <span class='ocrx_word' id='word_1_78' title='bbox 964 1439 1082 1503; x_wconf 72' lang='lat' dir='ltr'><strong>donor</strong></span> <span class='ocrx_word' id='word_1_79' title='bbox 1100 1437 1140 1516; x_wconf 78' lang='lat'><strong>¹²)</strong></span> <span class='ocrx_word' id='word_1_80' title='bbox 1166 1449 1195 1502; x_wconf 85' lang='lat' dir='ltr'><strong>et</strong></span> <span class='ocrx_word' id='word_1_81' title='bbox 1219 1441 1306 1504; x_wconf 78' lang='lat' dir='ltr'><strong>bloo-</strong></span> <span class='ocrx_word' id='word_1_82' title='bbox 1380 1456 1383 1462; x_wconf 81' lang='grc'><strong><em>’</em></strong></span> 
     </span>
    </p>
   </div>
   <div class='ocr_carea' id='block_1_4' title="bbox 283 1549 1307 1746">
    <p class='ocr_par' dir='ltr' id='par_1_4' title="bbox 283 1549 1307 1746">
     <span class='ocr_line' id='line_1_11' title="bbox 283 1549 1307 1638; baseline -0.001 -19"><span class='ocrx_word' id='word_1_83' title='bbox 283 1556 408 1638; x_wconf 78' lang='lat' dir='ltr'><strong>phemio</strong></span> <span class='ocrx_word' id='word_1_84' title='bbox 430 1549 595 1630; x_wconf 72' lang='lat' dir='ltr'><strong>auferetur</strong></span> <span class='ocrx_word' id='word_1_85' title='bbox 617 1569 638 1612; x_wconf 92' lang='lat' dir='ltr'><strong>o</strong></span> <span class='ocrx_word' id='word_1_86' title='bbox 660 1551 759 1614; x_wconf 82' lang='lat' dir='ltr'><strong>cobis.</strong></span> <span class='ocrx_word' id='word_1_87' title='bbox 805 1551 836 1614; x_wconf 87' lang='lat' dir='ltr'><strong>Si</strong></span> <span class='ocrx_word' id='word_1_88' title='bbox 860 1551 937 1614; x_wconf 85' lang='lat' dir='ltr'><strong>enim</strong></span> <span class='ocrx_word' id='word_1_89' title='bbox 954 1551 1139 1618; x_wconf 71' lang='lat' dir='ltr'><strong>Christianos</strong></span> <span class='ocrx_word' id='word_1_90' title='bbox 1162 1572 1179 1616; x_wconf 86' lang='grc' dir='ltr'><strong>ιι</strong></span> <span class='ocrx_word' id='word_1_91' title='bbox 1204 1553 1307 1618; x_wconf 86' lang='lat' dir='ltr'><strong>lurore</strong></span> 
     </span>
     <span class='ocr_line' id='line_1_12' title="bbox 286 1665 1306 1746; baseline -0.001 -14"><span class='ocrx_word' id='word_1_92' title='bbox 286 1677 316 1732; x_wconf 86' lang='lat' dir='ltr'><strong>et</strong></span> <span class='ocrx_word' id='word_1_93' title='bbox 338 1667 531 1732; x_wconf 86' lang='lat' dir='ltr'><strong>contentione</strong></span> <span class='ocrx_word' id='word_1_94' title='bbox 554 1665 665 1726; x_wconf 83' lang='lat' dir='ltr'><strong>corneli</strong></span> <span class='ocrx_word' id='word_1_95' title='bbox 687 1668 833 1746; x_wconf 75' lang='lat' dir='ltr'><strong>temonem</strong></span> <span class='ocrx_word' id='word_1_96' title='bbox 862 1665 900 1728; x_wconf 87' lang='lat' dir='ltr'><strong>dc</strong></span> <span class='ocrx_word' id='word_1_97' title='bbox 930 1666 1018 1728; x_wconf 81' lang='lat' dir='ltr'><strong>moris</strong></span> <span class='ocrx_word' id='word_1_98' title='bbox 1048 1666 1215 1730; x_wconf 83' lang='lat' dir='ltr'><strong>turbinibus</strong></span> <span class='ocrx_word' id='word_1_99' title='bbox 1248 1687 1306 1732; x_wconf 85' lang='lat' dir='ltr'><strong>ex-</strong></span> 
     </span>
    </p>
   </div>
   <div class='ocr_carea' id='block_1_5' title="bbox 285 1772 1387 1880">
    <p class='ocr_par' dir='ltr' id='par_1_5' title="bbox 285 1772 1387 1880">
     <span class='ocr_line' id='line_1_13' title="bbox 285 1772 1387 1880; baseline 0 -37"><span class='ocrx_word' id='word_1_100' title='bbox 285 1781 377 1844; x_wconf 80' lang='lat' dir='ltr'><strong>cessit</strong></span> <span class='ocrx_word' id='word_1_101' title='bbox 399 1786 429 1842; x_wconf 89' lang='lat' dir='ltr'><strong>et</strong></span> <span class='ocrx_word' id='word_1_102' title='bbox 452 1775 627 1858; x_wconf 79' lang='lat' dir='ltr'><strong>tranquillus</strong></span> <span class='ocrx_word' id='word_1_103' title='bbox 650 1793 686 1838; x_wconf 86' lang='lat' dir='ltr'><strong>oc</strong></span> <span class='ocrx_word' id='word_1_104' title='bbox 708 1775 783 1838; x_wconf 87' lang='lat' dir='ltr'><strong>lenis</strong></span> <span class='ocrx_word' id='word_1_105' title='bbox 801 1772 837 1850; x_wconf 71' lang='grc' dir='ltr'><strong>Ι3)</strong></span> <span class='ocrx_word' id='word_1_106' title='bbox 860 1777 890 1838; x_wconf 93' lang='lat' dir='ltr'><strong>in</strong></span> <span class='ocrx_word' id='word_1_107' title='bbox 913 1782 1001 1857; x_wconf 83' lang='lat' dir='ltr'><strong>portu</strong></span> <span class='ocrx_word' id='word_1_108' title='bbox 1022 1777 1129 1842; x_wconf 84' lang='lat' dir='ltr'><strong>Christi</strong></span> <span class='ocrx_word' id='word_1_109' title='bbox 1153 1797 1226 1841; x_wconf 88' lang='lat' dir='ltr'><strong>esse</strong></span> <span class='ocrx_word' id='word_1_110' title='bbox 1248 1783 1304 1843; x_wconf 82' lang='lat' dir='ltr'><strong>iem</strong></span> <span class='ocrx_word' id='word_1_111' title='bbox 1386 1837 1387 1880; x_wconf 24' lang='lat' dir='ltr'><strong>p</strong></span> 
     </span>
    </p>
   </div>
   <div class='ocr_carea' id='block_1_6' title="bbox 283 1886 1304 2082">
    <p class='ocr_par' dir='ltr' id='par_1_6' title="bbox 283 1886 1304 2082">
     <span class='ocr_line' id='line_1_14' title="bbox 284 1886 1304 1986; baseline -0.002 -30"><span class='ocrx_word' id='word_1_112' title='bbox 284 1893 399 1975; x_wconf 85' lang='lat' dir='ltr'><strong>coepit,</strong></span> <span class='ocrx_word' id='word_1_113' title='bbox 427 1891 596 1968; x_wconf 84' lang='lat' dir='ltr'><strong>uenirem,</strong></span> <span class='ocrx_word' id='word_1_114' title='bbox 621 1907 678 1952; x_wconf 88' lang='lat' dir='ltr'><strong>neo</strong></span> <span class='ocrx_word' id='word_1_115' title='bbox 702 1886 879 1951; x_wconf 84' lang='lat' dir='ltr'><strong>discordiam</strong></span> <span class='ocrx_word' id='word_1_116' title='bbox 904 1887 993 1986; x_wconf 79' lang='lat' dir='ltr'><strong>debet</strong></span> <span class='ocrx_word' id='word_1_117' title='bbox 1016 1887 1092 1952; x_wconf 85' lang='lat' dir='ltr'><strong>intro</strong></span> <span class='ocrx_word' id='word_1_118' title='bbox 1115 1897 1224 1972; x_wconf 86' lang='lat' dir='ltr'><strong>pectus</strong></span> <span class='ocrx_word' id='word_1_119' title='bbox 1248 1893 1304 1954; x_wconf 89' lang='lat' dir='ltr'><strong>ud·</strong></span> 
     </span>
     <span class='ocr_line' id='line_1_15' title="bbox 283 1999 1304 2082; baseline -0.003 -13"><span class='ocrx_word' id='word_1_120' title='bbox 283 2007 411 2082; x_wconf 82' lang='lat' dir='ltr'><strong>mittero,</strong></span> <span class='ocrx_word' id='word_1_121' title='bbox 430 2004 478 2066; x_wconf 88' lang='lat' dir='ltr'><strong>oui</strong></span> <span class='ocrx_word' id='word_1_122' title='bbox 494 2019 551 2064; x_wconf 88' lang='lat' dir='ltr'><strong>nec</strong></span> <span class='ocrx_word' id='word_1_123' title='bbox 566 2003 672 2067; x_wconf 88' lang='lat' dir='ltr'><strong>molum</strong></span> <span class='ocrx_word' id='word_1_124' title='bbox 687 2019 743 2082; x_wconf 88' lang='lat' dir='ltr'><strong>pro</strong></span> <span class='ocrx_word' id='word_1_125' title='bbox 760 2000 837 2062; x_wconf 85' lang='lat' dir='ltr'><strong>molo</strong></span> <span class='ocrx_word' id='word_1_126' title='bbox 855 1999 983 2064; x_wconf 84' lang='lat' dir='ltr'><strong>reddere</strong></span> <span class='ocrx_word' id='word_1_127' title='bbox 999 2001 1096 2080; x_wconf 82' lang='lat' dir='ltr'><strong>licent,</strong></span> <span class='ocrx_word' id='word_1_128' title='bbox 1116 2021 1174 2066; x_wconf 87' lang='lat' dir='ltr'><strong>neo</strong></span> <span class='ocrx_word' id='word_1_129' title='bbox 1190 2005 1304 2068; x_wconf 88' lang='lat' dir='ltr'><strong>odisse.</strong></span> 
     </span>
    </p>
   </div>
   <div class='ocr_carea' id='block_1_7' title="bbox 282 2270 1387 2342">
    <p class='ocr_par' dir='ltr' id='par_1_7' title="bbox 282 2270 1387 2342">
     <span class='ocr_line' id='line_1_16' title="bbox 282 2270 1387 2342; baseline -0.007 -16"><span class='ocrx_word' id='word_1_130' title='bbox 282 2275 346 2327; x_wconf 80' lang='lat' dir='ltr'><strong>Dein</strong></span> <span class='ocrx_word' id='word_1_131' title='bbox 356 2275 602 2341; x_wconf 68' lang='lat' dir='ltr'><strong>praedicatonem</strong></span> <span class='ocrx_word' id='word_1_132' title='bbox 611 2271 906 2338; x_wconf 77' lang='lat' dir='ltr'><strong>domisiooopossiorsis</strong></span> <span class='ocrx_word' id='word_1_133' title='bbox 920 2270 1015 2338; x_wconf 87' lang='lat' dir='ltr'><strong>optime</strong></span> <span class='ocrx_word' id='word_1_134' title='bbox 1025 2270 1110 2337; x_wconf 76' lang='lat' dir='ltr'><strong>codd,</strong></span> <span class='ocrx_word' id='word_1_135' title='bbox 1124 2273 1192 2342; x_wconf 81' lang='lat' dir='ltr'><strong>vulg.</strong></span> <span class='ocrx_word' id='word_1_136' title='bbox 1205 2279 1303 2330; x_wconf 63' lang='lat' dir='ltr'><strong>domin.</strong></span> <span class='ocrx_word' id='word_1_137' title='bbox 1386 2301 1387 2318; x_wconf 55' lang='lat' dir='ltr'><strong>t</strong></span> 
     </span>
    </p>
   </div>
   <div class='ocr_carea' id='block_1_8' title="bbox 176 2349 1304 2431">
    <p class='ocr_par' dir='ltr' id='par_1_8' title="bbox 176 2349 1304 2431">
     <span class='ocr_line' id='line_1_17' title="bbox 176 2349 1304 2431; baseline 0.003 -17"><span class='ocrx_word' id='word_1_138' title='bbox 176 2349 189 2356; x_wconf 61' lang='grc'><em>”</em></span> <span class='ocrx_word' id='word_1_139' title='bbox 279 2379 355 2431; x_wconf 76' lang='lat' dir='ltr'><strong>poss.</strong></span> <span class='ocrx_word' id='word_1_140' title='bbox 373 2362 541 2430; x_wconf 71' lang='lat' dir='ltr'><strong>prodtcamr</strong></span> <span class='ocrx_word' id='word_1_141' title='bbox 559 2366 638 2428; x_wconf 66' lang='lat' dir='ltr'><strong>esem.</strong></span> <span class='ocrx_word' id='word_1_142' title='bbox 672 2355 800 2408; x_wconf 85' lang='lat' dir='ltr'><strong>Omittitur</strong></span> <span class='ocrx_word' id='word_1_143' title='bbox 818 2360 865 2411; x_wconf 83' lang='lat' dir='ltr'><strong>scd</strong></span> <span class='ocrx_word' id='word_1_144' title='bbox 883 2359 908 2408; x_wconf 87' lang='lat' dir='ltr'><strong>io</strong></span> <span class='ocrx_word' id='word_1_145' title='bbox 922 2357 952 2408; x_wconf 78' lang='lat' dir='ltr'><strong>A.</strong></span> <span class='ocrx_word' id='word_1_146' title='bbox 985 2356 1074 2410; x_wconf 75' lang='lat' dir='ltr'><strong>Statim</strong></span> <span class='ocrx_word' id='word_1_147' title='bbox 1085 2364 1304 2430; x_wconf 75' lang='lat' dir='ltr'><strong>sapientissimos</strong></span> 
     </span>
    </p>
   </div>
   <div class='ocr_carea' id='block_1_9' title="bbox 266 2442 1303 2606">
    <p class='ocr_par' dir='ltr' id='par_1_9' title="bbox 266 2442 1303 2606">
     <span class='ocr_line' id='line_1_18' title="bbox 266 2442 1303 2503; baseline 0.005 -10"><span class='ocrx_word' id='word_1_148' title='bbox 266 2450 397 2502; x_wconf 60' lang='lat' dir='ltr'><strong>dortour</strong></span> <span class='ocrx_word' id='word_1_149' title='bbox 414 2443 502 2496; x_wconf 77' lang='lat' dir='ltr'><strong>scribit</strong></span> <span class='ocrx_word' id='word_1_150' title='bbox 514 2442 555 2494; x_wconf 85' lang='lat' dir='ltr'><strong>W.</strong></span> <span class='ocrx_word' id='word_1_151' title='bbox 591 2445 618 2503; x_wconf 81' lang='lat'><strong>7)</strong></span> <span class='ocrx_word' id='word_1_152' title='bbox 637 2446 680 2497; x_wconf 81' lang='lat' dir='ltr'><strong>ool</strong></span> <span class='ocrx_word' id='word_1_153' title='bbox 697 2445 834 2498; x_wconf 78' lang='lat' dir='ltr'><strong>discordie</strong></span> <span class='ocrx_word' id='word_1_154' title='bbox 848 2443 878 2494; x_wconf 90' lang='lat' dir='ltr'><strong>tt.</strong></span> <span class='ocrx_word' id='word_1_155' title='bbox 915 2442 976 2494; x_wconf 83' lang='lat' dir='ltr'><strong>Turn</strong></span> <span class='ocrx_word' id='word_1_156' title='bbox 995 2448 1023 2498; x_wconf 88' lang='lat' dir='ltr'><strong>in</strong></span> <span class='ocrx_word' id='word_1_157' title='bbox 1036 2447 1202 2500; x_wconf 80' lang='lat' dir='ltr'><strong>Cbrr&#39;rtr&#39;orn’r</strong></span> <span class='ocrx_word' id='word_1_158' title='bbox 1217 2447 1257 2498; x_wconf 84' lang='lat' dir='ltr'><strong>ttb</strong></span> <span class='ocrx_word' id='word_1_159' title='bbox 1279 2456 1303 2498; x_wconf 88' lang='lat' dir='ltr'><strong>et</strong></span> 
     </span>
     <span class='ocr_line' id='line_1_19' title="bbox 279 2527 1302 2606; baseline -0.001 -19"><span class='ocrx_word' id='word_1_160' title='bbox 279 2537 351 2587; x_wconf 82' lang='lat' dir='ltr'><strong>debet</strong></span> <span class='ocrx_word' id='word_1_161' title='bbox 368 2546 414 2599; x_wconf 89' lang='lat' dir='ltr'><strong>pro</strong></span> <span class='ocrx_word' id='word_1_162' title='bbox 433 2533 521 2584; x_wconf 74' lang='lat' dir='ltr'><strong>soon</strong></span> <span class='ocrx_word' id='word_1_163' title='bbox 539 2527 585 2579; x_wconf 91' lang='lat' dir='ltr'><strong>Bb.</strong></span> <span class='ocrx_word' id='word_1_164' title='bbox 623 2529 700 2593; x_wconf 71' lang='lat' dir='ltr'><strong>dtr&#39;n</strong></span> <span class='ocrx_word' id='word_1_165' title='bbox 717 2533 795 2584; x_wconf 84' lang='lat' dir='ltr'><strong>corde</strong></span> <span class='ocrx_word' id='word_1_166' title='bbox 814 2530 864 2582; x_wconf 84' lang='lat' dir='ltr'><strong>bib.</strong></span> <span class='ocrx_word' id='word_1_167' title='bbox 900 2529 966 2582; x_wconf 83' lang='lat' dir='ltr'><strong>Deio</strong></span> <span class='ocrx_word' id='word_1_168' title='bbox 985 2541 1031 2586; x_wconf 86' lang='lat' dir='ltr'><strong>out</strong></span> <span class='ocrx_word' id='word_1_169' title='bbox 1048 2535 1111 2586; x_wconf 87' lang='lat' dir='ltr'><strong>boec</strong></span> <span class='ocrx_word' id='word_1_170' title='bbox 1136 2541 1162 2606; x_wconf 84' lang='lat' dir='ltr'><strong>et</strong></span> <span class='ocrx_word' id='word_1_171' title='bbox 1189 2538 1230 2589; x_wconf 87' lang='lat' dir='ltr'><strong>ibi</strong></span> <span class='ocrx_word' id='word_1_172' title='bbox 1255 2551 1302 2603; x_wconf 89' lang='lat' dir='ltr'><strong>pro</strong></span> 
     </span>
    </p>
   </div>
   <div class='ocr_carea' id='block_1_10' title="bbox 279 2610 1385 2706">
    <p class='ocr_par' dir='ltr' id='par_1_10' title="bbox 279 2610 1385 2706">
     <span class='ocr_line' id='line_1_20' title="bbox 279 2610 1385 2706; baseline 0.001 -16"><span class='ocrx_word' id='word_1_173' title='bbox 279 2639 335 2690; x_wconf 83' lang='lat' dir='ltr'><strong>illio</strong></span> <span class='ocrx_word' id='word_1_174' title='bbox 348 2634 393 2684; x_wconf 83' lang='lat' dir='ltr'><strong>tte.</strong></span> <span class='ocrx_word' id='word_1_175' title='bbox 430 2631 457 2682; x_wconf 91' lang='lat' dir='ltr'><strong>ln</strong></span> <span class='ocrx_word' id='word_1_176' title='bbox 476 2647 548 2700; x_wconf 83' lang='lat' dir='ltr'><strong>seqq.</strong></span> <span class='ocrx_word' id='word_1_177' title='bbox 568 2635 700 2686; x_wconf 76' lang='lat' dir='ltr'><strong>discertent</strong></span> <span class='ocrx_word' id='word_1_178' title='bbox 713 2630 760 2698; x_wconf 85' lang='lat' dir='ltr'><strong>Bb,</strong></span> <span class='ocrx_word' id='word_1_179' title='bbox 779 2610 916 2688; x_wconf 54' lang='lat' dir='ltr'><strong>&amp;eredunt</strong></span> <span class='ocrx_word' id='word_1_180' title='bbox 935 2638 961 2700; x_wconf 90' lang='lat' dir='ltr'><strong>(s</strong></span> <span class='ocrx_word' id='word_1_181' title='bbox 979 2635 1010 2686; x_wconf 86' lang='lat' dir='ltr'><strong>ub</strong></span> <span class='ocrx_word' id='word_1_182' title='bbox 1027 2651 1046 2687; x_wconf 90' lang='lat' dir='ltr'><strong>r.</strong></span> <span class='ocrx_word' id='word_1_183' title='bbox 1064 2651 1094 2688; x_wconf 90' lang='lat' dir='ltr'><strong>rn.</strong></span> <span class='ocrx_word' id='word_1_184' title='bbox 1108 2639 1303 2706; x_wconf 76' lang='lat' dir='ltr'><strong>superscripto)</strong></span> <span class='ocrx_word' id='word_1_185' title='bbox 1384 2627 1385 2630; x_wconf 26' lang='lat'>¹</span> 
     </span>
    </p>
   </div>
   <div class='ocr_carea' id='block_1_11' title="bbox 279 2719 1303 2786">
    <p class='ocr_par' dir='ltr' id='par_1_11' title="bbox 279 2719 1303 2786">
     <span class='ocr_line' id='line_1_21' title="bbox 279 2719 1303 2786; baseline 0.003 -13"><span class='ocrx_word' id='word_1_186' title='bbox 279 2721 331 2786; x_wconf 84' lang='lat' dir='ltr'><strong>bic,</strong></span> <span class='ocrx_word' id='word_1_187' title='bbox 351 2723 454 2772; x_wconf 84' lang='lat' dir='ltr'><strong>inverso</strong></span> <span class='ocrx_word' id='word_1_188' title='bbox 472 2719 562 2770; x_wconf 82' lang='lat' dir='ltr'><strong>ordine</strong></span> <span class='ocrx_word' id='word_1_189' title='bbox 581 2722 715 2774; x_wconf 84' lang='lat' dir='ltr'><strong>discedent</strong></span> <span class='ocrx_word' id='word_1_190' title='bbox 735 2724 850 2774; x_wconf 69' lang='lat' dir='ltr'><strong>excluso</strong></span> <span class='ocrx_word' id='word_1_191' title='bbox 867 2721 926 2774; x_wconf 87' lang='lat' dir='ltr'><strong>edd.</strong></span> <span class='ocrx_word' id='word_1_192' title='bbox 946 2730 1007 2774; x_wconf 84' lang='lat' dir='ltr'><strong>vett.</strong></span> <span class='ocrx_word' id='word_1_193' title='bbox 1028 2739 1050 2774; x_wconf 91' lang='lat' dir='ltr'><strong>c.</strong></span> <span class='ocrx_word' id='word_1_194' title='bbox 1069 2721 1166 2774; x_wconf 82' lang='lat' dir='ltr'><strong>Eresm.</strong></span> <span class='ocrx_word' id='word_1_195' title='bbox 1188 2733 1217 2774; x_wconf 88' lang='lat' dir='ltr'><strong>ct</strong></span> <span class='ocrx_word' id='word_1_196' title='bbox 1236 2724 1303 2776; x_wconf 86' lang='lat' dir='ltr'><strong>blor.</strong></span> 
     </span>
    </p>
   </div>
   <div class='ocr_carea' id='block_1_12' title="bbox 277 2806 1305 2962">
    <p class='ocr_par' dir='ltr' id='par_1_12' title="bbox 277 2806 1305 2962">
     <span class='ocr_line' id='line_1_22' title="bbox 277 2806 1303 2877; baseline 0.005 -18"><span class='ocrx_word' id='word_1_197' title='bbox 277 2807 390 2861; x_wconf 84' lang='lat' dir='ltr'><strong>Proximo</strong></span> <span class='ocrx_word' id='word_1_198' title='bbox 410 2806 503 2858; x_wconf 74' lang='lat' dir='ltr'><strong>verber</strong></span> <span class='ocrx_word' id='word_1_199' title='bbox 532 2816 562 2860; x_wconf 86' lang='lat' dir='ltr'><strong>ut</strong></span> <span class='ocrx_word' id='word_1_200' title='bbox 578 2808 742 2861; x_wconf 75' lang='lat' dir='ltr'><strong>domicilium</strong></span> <span class='ocrx_word' id='word_1_201' title='bbox 761 2835 791 2846; x_wconf 92' lang='lat'><em>-</em></span> <span class='ocrx_word' id='word_1_202' title='bbox 813 2839 844 2850; x_wconf 85' lang='lat'><em>-</em></span> <span class='ocrx_word' id='word_1_203' title='bbox 864 2811 968 2862; x_wconf 72' lang='lat' dir='ltr'><strong>delectet</strong></span> <span class='ocrx_word' id='word_1_204' title='bbox 989 2813 1122 2877; x_wconf 78' lang='lat' dir='ltr'><strong>doliture,</strong></span> <span class='ocrx_word' id='word_1_205' title='bbox 1151 2811 1247 2864; x_wconf 85' lang='lat' dir='ltr'><strong>desunt</strong></span> <span class='ocrx_word' id='word_1_206' title='bbox 1276 2814 1303 2864; x_wconf 87' lang='lat' dir='ltr'><strong>in</strong></span> 
     </span>
     <span class='ocr_line' id='line_1_23' title="bbox 277 2892 1305 2962; baseline 0.002 -14"><span class='ocrx_word' id='word_1_207' title='bbox 277 2895 330 2962; x_wconf 86' lang='lat' dir='ltr'><strong>Bb,</strong></span> <span class='ocrx_word' id='word_1_208' title='bbox 357 2901 385 2950; x_wconf 88' lang='lat' dir='ltr'><strong>in</strong></span> <span class='ocrx_word' id='word_1_209' title='bbox 410 2899 488 2950; x_wconf 77' lang='lat' dir='ltr'><strong>corde</strong></span> <span class='ocrx_word' id='word_1_210' title='bbox 511 2909 561 2946; x_wconf 89' lang='lat' dir='ltr'><strong>om.</strong></span> <span class='ocrx_word' id='word_1_211' title='bbox 582 2892 629 2945; x_wconf 84' lang='lat' dir='ltr'><strong>blo.</strong></span> <span class='ocrx_word' id='word_1_212' title='bbox 676 2892 704 2956; x_wconf 83' lang='lat'><strong>9)</strong></span> <span class='ocrx_word' id='word_1_213' title='bbox 728 2894 836 2945; x_wconf 85' lang='lat' dir='ltr'><strong>tldditur</strong></span> <span class='ocrx_word' id='word_1_214' title='bbox 854 2897 966 2950; x_wconf 80' lang='lat' dir='ltr'><strong>Paulus·</strong></span> <span class='ocrx_word' id='word_1_215' title='bbox 983 2896 1007 2946; x_wconf 92' lang='lat' dir='ltr'><strong>in</strong></span> <span class='ocrx_word' id='word_1_216' title='bbox 1025 2894 1084 2948; x_wconf 83' lang='lat' dir='ltr'><strong>Ver.</strong></span> <span class='ocrx_word' id='word_1_217' title='bbox 1123 2895 1184 2946; x_wconf 86' lang='lat' dir='ltr'><strong>Tum</strong></span> <span class='ocrx_word' id='word_1_218' title='bbox 1211 2909 1305 2952; x_wconf 73' lang='lat' dir='ltr'><strong>mosset</strong></span> 
     </span>
    </p>
   </div>
   <div class='ocr_carea' id='block_1_13' title="bbox 275 2977 1385 3051">
    <p class='ocr_par' dir='ltr' id='par_1_13' title="bbox 275 2977 1385 3051">
     <span class='ocr_line' id='line_1_24' title="bbox 275 2977 1385 3051; baseline 0.001 -17"><span class='ocrx_word' id='word_1_219' title='bbox 275 2999 321 3051; x_wconf 85' lang='lat' dir='ltr'><strong>pro</strong></span> <span class='ocrx_word' id='word_1_220' title='bbox 341 2987 413 3038; x_wconf 85' lang='lat' dir='ltr'><strong>docet</strong></span> <span class='ocrx_word' id='word_1_221' title='bbox 432 2983 518 3048; x_wconf 84' lang='lat' dir='ltr'><strong>inepte</strong></span> <span class='ocrx_word' id='word_1_222' title='bbox 536 2980 624 3032; x_wconf 81' lang='lat' dir='ltr'><strong>scribit</strong></span> <span class='ocrx_word' id='word_1_223' title='bbox 642 2978 687 3032; x_wconf 89' lang='lat' dir='ltr'><strong>Bb.</strong></span> <span class='ocrx_word' id='word_1_224' title='bbox 728 2981 773 3046; x_wconf 78' lang='lat' dir='ltr'><strong>to)</strong></span> <span class='ocrx_word' id='word_1_225' title='bbox 792 2979 886 3047; x_wconf 80' lang='lat' dir='ltr'><strong>Ephes.</strong></span> <span class='ocrx_word' id='word_1_226' title='bbox 906 2984 933 3046; x_wconf 80' lang='lat'><strong>4,</strong></span> <span class='ocrx_word' id='word_1_227' title='bbox 952 2983 994 3034; x_wconf 89' lang='grc'><strong>30.</strong></span> <span class='ocrx_word' id='word_1_228' title='bbox 1034 2983 1078 3044; x_wconf 83' lang='grc'><strong>11)</strong></span> <span class='ocrx_word' id='word_1_229' title='bbox 1098 2985 1303 3037; x_wconf 70' lang='grc' dir='ltr'><strong>σικιήειιιήΑ</strong></span> <span class='ocrx_word' id='word_1_230' title='bbox 1384 2977 1385 3006; x_wconf 63' lang='lat'><strong>³</strong></span> 
     </span>
    </p>
   </div>
   <div class='ocr_carea' id='block_1_14' title="bbox 250 3065 1304 3986">
    <p class='ocr_par' dir='ltr' id='par_1_14' title="bbox 250 3065 1304 3986">
     <span class='ocr_line' id='line_1_25' title="bbox 273 3065 1303 3137; baseline -0.001 -16"><span class='ocrx_word' id='word_1_231' title='bbox 273 3079 429 3136; x_wconf 84' lang='lat' dir='ltr'><strong>veteresque</strong></span> <span class='ocrx_word' id='word_1_232' title='bbox 448 3069 506 3119; x_wconf 87' lang='lat' dir='ltr'><strong>cdd.</strong></span> <span class='ocrx_word' id='word_1_233' title='bbox 526 3083 548 3118; x_wconf 91' lang='lat' dir='ltr'><strong>c.</strong></span> <span class='ocrx_word' id='word_1_234' title='bbox 570 3066 665 3119; x_wconf 82' lang='lat' dir='ltr'><strong>Eresm.</strong></span> <span class='ocrx_word' id='word_1_235' title='bbox 687 3075 712 3118; x_wconf 83' lang='lat' dir='ltr'><strong>et</strong></span> <span class='ocrx_word' id='word_1_236' title='bbox 732 3065 805 3130; x_wconf 77' lang='lat' dir='ltr'><strong>lion,</strong></span> <span class='ocrx_word' id='word_1_237' title='bbox 824 3069 884 3118; x_wconf 90' lang='lat' dir='ltr'><strong>item</strong></span> <span class='ocrx_word' id='word_1_238' title='bbox 905 3067 942 3119; x_wconf 77' lang='lat' dir='ltr'><strong>tto</strong></span> <span class='ocrx_word' id='word_1_239' title='bbox 960 3069 985 3119; x_wconf 90' lang='lat' dir='ltr'><strong>iu</strong></span> <span class='ocrx_word' id='word_1_240' title='bbox 1004 3067 1070 3121; x_wconf 83' lang='lat' dir='ltr'><strong>Test.</strong></span> <span class='ocrx_word' id='word_1_241' title='bbox 1090 3068 1131 3120; x_wconf 89' lang='grc' dir='ltr'><strong>ΙΙΙ.</strong></span> <span class='ocrx_word' id='word_1_242' title='bbox 1150 3069 1174 3120; x_wconf 79' lang='grc'><strong>7.</strong></span> <span class='ocrx_word' id='word_1_243' title='bbox 1195 3086 1222 3137; x_wconf 91' lang='lat' dir='ltr'><strong>p.</strong></span> <span class='ocrx_word' id='word_1_244' title='bbox 1237 3072 1303 3122; x_wconf 83' lang='lat'><strong>306.</strong></span> 
     </span>
     <span class='ocr_line' id='line_1_26' title="bbox 273 3153 1303 3220; baseline 0.001 -13"><span class='ocrx_word' id='word_1_245' title='bbox 273 3155 336 3206; x_wconf 79' lang='lat' dir='ltr'><strong>Tum</strong></span> <span class='ocrx_word' id='word_1_246' title='bbox 361 3158 390 3206; x_wconf 87' lang='lat' dir='ltr'><strong>io</strong></span> <span class='ocrx_word' id='word_1_247' title='bbox 416 3157 457 3207; x_wconf 86' lang='lat' dir='ltr'><strong>die</strong></span> <span class='ocrx_word' id='word_1_248' title='bbox 477 3153 516 3203; x_wconf 86' lang='lat' dir='ltr'><strong>W.</strong></span> <span class='ocrx_word' id='word_1_249' title='bbox 540 3153 585 3204; x_wconf 79' lang='lat' dir='ltr'><strong>tte.</strong></span> <span class='ocrx_word' id='word_1_250' title='bbox 604 3153 642 3204; x_wconf 82' lang='lat' dir='ltr'><strong>ilb</strong></span> <span class='ocrx_word' id='word_1_251' title='bbox 667 3162 693 3204; x_wconf 86' lang='lat' dir='ltr'><strong>ct</strong></span> <span class='ocrx_word' id='word_1_252' title='bbox 718 3155 742 3204; x_wconf 89' lang='lat' dir='ltr'><strong>io</strong></span> <span class='ocrx_word' id='word_1_253' title='bbox 762 3153 829 3206; x_wconf 67' lang='lat' dir='ltr'><strong>&#39;iesu</strong></span> <span class='ocrx_word' id='word_1_254' title='bbox 850 3153 897 3205; x_wconf 80' lang='lat' dir='ltr'><strong>dib.</strong></span> <span class='ocrx_word' id='word_1_255' title='bbox 946 3154 990 3220; x_wconf 77' lang='lat'><strong>12)</strong></span> <span class='ocrx_word' id='word_1_256' title='bbox 1010 3159 1101 3210; x_wconf 70' lang='lat' dir='ltr'><strong>clerieo</strong></span> <span class='ocrx_word' id='word_1_257' title='bbox 1120 3153 1165 3206; x_wconf 87' lang='lat' dir='ltr'><strong>Bb.</strong></span> <span class='ocrx_word' id='word_1_258' title='bbox 1206 3156 1303 3208; x_wconf 72' lang='lat' dir='ltr'><strong>stetim</strong></span> 
     </span>
     <span class='ocr_line' id='line_1_27' title="bbox 272 3239 1302 3309; baseline 0.003 -16"><span class='ocrx_word' id='word_1_259' title='bbox 272 3243 447 3308; x_wconf 78' lang='lat' dir='ltr'><strong>blasphemius</strong></span> <span class='ocrx_word' id='word_1_260' title='bbox 470 3239 509 3292; x_wconf 84' lang='lat' dir='ltr'><strong>tte</strong></span> <span class='ocrx_word' id='word_1_261' title='bbox 534 3249 560 3292; x_wconf 87' lang='lat' dir='ltr'><strong>et</strong></span> <span class='ocrx_word' id='word_1_262' title='bbox 585 3239 625 3289; x_wconf 87' lang='lat' dir='ltr'><strong>ttb</strong></span> <span class='ocrx_word' id='word_1_263' title='bbox 653 3241 677 3290; x_wconf 88' lang='lat' dir='ltr'><strong>in</strong></span> <span class='ocrx_word' id='word_1_264' title='bbox 701 3239 769 3292; x_wconf 82' lang='lat' dir='ltr'><strong>Test.</strong></span> <span class='ocrx_word' id='word_1_265' title='bbox 813 3239 877 3291; x_wconf 84' lang='lat' dir='ltr'><strong>Dein</strong></span> <span class='ocrx_word' id='word_1_266' title='bbox 902 3245 1062 3309; x_wconf 73' lang='lat' dir='ltr'><strong>cosmootur</strong></span> <span class='ocrx_word' id='word_1_267' title='bbox 1085 3239 1127 3293; x_wconf 70' lang='lat' dir='ltr'><strong>tta.</strong></span> <span class='ocrx_word' id='word_1_268' title='bbox 1156 3242 1196 3292; x_wconf 86' lang='lat' dir='ltr'><strong>blo</strong></span> <span class='ocrx_word' id='word_1_269' title='bbox 1221 3251 1249 3294; x_wconf 80' lang='lat' dir='ltr'><strong>et</strong></span> <span class='ocrx_word' id='word_1_270' title='bbox 1279 3245 1302 3296; x_wconf 82' lang='grc' dir='ltr'><strong>Α</strong></span> 
     </span>
     <span class='ocr_line' id='line_1_28' title="bbox 273 3324 1303 3406; baseline 0.002 -27"><span class='ocrx_word' id='word_1_271' title='bbox 273 3333 425 3393; x_wconf 85' lang='lat' dir='ltr'><strong>veteresque</strong></span> <span class='ocrx_word' id='word_1_272' title='bbox 444 3326 502 3378; x_wconf 89' lang='lat' dir='ltr'><strong>edd.</strong></span> <span class='ocrx_word' id='word_1_273' title='bbox 523 3341 546 3376; x_wconf 90' lang='lat' dir='ltr'><strong>o.</strong></span> <span class='ocrx_word' id='word_1_274' title='bbox 565 3324 662 3376; x_wconf 80' lang='lat' dir='ltr'><strong>Eresos.</strong></span> <span class='ocrx_word' id='word_1_275' title='bbox 683 3335 709 3377; x_wconf 86' lang='lat' dir='ltr'><strong>ct</strong></span> <span class='ocrx_word' id='word_1_276' title='bbox 729 3326 807 3390; x_wconf 77' lang='lat' dir='ltr'><strong>biom,</strong></span> <span class='ocrx_word' id='word_1_277' title='bbox 830 3331 983 3396; x_wconf 70' lang='lat' dir='ltr'><strong>auferentur</strong></span> <span class='ocrx_word' id='word_1_278' title='bbox 1003 3326 1035 3377; x_wconf 85' lang='lat' dir='ltr'>W</span> <span class='ocrx_word' id='word_1_279' title='bbox 1055 3335 1081 3378; x_wconf 91' lang='lat' dir='ltr'><strong>et</strong></span> <span class='ocrx_word' id='word_1_280' title='bbox 1101 3327 1148 3379; x_wconf 79' lang='lat' dir='ltr'><strong>ttr.</strong></span> <span class='ocrx_word' id='word_1_281' title='bbox 1186 3327 1303 3406; x_wconf 73' lang='lat' dir='ltr'><strong>Legitur</strong></span> 
     </span>
     <span class='ocr_line' id='line_1_29' title="bbox 271 3403 1303 3484; baseline 0.002 -18"><span class='ocrx_word' id='word_1_282' title='bbox 271 3419 429 3480; x_wconf 74' lang='lat' dir='ltr'><strong>auferentur</strong></span> <span class='ocrx_word' id='word_1_283' title='bbox 447 3415 523 3465; x_wconf 83' lang='lat' dir='ltr'><strong>etiem</strong></span> <span class='ocrx_word' id='word_1_284' title='bbox 543 3403 566 3462; x_wconf 86' lang='lat' dir='ltr'><strong>in</strong></span> <span class='ocrx_word' id='word_1_285' title='bbox 586 3410 663 3477; x_wconf 77' lang='lat' dir='ltr'><strong>lest,</strong></span> <span class='ocrx_word' id='word_1_286' title='bbox 683 3413 727 3466; x_wconf 92' lang='lat' dir='ltr'><strong>ubi</strong></span> <span class='ocrx_word' id='word_1_287' title='bbox 742 3413 773 3462; x_wconf 90' lang='lat' dir='ltr'>W</span> <span class='ocrx_word' id='word_1_288' title='bbox 792 3421 819 3464; x_wconf 88' lang='lat' dir='ltr'><strong>et</strong></span> <span class='ocrx_word' id='word_1_289' title='bbox 838 3412 872 3464; x_wconf 86' lang='lat' dir='ltr'><strong>Be</strong></span> <span class='ocrx_word' id='word_1_290' title='bbox 893 3413 1015 3478; x_wconf 64' lang='lat' dir='ltr'><strong>exbibens</strong></span> <span class='ocrx_word' id='word_1_291' title='bbox 1033 3417 1183 3483; x_wconf 73' lang='lat' dir='ltr'><strong>auferatur,</strong></span> <span class='ocrx_word' id='word_1_292' title='bbox 1205 3415 1303 3484; x_wconf 84' lang='lat' dir='ltr'><strong>ibique</strong></span> 
     </span>
     <span class='ocr_line' id='line_1_30' title="bbox 270 3497 1304 3567; baseline 0.008 -18"><span class='ocrx_word' id='word_1_293' title='bbox 270 3508 327 3567; x_wconf 88' lang='lat' dir='ltr'><strong>post</strong></span> <span class='ocrx_word' id='word_1_294' title='bbox 352 3519 368 3552; x_wconf 85' lang='lat' dir='ltr'><strong>o</strong></span> <span class='ocrx_word' id='word_1_295' title='bbox 390 3497 467 3554; x_wconf 76' lang='lat' dir='ltr'><strong>cobis</strong></span> <span class='ocrx_word' id='word_1_296' title='bbox 494 3498 527 3548; x_wconf 75' lang='lat' dir='ltr'><strong>ur</strong></span> <span class='ocrx_word' id='word_1_297' title='bbox 552 3498 622 3550; x_wconf 82' lang='lat' dir='ltr'><strong>oden</strong></span> <span class='ocrx_word' id='word_1_298' title='bbox 647 3518 706 3554; x_wconf 84' lang='lat' dir='ltr'><strong>cum</strong></span> <span class='ocrx_word' id='word_1_299' title='bbox 729 3504 800 3554; x_wconf 78' lang='lat' dir='ltr'><strong>omos·</strong></span> <span class='ocrx_word' id='word_1_300' title='bbox 816 3503 927 3554; x_wconf 85' lang='lat' dir='ltr'><strong>molitio.</strong></span> <span class='ocrx_word' id='word_1_301' title='bbox 965 3499 1004 3552; x_wconf 86' lang='lat' dir='ltr'><strong>Ci.</strong></span> <span class='ocrx_word' id='word_1_302' title='bbox 1023 3504 1156 3554; x_wconf 79' lang='lat' dir='ltr'><strong>Selotier.</strong></span> <span class='ocrx_word' id='word_1_303' title='bbox 1204 3503 1253 3565; x_wconf 86' lang='grc'><strong>13)</strong></span> <span class='ocrx_word' id='word_1_304' title='bbox 1277 3513 1304 3557; x_wconf 84' lang='lat' dir='ltr'><strong>et</strong></span> 
     </span>
     <span class='ocr_line' id='line_1_31' title="bbox 269 3584 1300 3648; baseline 0.003 -11"><span class='ocrx_word' id='word_1_305' title='bbox 269 3588 338 3638; x_wconf 83' lang='lat' dir='ltr'><strong>lenis</strong></span> <span class='ocrx_word' id='word_1_306' title='bbox 357 3585 377 3635; x_wconf 82' lang='lat' dir='ltr'>A</span> <span class='ocrx_word' id='word_1_307' title='bbox 397 3603 419 3636; x_wconf 89' lang='lat' dir='ltr'><strong>o.</strong></span> <span class='ocrx_word' id='word_1_308' title='bbox 440 3585 480 3634; x_wconf 91' lang='lat' dir='ltr'><strong>ed.</strong></span> <span class='ocrx_word' id='word_1_309' title='bbox 504 3584 585 3648; x_wconf 70' lang='lat' dir='ltr'><strong>Dan,</strong></span> <span class='ocrx_word' id='word_1_310' title='bbox 612 3589 744 3640; x_wconf 72' lang='lat' dir='ltr'><strong>cuidonis</strong></span> <span class='ocrx_word' id='word_1_311' title='bbox 769 3593 871 3636; x_wconf 74' lang='lat' dir='ltr'><strong>ceterae</strong></span> <span class='ocrx_word' id='word_1_312' title='bbox 892 3585 952 3636; x_wconf 90' lang='lat' dir='ltr'><strong>odd.</strong></span> <span class='ocrx_word' id='word_1_313' title='bbox 972 3587 1127 3636; x_wconf 84' lang='lat' dir='ltr'><strong>vetustiores</strong></span> <span class='ocrx_word' id='word_1_314' title='bbox 1146 3594 1172 3637; x_wconf 87' lang='lat' dir='ltr'><strong>ct</strong></span> <span class='ocrx_word' id='word_1_315' title='bbox 1192 3585 1300 3640; x_wconf 85' lang='lat' dir='ltr'><strong>Erssm.</strong></span> 
     </span>
     <span class='ocr_line' id='line_1_32' title="bbox 250 3669 1301 3738; baseline 0.006 -15"><span class='ocrx_word' id='word_1_316' title='bbox 250 3669 334 3729; x_wconf 66' lang='lat' dir='ltr'><strong>„blois</strong></span> <span class='ocrx_word' id='word_1_317' title='bbox 359 3674 389 3722; x_wconf 81' lang='lat' dir='ltr'><strong>irs</strong></span> <span class='ocrx_word' id='word_1_318' title='bbox 412 3680 519 3738; x_wconf 79' lang='lat' dir='ltr'><strong>portum</strong></span> <span class='ocrx_word' id='word_1_319' title='bbox 543 3670 588 3722; x_wconf 85' lang='lat' dir='ltr'><strong>Bo.</strong></span> <span class='ocrx_word' id='word_1_320' title='bbox 630 3671 691 3723; x_wconf 84' lang='lat' dir='ltr'><strong>Tum</strong></span> <span class='ocrx_word' id='word_1_321' title='bbox 718 3689 766 3726; x_wconf 85' lang='lat' dir='ltr'><strong>uec</strong></span> <span class='ocrx_word' id='word_1_322' title='bbox 792 3674 954 3726; x_wconf 77' lang='lat' dir='ltr'><strong>discordium</strong></span> <span class='ocrx_word' id='word_1_323' title='bbox 981 3686 1028 3738; x_wconf 87' lang='lat' dir='ltr'><strong>pro</strong></span> <span class='ocrx_word' id='word_1_324' title='bbox 1053 3681 1099 3725; x_wconf 82' lang='lat' dir='ltr'><strong>out</strong></span> <span class='ocrx_word' id='word_1_325' title='bbox 1124 3675 1301 3729; x_wconf 72' lang='lat' dir='ltr'><strong>discordiosis</strong></span> 
     </span>
     <span class='ocr_line' id='line_1_33' title="bbox 268 3743 1300 3826; baseline 0.004 -18"><span class='ocrx_word' id='word_1_326' title='bbox 268 3756 439 3824; x_wconf 78' lang='lat' dir='ltr'><strong>praebuerunt</strong></span> <span class='ocrx_word' id='word_1_327' title='bbox 464 3757 537 3808; x_wconf 85' lang='lat' dir='ltr'><strong>codd.</strong></span> <span class='ocrx_word' id='word_1_328' title='bbox 558 3774 646 3810; x_wconf 86' lang='lat' dir='ltr'><strong>omnes</strong></span> <span class='ocrx_word' id='word_1_329' title='bbox 666 3768 691 3810; x_wconf 85' lang='lat' dir='ltr'><strong>et</strong></span> <span class='ocrx_word' id='word_1_330' title='bbox 710 3758 838 3826; x_wconf 79' lang='lat' dir='ltr'><strong>exemplos</strong></span> <span class='ocrx_word' id='word_1_331' title='bbox 856 3757 919 3810; x_wconf 81' lang='lat' dir='ltr'><strong>Dor.</strong></span> <span class='ocrx_word' id='word_1_332' title='bbox 955 3757 1012 3810; x_wconf 85' lang='lat' dir='ltr'><strong>blox</strong></span> <span class='ocrx_word' id='word_1_333' title='bbox 1036 3761 1080 3812; x_wconf 84' lang='lat' dir='ltr'><strong>cui</strong></span> <span class='ocrx_word' id='word_1_334' title='bbox 1106 3743 1181 3810; x_wconf 74' lang='lat' dir='ltr'><strong>decet</strong></span> <span class='ocrx_word' id='word_1_335' title='bbox 1207 3761 1232 3812; x_wconf 86' lang='lat' dir='ltr'><strong>in</strong></span> <span class='ocrx_word' id='word_1_336' title='bbox 1254 3759 1300 3812; x_wconf 87' lang='lat' dir='ltr'><strong>Bb</strong></span> 
     </span>
     <span class='ocr_line' id='line_1_34' title="bbox 268 3843 1302 3913; baseline 0.005 -18"><span class='ocrx_word' id='word_1_337' title='bbox 268 3850 294 3895; x_wconf 85' lang='lat' dir='ltr'><strong>ot</strong></span> <span class='ocrx_word' id='word_1_338' title='bbox 316 3859 365 3909; x_wconf 80' lang='lat' dir='ltr'><strong>pro</strong></span> <span class='ocrx_word' id='word_1_339' title='bbox 391 3851 450 3894; x_wconf 83' lang='lat' dir='ltr'><strong>uoto</strong></span> <span class='ocrx_word' id='word_1_340' title='bbox 473 3847 543 3896; x_wconf 85' lang='lat' dir='ltr'><strong>moto</strong></span> <span class='ocrx_word' id='word_1_341' title='bbox 569 3845 594 3894; x_wconf 89' lang='lat' dir='ltr'><strong>iu</strong></span> <span class='ocrx_word' id='word_1_342' title='bbox 614 3843 668 3908; x_wconf 77' lang='lat' dir='ltr'><strong>tte,</strong></span> <span class='ocrx_word' id='word_1_343' title='bbox 697 3861 770 3913; x_wconf 65' lang='lat' dir='ltr'><strong>mom</strong></span> <span class='ocrx_word' id='word_1_344' title='bbox 789 3845 1004 3913; x_wconf 76' lang='lat' dir='ltr'><strong>praepositionem</strong></span> <span class='ocrx_word' id='word_1_345' title='bbox 1023 3845 1050 3896; x_wconf 89' lang='lat' dir='ltr'><strong>io</strong></span> <span class='ocrx_word' id='word_1_346' title='bbox 1070 3843 1109 3894; x_wconf 90' lang='lat' dir='ltr'><strong>blo</strong></span> <span class='ocrx_word' id='word_1_347' title='bbox 1127 3860 1146 3894; x_wconf 61' lang='lat' dir='ltr'><strong>r,</strong></span> <span class='ocrx_word' id='word_1_348' title='bbox 1168 3861 1201 3898; x_wconf 92' lang='lat' dir='ltr'><strong>m.</strong></span> <span class='ocrx_word' id='word_1_349' title='bbox 1223 3850 1302 3900; x_wconf 73' lang='lat' dir='ltr'><strong>inser</strong></span> 
     </span>
     <span class='ocr_line' id='line_1_35' title="bbox 268 3925 817 3986; baseline 0.007 -8"><span class='ocrx_word' id='word_1_350' title='bbox 268 3927 357 3979; x_wconf 83' lang='lat' dir='ltr'><strong>v‘ersus</strong></span> <span class='ocrx_word' id='word_1_351' title='bbox 375 3925 480 3979; x_wconf 79' lang='lat' dir='ltr'><strong>eddidit.</strong></span> <span class='ocrx_word' id='word_1_352' title='bbox 518 3929 581 3982; x_wconf 79' lang='lat' dir='ltr'><strong>llein</strong></span> <span class='ocrx_word' id='word_1_353' title='bbox 601 3933 661 3986; x_wconf 84' lang='lat' dir='ltr'><strong>licet</strong></span> <span class='ocrx_word' id='word_1_354' title='bbox 676 3932 767 3984; x_wconf 86' lang='lat' dir='ltr'><strong>scribit</strong></span> <span class='ocrx_word' id='word_1_355' title='bbox 786 3933 817 3984; x_wconf 80' lang='grc' dir='ltr'><strong>Α.</strong></span> 
     </span>
    </p>
   </div>
   <div class='ocr_carea' id='block_1_15' title="bbox 0 0 1422 4686">
    <p class='ocr_par' dir='ltr' id='par_1_15' title="bbox 0 0 1422 4686">
     <span class='ocr_line' id='line_1_36' title="bbox 0 0 1422 4686; baseline 0 6"><span class='ocrx_word' id='word_1_356' title='bbox 0 0 1422 4686; x_wconf 95' lang='lat' dir='ltr'><strong> </strong></span> 
     </span>
    </p>
   </div>
  </div>
 </body>
</html>
