<?xml version="1.0" encoding="UTF-8"?>
<!DOCTYPE html PUBLIC "-//W3C//DTD XHTML 1.0 Transitional//EN"
    "http://www.w3.org/TR/xhtml1/DTD/xhtml1-transitional.dtd">
<html xmlns="http://www.w3.org/1999/xhtml" xml:lang="en" lang="en">
 <head>
  <title>
</title>
<meta http-equiv="Content-Type" content="text/html;charset=utf-8" />
  <meta name='ocr-system' content='tesseract 3.04.00' />
  <meta name='ocr-capabilities' content='ocr_page ocr_carea ocr_par ocr_line ocrx_word'/>
</head>
<body>
  <div class='ocr_page' id='page_1' title='image "./libridecatholic00krabgoog_0219.png"; bbox 0 0 2882 4692; ppageno 0'>
   <div class='ocr_carea' id='block_1_1' title="bbox 760 417 782 480">
    <p class='ocr_par' dir='ltr' id='par_1_1' title="bbox 760 417 782 480">
     <span class='ocr_line' id='line_1_1' title="bbox 760 417 782 480; baseline 0 0"><span class='ocrx_word' id='word_1_1' title='bbox 760 417 782 480; x_wconf 81' lang='grc'>4</span> 
     </span>
    </p>
   </div>
   <div class='ocr_carea' id='block_1_2' title="bbox 245 570 1279 1109">
    <p class='ocr_par' dir='ltr' id='par_1_2' title="bbox 245 570 1279 1109">
     <span class='ocr_line' id='line_1_2' title="bbox 264 570 1278 656; baseline 0.008 -22"><span class='ocrx_word' id='word_1_2' title='bbox 264 580 379 654; x_wconf 90' lang='lat' dir='ltr'>tempus</span> <span class='ocrx_word' id='word_1_3' title='bbox 403 577 465 652; x_wconf 87' lang='lat' dir='ltr'>est,</span> <span class='ocrx_word' id='word_1_4' title='bbox 496 589 555 652; x_wconf 86' lang='lat' dir='ltr'>quo</span> <span class='ocrx_word' id='word_1_5' title='bbox 586 570 760 656; x_wconf 81' lang='lat' dir='ltr'>indulgente</span> <span class='ocrx_word' id='word_1_6' title='bbox 791 573 938 639; x_wconf 86' lang='lat' dir='ltr'>vindemia</span> <span class='ocrx_word' id='word_1_7' title='bbox 967 577 1082 641; x_wconf 90' lang='lat' dir='ltr'>solutus</span> <span class='ocrx_word' id='word_1_8' title='bbox 1111 579 1225 642; x_wconf 89' lang='lat' dir='ltr'>animus</span> <span class='ocrx_word' id='word_1_9' title='bbox 1248 581 1278 642; x_wconf 93' lang='lat' dir='ltr'>in</span> 
     </span>
     <span class='ocr_line' id='line_1_3' title="bbox 263 685 1279 774; baseline 0.004 -23"><span class='ocrx_word' id='word_1_10' title='bbox 263 689 391 770; x_wconf 85' lang='lat' dir='ltr'>quietem</span> <span class='ocrx_word' id='word_1_11' title='bbox 415 685 576 750; x_wconf 75' lang='lat' dir='ltr'>sollemnes</span> <span class='ocrx_word' id='word_1_12' title='bbox 600 703 634 748; x_wconf 91' lang='lat' dir='ltr'>ac</span> <span class='ocrx_word' id='word_1_13' title='bbox 657 692 747 748; x_wconf 91' lang='lat' dir='ltr'>statas</span> <span class='ocrx_word' id='word_1_14' title='bbox 771 689 839 751; x_wconf 90' lang='lat' dir='ltr'>anni</span> <span class='ocrx_word' id='word_1_15' title='bbox 868 685 1020 774; x_wconf 80' lang='lat' dir='ltr'>fatigantis</span> <span class='ocrx_word' id='word_1_16' title='bbox 1052 691 1178 757; x_wconf 87' lang='lat' dir='ltr'>indutias</span> <span class='ocrx_word' id='word_1_17' title='bbox 1208 709 1279 756; x_wconf 89' lang='lat' dir='ltr'>sor-</span> 
     </span>
     <span class='ocr_line' id='line_1_4' title="bbox 263 800 1278 884; baseline 0.006 -19"><span class='ocrx_word' id='word_1_18' title='bbox 263 805 357 866; x_wconf 89' lang='lat' dir='ltr'>tiatur.</span> <span class='ocrx_word' id='word_1_19' title='bbox 397 800 495 865; x_wconf 87' lang='lat' dir='ltr'>Lucus</span> <span class='ocrx_word' id='word_1_20' title='bbox 519 803 605 864; x_wconf 90' lang='lat' dir='ltr'>etiem</span> <span class='ocrx_word' id='word_1_21' title='bbox 628 819 694 864; x_wconf 91' lang='lat' dir='ltr'>cum</span> <span class='ocrx_word' id='word_1_22' title='bbox 712 800 768 864; x_wconf 89' lang='lat' dir='ltr'>&#39;die</span> <span class='ocrx_word' id='word_1_23' title='bbox 792 805 942 884; x_wconf 88' lang='lat' dir='ltr'>convenit,</span> <span class='ocrx_word' id='word_1_24' title='bbox 966 812 995 867; x_wconf 91' lang='lat' dir='ltr'>et</span> <span class='ocrx_word' id='word_1_25' title='bbox 1017 803 1180 870; x_wconf 76' lang='lat' dir='ltr'>mulcendis</span> <span class='ocrx_word' id='word_1_26' title='bbox 1204 826 1278 871; x_wconf 89' lang='lat' dir='ltr'>sen-</span> 
     </span>
     <span class='ocr_line' id='line_1_5' title="bbox 261 911 1277 992; baseline 0.003 -13"><span class='ocrx_word' id='word_1_27' title='bbox 261 916 342 980; x_wconf 89' lang='lat' dir='ltr'><strong>sibus</strong></span> <span class='ocrx_word' id='word_1_28' title='bbox 372 934 406 978; x_wconf 90' lang='lat' dir='ltr'>ao</span> <span class='ocrx_word' id='word_1_29' title='bbox 435 914 571 979; x_wconf 81' lang='lat' dir='ltr'>fovendis</span> <span class='ocrx_word' id='word_1_30' title='bbox 601 915 638 978; x_wconf 90' lang='lat' dir='ltr'>ad</span> <span class='ocrx_word' id='word_1_31' title='bbox 655 911 682 992; x_wconf 76' lang='grc'>3)</span> <span class='ocrx_word' id='word_1_32' title='bbox 713 916 797 978; x_wconf 86' lang='lat' dir='ltr'>lenes</span> <span class='ocrx_word' id='word_1_33' title='bbox 827 933 916 980; x_wconf 85' lang='lat' dir='ltr'>eures</span> <span class='ocrx_word' id='word_1_34' title='bbox 944 917 1121 983; x_wconf 89' lang='lat' dir='ltr'>blandientis</span> <span class='ocrx_word' id='word_1_35' title='bbox 1149 922 1277 984; x_wconf 78' lang='lat' dir='ltr'>autumni</span> 
     </span>
     <span class='ocr_line' id='line_1_6' title="bbox 245 1021 1277 1109; baseline 0.001 -14"><span class='ocrx_word' id='word_1_36' title='bbox 245 1021 414 1096; x_wconf 61' lang='lat' dir='ltr'>‘hortorum</span> <span class='ocrx_word' id='word_1_37' title='bbox 439 1029 531 1093; x_wconf 86' lang='lat' dir='ltr'>iacies</span> <span class='ocrx_word' id='word_1_38' title='bbox 554 1047 679 1094; x_wconf 80' lang='lat' dir='ltr'>amoena</span> <span class='ocrx_word' id='word_1_39' title='bbox 702 1031 858 1094; x_wconf 88' lang='lat' dir='ltr'>consentit.</span> <span class='ocrx_word' id='word_1_40' title='bbox 905 1031 957 1095; x_wconf 91' lang='lat' dir='ltr'>llic</span> <span class='ocrx_word' id='word_1_41' title='bbox 980 1032 1138 1098; x_wconf 87' lang='lat' dir='ltr'>iucundum</span> <span class='ocrx_word' id='word_1_42' title='bbox 1155 1031 1182 1109; x_wconf 83' lang='lat'>⁴)</span> <span class='ocrx_word' id='word_1_43' title='bbox 1206 1052 1277 1098; x_wconf 91' lang='lat' dir='ltr'>ser-</span> 
     </span>
    </p>
   </div>
   <div class='ocr_carea' id='block_1_3' title="bbox 262 1143 1380 1212">
    <p class='ocr_par' dir='ltr' id='par_1_3' title="bbox 262 1143 1380 1212">
     <span class='ocr_line' id='line_1_7' title="bbox 262 1143 1380 1212; baseline 0 -1"><span class='ocrx_word' id='word_1_44' title='bbox 262 1146 398 1211; x_wconf 91' lang='lat' dir='ltr'>monibus</span> <span class='ocrx_word' id='word_1_45' title='bbox 432 1143 509 1207; x_wconf 90' lang='lat' dir='ltr'>diam</span> <span class='ocrx_word' id='word_1_46' title='bbox 543 1143 654 1206; x_wconf 88' lang='lat' dir='ltr'>ducere</span> <span class='ocrx_word' id='word_1_47' title='bbox 689 1149 718 1207; x_wconf 86' lang='lat' dir='ltr'>et</span> <span class='ocrx_word' id='word_1_48' title='bbox 753 1144 939 1210; x_wconf 89' lang='lat' dir='ltr'>studentibus</span> <span class='ocrx_word' id='word_1_49' title='bbox 974 1146 1080 1211; x_wconf 81' lang='lat' dir='ltr'>fabulis</span> <span class='ocrx_word' id='word_1_50' title='bbox 1115 1149 1143 1212; x_wconf 91' lang='lat' dir='ltr'>in</span> <span class='ocrx_word' id='word_1_51' title='bbox 1179 1148 1277 1211; x_wconf 86' lang='lat' dir='ltr'>diviua</span> <span class='ocrx_word' id='word_1_52' title='bbox 1377 1180 1380 1182; x_wconf 97' lang='lat'>·</span> 
     </span>
    </p>
   </div>
   <div class='ocr_carea' id='block_1_4' title="bbox 261 1249 1277 1344">
    <p class='ocr_par' dir='ltr' id='par_1_4' title="bbox 261 1249 1277 1344">
     <span class='ocr_line' id='line_1_8' title="bbox 261 1249 1277 1344; baseline -0.001 -20"><span class='ocrx_word' id='word_1_53' title='bbox 261 1266 419 1343; x_wconf 80' lang='lat' dir='ltr'>praecepta</span> <span class='ocrx_word' id='word_1_54' title='bbox 449 1249 660 1321; x_wconf 87' lang='lat' dir='ltr'>conscientiam</span> <span class='ocrx_word' id='word_1_55' title='bbox 689 1259 820 1339; x_wconf 85' lang='lat' dir='ltr'>pecturis</span> <span class='ocrx_word' id='word_1_56' title='bbox 847 1259 981 1323; x_wconf 83' lang='lat' dir='ltr'>erudire:</span> <span class='ocrx_word' id='word_1_57' title='bbox 1023 1261 1066 1324; x_wconf 82' lang='lat' dir='ltr'>dc</span> <span class='ocrx_word' id='word_1_58' title='bbox 1084 1260 1109 1339; x_wconf 87' lang='lat'>⁵)</span> <span class='ocrx_word' id='word_1_59' title='bbox 1126 1281 1171 1344; x_wconf 59' lang='lat' dir='ltr'>‚ne</span> <span class='ocrx_word' id='word_1_60' title='bbox 1195 1263 1277 1343; x_wconf 89' lang='lat' dir='ltr'>loqui</span> 
     </span>
    </p>
   </div>
   <div class='ocr_carea' id='block_1_5' title="bbox 259 1403 470 1424">
    <p class='ocr_par' dir='ltr' id='par_1_5' title="bbox 259 1403 470 1424">
     <span class='ocr_line' id='line_1_9' title="bbox 259 1403 470 1424; baseline 0.005 -1"><span class='ocrx_word' id='word_1_61' title='bbox 259 1403 470 1424; x_wconf 64' lang='lat' dir='ltr'>ann-n——J</span> 
     </span>
    </p>
   </div>
   <div class='ocr_carea' id='block_1_6' title="bbox 172 1445 1276 2421">
    <p class='ocr_par' dir='ltr' id='par_1_6' title="bbox 172 1445 1276 2421">
     <span class='ocr_line' id='line_1_10' title="bbox 455 1445 469 1470; baseline 0 0"><span class='ocrx_word' id='word_1_62' title='bbox 455 1445 469 1470; x_wconf 79' lang='grc' dir='ltr'>Ι</span> 
     </span>
     <span class='ocr_line' id='line_1_11' title="bbox 261 1490 1275 1564; baseline -0.001 -17"><span class='ocrx_word' id='word_1_63' title='bbox 261 1496 344 1547; x_wconf 86' lang='lat' dir='ltr'>secuti</span> <span class='ocrx_word' id='word_1_64' title='bbox 361 1501 418 1545; x_wconf 87' lang='lat' dir='ltr'>sunt</span> <span class='ocrx_word' id='word_1_65' title='bbox 438 1490 534 1556; x_wconf 79' lang='lat' dir='ltr'>Oxum,</span> <span class='ocrx_word' id='word_1_66' title='bbox 553 1491 639 1544; x_wconf 76' lang='lat' dir='ltr'>Belus.</span> <span class='ocrx_word' id='word_1_67' title='bbox 660 1500 685 1544; x_wconf 89' lang='lat' dir='ltr'>et</span> <span class='ocrx_word' id='word_1_68' title='bbox 704 1490 809 1556; x_wconf 75' lang='lat' dir='ltr'>dolen..</span> <span class='ocrx_word' id='word_1_69' title='bbox 836 1511 912 1562; x_wconf 73' lang='lat' dir='ltr'>quom</span> <span class='ocrx_word' id='word_1_70' title='bbox 931 1509 977 1561; x_wconf 93' lang='lat' dir='ltr'>pro</span> <span class='ocrx_word' id='word_1_71' title='bbox 997 1514 1061 1564; x_wconf 74' lang='lat' dir='ltr'>quo,</span> <span class='ocrx_word' id='word_1_72' title='bbox 1089 1505 1115 1547; x_wconf 91' lang='lat' dir='ltr'>ut</span> <span class='ocrx_word' id='word_1_73' title='bbox 1133 1503 1233 1548; x_wconf 79' lang='lat' dir='ltr'>notetur</span> <span class='ocrx_word' id='word_1_74' title='bbox 1251 1497 1275 1546; x_wconf 91' lang='lat' dir='ltr'>in</span> 
     </span>
     <span class='ocr_line' id='line_1_12' title="bbox 261 1577 1275 1651; baseline 0 -17"><span class='ocrx_word' id='word_1_75' title='bbox 261 1579 398 1648; x_wconf 84' lang='lat' dir='ltr'>exemplari</span> <span class='ocrx_word' id='word_1_76' title='bbox 417 1579 536 1636; x_wconf 74' lang='lat' dir='ltr'>editionis</span> <span class='ocrx_word' id='word_1_77' title='bbox 556 1578 647 1631; x_wconf 84' lang='lat' dir='ltr'>llanut.</span> <span class='ocrx_word' id='word_1_78' title='bbox 668 1577 834 1648; x_wconf 63' lang='lat' dir='ltr'>Gottingae,</span> <span class='ocrx_word' id='word_1_79' title='bbox 854 1580 990 1648; x_wconf 86' lang='lat' dir='ltr'>legendum</span> <span class='ocrx_word' id='word_1_80' title='bbox 1009 1583 1186 1651; x_wconf 78' lang='lat' dir='ltr'>suspicabatur</span> <span class='ocrx_word' id='word_1_81' title='bbox 1203 1583 1275 1636; x_wconf 82' lang='lat' dir='ltr'>Leti-</span> 
     </span>
     <span class='ocr_line' id='line_1_13' title="bbox 260 1665 1275 1740; baseline 0.003 -19"><span class='ocrx_word' id='word_1_82' title='bbox 260 1671 323 1721; x_wconf 91' lang='lat' dir='ltr'>nius.</span> <span class='ocrx_word' id='word_1_83' title='bbox 361 1667 394 1718; x_wconf 80' lang='lat' dir='ltr'>At</span> <span class='ocrx_word' id='word_1_84' title='bbox 412 1669 438 1718; x_wconf 91' lang='lat' dir='ltr'>in</span> <span class='ocrx_word' id='word_1_85' title='bbox 456 1665 542 1718; x_wconf 83' lang='lat' dir='ltr'>Nostri</span> <span class='ocrx_word' id='word_1_86' title='bbox 561 1665 631 1718; x_wconf 83' lang='lat' dir='ltr'>libris</span> <span class='ocrx_word' id='word_1_87' title='bbox 650 1668 793 1734; x_wconf 82' lang='lat' dir='ltr'>et&#39;scriptis</span> <span class='ocrx_word' id='word_1_88' title='bbox 815 1675 840 1720; x_wconf 92' lang='lat' dir='ltr'>et</span> <span class='ocrx_word' id='word_1_89' title='bbox 865 1667 939 1719; x_wconf 88' lang='lat' dir='ltr'>editis</span> <span class='ocrx_word' id='word_1_90' title='bbox 964 1685 1047 1738; x_wconf 86' lang='lat' dir='ltr'>neque</span> <span class='ocrx_word' id='word_1_91' title='bbox 1071 1689 1162 1739; x_wconf 73' lang='lat' dir='ltr'>qnam,</span> <span class='ocrx_word' id='word_1_92' title='bbox 1193 1687 1275 1740; x_wconf 65' lang='lat' dir='ltr'>neom</span> 
     </span>
     <span class='ocr_line' id='line_1_14' title="bbox 260 1753 1276 1825; baseline 0.004 -16"><span class='ocrx_word' id='word_1_93' title='bbox 260 1773 340 1825; x_wconf 76' lang='lat' dir='ltr'>quens</span> <span class='ocrx_word' id='word_1_94' title='bbox 366 1769 469 1822; x_wconf 87' lang='lat' dir='ltr'>usquam</span> <span class='ocrx_word' id='word_1_95' title='bbox 493 1756 627 1822; x_wconf 84' lang='lat' dir='ltr'>reperitur.</span> <span class='ocrx_word' id='word_1_96' title='bbox 672 1753 733 1806; x_wconf 82' lang='lat' dir='ltr'>Tum</span> <span class='ocrx_word' id='word_1_97' title='bbox 761 1759 872 1810; x_wconf 84' lang='lat' dir='ltr'>indultis</span> <span class='ocrx_word' id='word_1_98' title='bbox 899 1759 1040 1812; x_wconf 71' lang='lat' dir='ltr'>vindemiis</span> <span class='ocrx_word' id='word_1_99' title='bbox 1066 1756 1118 1822; x_wconf 82' lang='lat' dir='ltr'>ub,</span> <span class='ocrx_word' id='word_1_100' title='bbox 1146 1761 1276 1813; x_wconf 76' lang='lat' dir='ltr'>vindemie</span> 
     </span>
     <span class='ocr_line' id='line_1_15' title="bbox 260 1839 1274 1910; baseline 0.004 -17"><span class='ocrx_word' id='word_1_101' title='bbox 260 1843 458 1909; x_wconf 87' lang='lat' dir='ltr'>superscriptum</span> <span class='ocrx_word' id='word_1_102' title='bbox 478 1843 502 1892; x_wconf 87' lang='lat' dir='ltr'>in</span> <span class='ocrx_word' id='word_1_103' title='bbox 523 1845 551 1893; x_wconf 77' lang='grc' dir='ltr'>Α.</span> <span class='ocrx_word' id='word_1_104' title='bbox 589 1839 705 1894; x_wconf 86' lang='lat' dir='ltr'>Proxime</span> <span class='ocrx_word' id='word_1_105' title='bbox 723 1847 865 1898; x_wconf 82' lang='lat' dir='ltr'>eoltenenes</span> <span class='ocrx_word' id='word_1_106' title='bbox 885 1841 924 1892; x_wconf 89' lang='lat' dir='ltr'>W.</span> <span class='ocrx_word' id='word_1_107' title='bbox 946 1841 991 1894; x_wconf 85' lang='lat' dir='ltr'>lle.</span> <span class='ocrx_word' id='word_1_108' title='bbox 1012 1841 1047 1895; x_wconf 85' lang='lat' dir='ltr'>Be</span> <span class='ocrx_word' id='word_1_109' title='bbox 1067 1852 1092 1896; x_wconf 90' lang='lat' dir='ltr'>et</span> <span class='ocrx_word' id='word_1_110' title='bbox 1111 1860 1126 1896; x_wconf 87' lang='lat' dir='ltr'>e</span> <span class='ocrx_word' id='word_1_111' title='bbox 1145 1859 1210 1897; x_wconf 89' lang='lat' dir='ltr'>corr.</span> <span class='ocrx_word' id='word_1_112' title='bbox 1225 1845 1274 1910; x_wconf 79' lang='lat' dir='ltr'>tto,</span> 
     </span>
     <span class='ocr_line' id='line_1_16' title="bbox 260 1925 1274 2000; baseline 0.004 -17"><span class='ocrx_word' id='word_1_113' title='bbox 260 1933 417 1999; x_wconf 77' lang='lat' dir='ltr'>sollempnes</span> <span class='ocrx_word' id='word_1_114' title='bbox 436 1926 483 1980; x_wconf 85' lang='lat' dir='ltr'>Bb.</span> <span class='ocrx_word' id='word_1_115' title='bbox 504 1927 577 1992; x_wconf 83' lang='lat' dir='ltr'>lllcd,</span> <span class='ocrx_word' id='word_1_116' title='bbox 607 1932 755 1998; x_wconf 76' lang='lat' dir='ltr'>solempnes</span> <span class='ocrx_word' id='word_1_117' title='bbox 776 1928 855 2000; x_wconf 89' lang='lat' dir='ltr'>Bong.</span> <span class='ocrx_word' id='word_1_118' title='bbox 879 1929 901 1980; x_wconf 87' lang='grc' dir='ltr'><strong>Α</strong></span> <span class='ocrx_word' id='word_1_119' title='bbox 926 1946 947 1980; x_wconf 86' lang='lat' dir='ltr'>o.</span> <span class='ocrx_word' id='word_1_120' title='bbox 975 1930 1014 1982; x_wconf 88' lang='lat' dir='ltr'>ed.</span> <span class='ocrx_word' id='word_1_121' title='bbox 1035 1929 1117 2000; x_wconf 78' lang='lat' dir='ltr'>llam,</span> <span class='ocrx_word' id='word_1_122' title='bbox 1145 1925 1274 1986; x_wconf 71' lang='lat' dir='ltr'>annones</span> 
     </span>
     <span class='ocr_line' id='line_1_17' title="bbox 259 2015 1274 2086; baseline 0 -17"><span class='ocrx_word' id='word_1_123' title='bbox 259 2017 360 2086; x_wconf 79' lang='lat' dir='ltr'>Rigalt,</span> <span class='ocrx_word' id='word_1_124' title='bbox 380 2020 502 2071; x_wconf 79' lang='lat' dir='ltr'>solennes</span> <span class='ocrx_word' id='word_1_125' title='bbox 521 2016 589 2084; x_wconf 84' lang='lat' dir='ltr'>vulg.</span> <span class='ocrx_word' id='word_1_126' title='bbox 627 2015 692 2067; x_wconf 87' lang='lat' dir='ltr'>Dein</span> <span class='ocrx_word' id='word_1_127' title='bbox 711 2027 827 2072; x_wconf 79' lang='lat' dir='ltr'>statutus</span> <span class='ocrx_word' id='word_1_128' title='bbox 841 2017 906 2068; x_wconf 81' lang='lat' dir='ltr'>llbd.</span> <span class='ocrx_word' id='word_1_129' title='bbox 922 2015 967 2068; x_wconf 81' lang='lat' dir='ltr'>lllr.</span> <span class='ocrx_word' id='word_1_130' title='bbox 985 2021 1006 2068; x_wconf 82' lang='grc' dir='ltr'>Α</span> <span class='ocrx_word' id='word_1_131' title='bbox 1025 2027 1050 2069; x_wconf 88' lang='lat' dir='ltr'>et</span> <span class='ocrx_word' id='word_1_132' title='bbox 1069 2019 1108 2070; x_wconf 89' lang='lat' dir='ltr'>ed.</span> <span class='ocrx_word' id='word_1_133' title='bbox 1122 2018 1195 2083; x_wconf 73' lang='lat' dir='ltr'>lieu,</span> <span class='ocrx_word' id='word_1_134' title='bbox 1214 2020 1274 2072; x_wconf 90' lang='lat' dir='ltr'>item</span> 
     </span>
     <span class='ocr_line' id='line_1_18' title="bbox 259 2101 1273 2172; baseline 0.005 -17"><span class='ocrx_word' id='word_1_135' title='bbox 259 2101 497 2166; x_wconf 70' lang='lat' dir='ltr'>incommodis,</span> <span class='ocrx_word' id='word_1_136' title='bbox 526 2106 550 2154; x_wconf 90' lang='lat' dir='ltr'>in</span> <span class='ocrx_word' id='word_1_137' title='bbox 569 2120 618 2172; x_wconf 88' lang='lat' dir='ltr'>mg.</span> <span class='ocrx_word' id='word_1_138' title='bbox 638 2112 722 2156; x_wconf 90' lang='lat' dir='ltr'>tamen</span> <span class='ocrx_word' id='word_1_139' title='bbox 741 2103 835 2159; x_wconf 83' lang='lat' dir='ltr'>etntes‘.</span> <span class='ocrx_word' id='word_1_140' title='bbox 874 2103 996 2156; x_wconf 81' lang='lat' dir='ltr'>lleudose</span> <span class='ocrx_word' id='word_1_141' title='bbox 1021 2116 1095 2160; x_wconf 82' lang='lat' dir='ltr'>entus</span> <span class='ocrx_word' id='word_1_142' title='bbox 1115 2103 1158 2158; x_wconf 79' lang='lat' dir='ltr'>ua.</span> <span class='ocrx_word' id='word_1_143' title='bbox 1197 2110 1273 2160; x_wconf 74' lang='lat' dir='ltr'>listi-</span> 
     </span>
     <span class='ocr_line' id='line_1_19' title="bbox 258 2189 1276 2262; baseline -0.001 -17"><span class='ocrx_word' id='word_1_144' title='bbox 258 2195 346 2262; x_wconf 78' lang='lat' dir='ltr'>pentis</span> <span class='ocrx_word' id='word_1_145' title='bbox 366 2199 488 2243; x_wconf 87' lang='lat' dir='ltr'>testantur</span> <span class='ocrx_word' id='word_1_146' title='bbox 505 2191 578 2242; x_wconf 88' lang='lat' dir='ltr'>codd.</span> <span class='ocrx_word' id='word_1_147' title='bbox 593 2198 618 2242; x_wconf 88' lang='lat' dir='ltr'>et</span> <span class='ocrx_word' id='word_1_148' title='bbox 631 2191 687 2243; x_wconf 87' lang='lat' dir='ltr'>edd.</span> <span class='ocrx_word' id='word_1_149' title='bbox 704 2207 791 2243; x_wconf 87' lang='lat' dir='ltr'>omues</span> <span class='ocrx_word' id='word_1_150' title='bbox 806 2200 908 2258; x_wconf 86' lang='lat' dir='ltr'>praeter</span> <span class='ocrx_word' id='word_1_151' title='bbox 921 2189 1090 2256; x_wconf 71' lang='lat' dir='ltr'>delusionem,</span> <span class='ocrx_word' id='word_1_152' title='bbox 1111 2194 1181 2245; x_wconf 90' lang='lat' dir='ltr'>ouius</span> <span class='ocrx_word' id='word_1_153' title='bbox 1195 2193 1276 2244; x_wconf 90' lang='lat' dir='ltr'>editor</span> 
     </span>
     <span class='ocr_line' id='line_1_20' title="bbox 172 2263 1272 2348; baseline 0.003 -19"><span class='ocrx_word' id='word_1_154' title='bbox 172 2263 178 2270; x_wconf 54' lang='lat'>¹</span> <span class='ocrx_word' id='word_1_155' title='bbox 258 2295 289 2329; x_wconf 80' lang='lat' dir='ltr'>ex</span> <span class='ocrx_word' id='word_1_156' title='bbox 309 2293 358 2329; x_wconf 92' lang='lat' dir='ltr'>uno</span> <span class='ocrx_word' id='word_1_157' title='bbox 377 2277 441 2329; x_wconf 89' lang='lat' dir='ltr'>libro</span> <span class='ocrx_word' id='word_1_158' title='bbox 460 2281 544 2332; x_wconf 84' lang='lat' dir='ltr'>ceteri</span> <span class='ocrx_word' id='word_1_159' title='bbox 562 2282 674 2348; x_wconf 79' lang='lat' dir='ltr'>optimo,</span> <span class='ocrx_word' id='word_1_160' title='bbox 697 2286 724 2329; x_wconf 89' lang='lat' dir='ltr'>ut</span> <span class='ocrx_word' id='word_1_161' title='bbox 741 2280 790 2341; x_wconf 82' lang='lat' dir='ltr'>eit,</span> <span class='ocrx_word' id='word_1_162' title='bbox 809 2281 906 2346; x_wconf 89' lang='lat' dir='ltr'>recepit</span> <span class='ocrx_word' id='word_1_163' title='bbox 924 2283 1084 2347; x_wconf 74' lang='lat' dir='ltr'>fatiscentis.</span> <span class='ocrx_word' id='word_1_164' title='bbox 1123 2279 1208 2332; x_wconf 84' lang='lat' dir='ltr'>Statim</span> <span class='ocrx_word' id='word_1_165' title='bbox 1229 2283 1272 2333; x_wconf 89' lang='lat' dir='ltr'>in·</span> 
     </span>
     <span class='ocr_line' id='line_1_21' title="bbox 258 2362 1273 2421; baseline 0.002 -4"><span class='ocrx_word' id='word_1_166' title='bbox 258 2367 352 2418; x_wconf 83' lang='lat' dir='ltr'>rlueirm</span> <span class='ocrx_word' id='word_1_167' title='bbox 374 2363 467 2415; x_wconf 86' lang='lat' dir='ltr'>habent</span> <span class='ocrx_word' id='word_1_168' title='bbox 486 2362 529 2417; x_wconf 75' lang='lat' dir='ltr'>ea.</span> <span class='ocrx_word' id='word_1_169' title='bbox 551 2364 571 2415; x_wconf 85' lang='grc' dir='ltr'><strong>Α</strong></span> <span class='ocrx_word' id='word_1_170' title='bbox 590 2371 616 2414; x_wconf 89' lang='lat' dir='ltr'>et</span> <span class='ocrx_word' id='word_1_171' title='bbox 634 2363 692 2416; x_wconf 88' lang='lat' dir='ltr'>odd.</span> <span class='ocrx_word' id='word_1_172' title='bbox 713 2363 776 2414; x_wconf 83' lang='lat' dir='ltr'>llev.</span> <span class='ocrx_word' id='word_1_173' title='bbox 797 2362 878 2415; x_wconf 86' lang='lat' dir='ltr'>Oxou.</span> <span class='ocrx_word' id='word_1_174' title='bbox 917 2364 967 2416; x_wconf 84' lang='lat' dir='ltr'>Sed</span> <span class='ocrx_word' id='word_1_175' title='bbox 986 2366 1036 2417; x_wconf 89' lang='lat' dir='ltr'>vid.</span> <span class='ocrx_word' id='word_1_176' title='bbox 1060 2370 1154 2421; x_wconf 78' lang='lat' dir='ltr'>Oetlor.</span> <span class='ocrx_word' id='word_1_177' title='bbox 1177 2365 1273 2421; x_wconf 86' lang='lat' dir='ltr'>Ortho-</span> 
     </span>
    </p>
   </div>
   <div class='ocr_carea' id='block_1_7' title="bbox 157 2448 1272 2521">
    <p class='ocr_par' dir='ltr' id='par_1_7' title="bbox 157 2448 1272 2521">
     <span class='ocr_line' id='line_1_22' title="bbox 157 2448 1272 2521; baseline 0 -20"><span class='ocrx_word' id='word_1_178' title='bbox 157 2481 160 2486; x_wconf 88' lang='lat'>·</span> <span class='ocrx_word' id='word_1_179' title='bbox 256 2450 344 2520; x_wconf 87' lang='lat' dir='ltr'>greplr.</span> <span class='ocrx_word' id='word_1_180' title='bbox 365 2449 465 2516; x_wconf 77' lang='lat' dir='ltr'>Let&#39;p.</span> <span class='ocrx_word' id='word_1_181' title='bbox 490 2450 546 2499; x_wconf 81' lang='lat'>100.</span> <span class='ocrx_word' id='word_1_182' title='bbox 586 2451 746 2503; x_wconf 78' lang='lat' dir='ltr'>utecnctaen.</span> <span class='ocrx_word' id='word_1_183' title='bbox 773 2451 797 2498; x_wconf 89' lang='lat' dir='ltr'>in</span> <span class='ocrx_word' id='word_1_184' title='bbox 824 2448 911 2502; x_wconf 86' lang='lat' dir='ltr'>lluseo</span> <span class='ocrx_word' id='word_1_185' title='bbox 936 2449 1056 2521; x_wconf 79' lang='lat' dir='ltr'>philolog.</span> <span class='ocrx_word' id='word_1_186' title='bbox 1076 2451 1189 2504; x_wconf 83' lang='lat' dir='ltr'>ltlrensu.</span> <span class='ocrx_word' id='word_1_187' title='bbox 1209 2453 1272 2503; x_wconf 73' lang='lat' dir='ltr'>dnn.</span> 
     </span>
    </p>
   </div>
   <div class='ocr_carea' id='block_1_8' title="bbox 259 2534 1274 2605">
    <p class='ocr_par' dir='ltr' id='par_1_8' title="bbox 259 2534 1274 2605">
     <span class='ocr_line' id='line_1_23' title="bbox 259 2534 1274 2605; baseline 0.002 -17"><span class='ocrx_word' id='word_1_188' title='bbox 259 2537 321 2588; x_wconf 80' lang='lat' dir='ltr'>Vlll.</span> <span class='ocrx_word' id='word_1_189' title='bbox 342 2537 504 2605; x_wconf 79' lang='lat' dir='ltr'>p.231.not.</span> <span class='ocrx_word' id='word_1_190' title='bbox 541 2537 571 2601; x_wconf 83' lang='lat'>3)</span> <span class='ocrx_word' id='word_1_191' title='bbox 592 2545 617 2589; x_wconf 87' lang='lat' dir='ltr'>et</span> <span class='ocrx_word' id='word_1_192' title='bbox 635 2550 681 2601; x_wconf 92' lang='lat' dir='ltr'>pro</span> <span class='ocrx_word' id='word_1_193' title='bbox 699 2534 902 2589; x_wconf 82' lang='lat' dir='ltr'>chbc.Vind.</span> <span class='ocrx_word' id='word_1_194' title='bbox 936 2537 997 2590; x_wconf 83' lang='lat' dir='ltr'>Tam</span> <span class='ocrx_word' id='word_1_195' title='bbox 1011 2543 1082 2594; x_wconf 88' lang='lat' dir='ltr'>tenes</span> <span class='ocrx_word' id='word_1_196' title='bbox 1097 2537 1274 2602; x_wconf 64' lang='lat' dir='ltr'>desaevisti„</span> 
     </span>
    </p>
   </div>
   <div class='ocr_carea' id='block_1_9' title="bbox 252 2633 1317 4048">
    <p class='ocr_par' dir='ltr' id='par_1_9' title="bbox 252 2633 1317 4048">
     <span class='ocr_line' id='line_1_24' title="bbox 500 2633 569 2662; baseline 0 0"><span class='ocrx_word' id='word_1_197' title='bbox 500 2633 569 2662; x_wconf 72' lang='lat' dir='ltr'>atim</span> 
     </span>
     <span class='ocr_line' id='line_1_25' title="bbox 258 2673 1276 2748; baseline 0 -16"><span class='ocrx_word' id='word_1_198' title='bbox 258 2681 326 2732; x_wconf 84' lang='lat' dir='ltr'>lenis</span> <span class='ocrx_word' id='word_1_199' title='bbox 345 2695 412 2731; x_wconf 84' lang='lat' dir='ltr'>aero</span> <span class='ocrx_word' id='word_1_200' title='bbox 426 2675 473 2740; x_wconf 86' lang='lat' dir='ltr'>Bb,</span> <span class='ocrx_word' id='word_1_201' title='bbox 493 2694 577 2730; x_wconf 83' lang='lat' dir='ltr'>curas</span> <span class='ocrx_word' id='word_1_202' title='bbox 592 2674 639 2726; x_wconf 70' lang='grc' dir='ltr'>Μὴ.</span> <span class='ocrx_word' id='word_1_203' title='bbox 672 2673 752 2726; x_wconf 76' lang='lat' dir='ltr'>deest</span> <span class='ocrx_word' id='word_1_204' title='bbox 772 2678 928 2734; x_wconf 78' lang='lat' dir='ltr'>blandientis</span> <span class='ocrx_word' id='word_1_205' title='bbox 947 2681 972 2730; x_wconf 88' lang='lat' dir='ltr'>iu</span> <span class='ocrx_word' id='word_1_206' title='bbox 987 2679 1033 2730; x_wconf 90' lang='lat' dir='ltr'>llle.</span> <span class='ocrx_word' id='word_1_207' title='bbox 1065 2679 1123 2731; x_wconf 84' lang='lat' dir='ltr'>llox</span> <span class='ocrx_word' id='word_1_208' title='bbox 1139 2681 1276 2748; x_wconf 76' lang='lat' dir='ltr'>nrrtnmpni</span> 
     </span>
     <span class='ocr_line' id='line_1_26' title="bbox 259 2759 1317 2829; baseline -0.002 -13"><span class='ocrx_word' id='word_1_209' title='bbox 259 2763 418 2816; x_wconf 80' lang='lat' dir='ltr'>exhibentll</span> <span class='ocrx_word' id='word_1_210' title='bbox 439 2771 464 2814; x_wconf 89' lang='lat' dir='ltr'>et</span> <span class='ocrx_word' id='word_1_211' title='bbox 483 2765 524 2814; x_wconf 89' lang='lat' dir='ltr'>ed.</span> <span class='ocrx_word' id='word_1_212' title='bbox 545 2762 607 2814; x_wconf 86' lang='lat' dir='ltr'>llev.</span> <span class='ocrx_word' id='word_1_213' title='bbox 646 2759 709 2826; x_wconf 79' lang='lat' dir='ltr'>Dein</span> <span class='ocrx_word' id='word_1_214' title='bbox 729 2772 752 2814; x_wconf 90' lang='lat' dir='ltr'>et</span> <span class='ocrx_word' id='word_1_215' title='bbox 770 2772 889 2818; x_wconf 79' lang='lat' dir='ltr'>ortorum</span> <span class='ocrx_word' id='word_1_216' title='bbox 909 2763 956 2829; x_wconf 75' lang='lat' dir='ltr'>Bb,</span> <span class='ocrx_word' id='word_1_217' title='bbox 978 2776 1097 2821; x_wconf 79' lang='lat' dir='ltr'>ortorum</span> <span class='ocrx_word' id='word_1_218' title='bbox 1115 2767 1174 2818; x_wconf 85' lang='lat' dir='ltr'>item</span> <span class='ocrx_word' id='word_1_219' title='bbox 1193 2761 1274 2816; x_wconf 54' lang='grc' dir='ltr'>ΨΑ</span> <span class='ocrx_word' id='word_1_220' title='bbox 1315 2787 1317 2791; x_wconf 58' lang='grc'><strong>’</strong></span> 
     </span>
     <span class='ocr_line' id='line_1_27' title="bbox 258 2842 1317 2922; baseline 0 -20"><span class='ocrx_word' id='word_1_221' title='bbox 258 2867 280 2902; x_wconf 87' lang='lat' dir='ltr'>c.</span> <span class='ocrx_word' id='word_1_222' title='bbox 307 2850 347 2902; x_wconf 88' lang='lat' dir='ltr'>ed.</span> <span class='ocrx_word' id='word_1_223' title='bbox 371 2851 461 2904; x_wconf 82' lang='lat' dir='ltr'>llenut.</span> <span class='ocrx_word' id='word_1_224' title='bbox 500 2847 614 2900; x_wconf 82' lang='lat' dir='ltr'>Correxit</span> <span class='ocrx_word' id='word_1_225' title='bbox 640 2855 722 2900; x_wconf 86' lang='lat' dir='ltr'>temen</span> <span class='ocrx_word' id='word_1_226' title='bbox 747 2850 786 2900; x_wconf 84' lang='lat' dir='ltr'>vir</span> <span class='ocrx_word' id='word_1_227' title='bbox 811 2848 878 2902; x_wconf 87' lang='lat' dir='ltr'>doct.</span> <span class='ocrx_word' id='word_1_228' title='bbox 905 2854 929 2902; x_wconf 91' lang='lat' dir='ltr'>in</span> <span class='ocrx_word' id='word_1_229' title='bbox 956 2852 1090 2920; x_wconf 82' lang='lat' dir='ltr'>exemplari</span> <span class='ocrx_word' id='word_1_230' title='bbox 1116 2851 1274 2922; x_wconf 83' lang='lat' dir='ltr'>Gottiugensi</span> <span class='ocrx_word' id='word_1_231' title='bbox 1313 2842 1317 2852; x_wconf 83' lang='lat'>&#39;</span> 
     </span>
     <span class='ocr_line' id='line_1_28' title="bbox 257 2935 1273 3008; baseline -0.001 -17"><span class='ocrx_word' id='word_1_232' title='bbox 257 2943 400 2993; x_wconf 81' lang='lat' dir='ltr'>nortorum.</span> <span class='ocrx_word' id='word_1_233' title='bbox 439 2939 467 3006; x_wconf 85' lang='grc'>4)</span> <span class='ocrx_word' id='word_1_234' title='bbox 486 2939 628 2992; x_wconf 67' lang='lat' dir='ltr'>ncrrrrdnm</span> <span class='ocrx_word' id='word_1_235' title='bbox 641 2935 680 2984; x_wconf 84' lang='lat' dir='ltr'>W.</span> <span class='ocrx_word' id='word_1_236' title='bbox 702 2935 749 2986; x_wconf 84' lang='lat' dir='ltr'>Mb.</span> <span class='ocrx_word' id='word_1_237' title='bbox 772 2935 832 2989; x_wconf 79' lang='lat' dir='ltr'>Beli.</span> <span class='ocrx_word' id='word_1_238' title='bbox 853 2936 932 3008; x_wconf 88' lang='lat' dir='ltr'>Bong.</span> <span class='ocrx_word' id='word_1_239' title='bbox 953 2939 974 2989; x_wconf 77' lang='grc' dir='ltr'><strong>Α</strong></span> <span class='ocrx_word' id='word_1_240' title='bbox 994 2947 1020 2990; x_wconf 90' lang='lat' dir='ltr'>et</span> <span class='ocrx_word' id='word_1_241' title='bbox 1038 2956 1051 2990; x_wconf 90' lang='lat' dir='ltr'>e</span> <span class='ocrx_word' id='word_1_242' title='bbox 1072 2957 1103 2990; x_wconf 92' lang='lat' dir='ltr'>m.</span> <span class='ocrx_word' id='word_1_243' title='bbox 1120 2956 1140 2992; x_wconf 89' lang='lat' dir='ltr'>s.</span> <span class='ocrx_word' id='word_1_244' title='bbox 1154 2939 1193 2990; x_wconf 88' lang='lat' dir='ltr'>lle</span> <span class='ocrx_word' id='word_1_245' title='bbox 1209 2954 1273 2992; x_wconf 89' lang='lat' dir='ltr'>con·</span> 
     </span>
     <span class='ocr_line' id='line_1_29' title="bbox 257 3023 1274 3094; baseline 0 -18"><span class='ocrx_word' id='word_1_246' title='bbox 257 3027 367 3092; x_wconf 88' lang='lat' dir='ltr'>spirante</span> <span class='ocrx_word' id='word_1_247' title='bbox 385 3025 499 3077; x_wconf 89' lang='lat' dir='ltr'>editione</span> <span class='ocrx_word' id='word_1_248' title='bbox 520 3023 582 3076; x_wconf 85' lang='lat' dir='ltr'>Der.</span> <span class='ocrx_word' id='word_1_249' title='bbox 620 3023 657 3074; x_wconf 85' lang='lat' dir='ltr'>lle</span> <span class='ocrx_word' id='word_1_250' title='bbox 682 3023 729 3074; x_wconf 88' lang='lat' dir='ltr'>hae</span> <span class='ocrx_word' id='word_1_251' title='bbox 753 3025 875 3091; x_wconf 89' lang='lat' dir='ltr'>scriptura</span> <span class='ocrx_word' id='word_1_252' title='bbox 901 3025 926 3076; x_wconf 89' lang='lat' dir='ltr'>iu</span> <span class='ocrx_word' id='word_1_253' title='bbox 949 3026 1023 3077; x_wconf 86' lang='lat' dir='ltr'>codd.</span> <span class='ocrx_word' id='word_1_254' title='bbox 1046 3035 1070 3076; x_wconf 90' lang='lat' dir='ltr'>et</span> <span class='ocrx_word' id='word_1_255' title='bbox 1089 3025 1147 3078; x_wconf 90' lang='lat' dir='ltr'>edd.</span> <span class='ocrx_word' id='word_1_256' title='bbox 1167 3027 1274 3094; x_wconf 77' lang='lat' dir='ltr'>antiquis</span> 
     </span>
     <span class='ocr_line' id='line_1_30' title="bbox 257 3111 1271 3188; baseline -0.002 -24"><span class='ocrx_word' id='word_1_257' title='bbox 257 3129 306 3165; x_wconf 91' lang='lat' dir='ltr'>nou</span> <span class='ocrx_word' id='word_1_258' title='bbox 327 3113 426 3165; x_wconf 86' lang='lat' dir='ltr'>insolite</span> <span class='ocrx_word' id='word_1_259' title='bbox 445 3112 495 3164; x_wconf 83' lang='lat' dir='ltr'>uid.</span> <span class='ocrx_word' id='word_1_260' title='bbox 515 3127 580 3180; x_wconf 87' lang='lat' dir='ltr'>quae</span> <span class='ocrx_word' id='word_1_261' title='bbox 600 3121 750 3164; x_wconf 87' lang='lat' dir='ltr'>monuerunt</span> <span class='ocrx_word' id='word_1_262' title='bbox 769 3115 902 3168; x_wconf 67' lang='lat' dir='ltr'>cellerius</span> <span class='ocrx_word' id='word_1_263' title='bbox 922 3114 954 3166; x_wconf 89' lang='lat' dir='ltr'>de</span> <span class='ocrx_word' id='word_1_264' title='bbox 973 3111 1089 3188; x_wconf 86' lang='lat' dir='ltr'>Orthogr.</span> <span class='ocrx_word' id='word_1_265' title='bbox 1110 3111 1162 3164; x_wconf 84' lang='lat' dir='ltr'>lut.</span> <span class='ocrx_word' id='word_1_266' title='bbox 1183 3129 1208 3179; x_wconf 91' lang='lat' dir='ltr'>p.</span> <span class='ocrx_word' id='word_1_267' title='bbox 1225 3111 1271 3162; x_wconf 82' lang='lat'>101</span> 
     </span>
     <span class='ocr_line' id='line_1_31' title="bbox 256 3185 1271 3268; baseline -0.008 -14"><span class='ocrx_word' id='word_1_268' title='bbox 256 3210 280 3254; x_wconf 90' lang='lat' dir='ltr'>et</span> <span class='ocrx_word' id='word_1_269' title='bbox 301 3204 428 3265; x_wconf 83' lang='lat' dir='ltr'>Osenrtns</span> <span class='ocrx_word' id='word_1_270' title='bbox 447 3198 478 3250; x_wconf 91' lang='lat' dir='ltr'>ed</span> <span class='ocrx_word' id='word_1_271' title='bbox 499 3196 551 3250; x_wconf 84' lang='lat' dir='ltr'>Cic.</span> <span class='ocrx_word' id='word_1_272' title='bbox 571 3185 603 3249; x_wconf 89' lang='lat' dir='ltr'>dc</span> <span class='ocrx_word' id='word_1_273' title='bbox 623 3215 651 3250; x_wconf 88' lang='lat' dir='ltr'>rc</span> <span class='ocrx_word' id='word_1_274' title='bbox 672 3199 740 3266; x_wconf 83' lang='lat' dir='ltr'>publ.</span> <span class='ocrx_word' id='word_1_275' title='bbox 764 3199 831 3265; x_wconf 47' lang='lat' dir='ltr'>pri.</span> <span class='ocrx_word' id='word_1_276' title='bbox 878 3201 906 3268; x_wconf 82' lang='lat'>5)</span> <span class='ocrx_word' id='word_1_277' title='bbox 925 3204 960 3254; x_wconf 77' lang='lat' dir='ltr'>Ar</span> <span class='ocrx_word' id='word_1_278' title='bbox 979 3199 1026 3250; x_wconf 87' lang='lat' dir='ltr'>lid.</span> <span class='ocrx_word' id='word_1_279' title='bbox 1048 3199 1068 3250; x_wconf 82' lang='grc' dir='ltr'><strong>Α</strong></span> <span class='ocrx_word' id='word_1_280' title='bbox 1094 3207 1120 3249; x_wconf 89' lang='lat' dir='ltr'>ct</span> <span class='ocrx_word' id='word_1_281' title='bbox 1145 3197 1186 3249; x_wconf 91' lang='lat' dir='ltr'>ed.</span> <span class='ocrx_word' id='word_1_282' title='bbox 1207 3194 1271 3248; x_wconf 86' lang='lat' dir='ltr'>lluv.</span> 
     </span>
     <span class='ocr_line' id='line_1_32' title="bbox 256 3283 1270 3356; baseline -0.006 -18"><span class='ocrx_word' id='word_1_283' title='bbox 256 3286 318 3338; x_wconf 85' lang='lat' dir='ltr'>Turn</span> <span class='ocrx_word' id='word_1_284' title='bbox 337 3290 409 3356; x_wconf 75' lang='lat' dir='ltr'>loqui</span> <span class='ocrx_word' id='word_1_285' title='bbox 429 3294 558 3352; x_wconf 90' lang='lat' dir='ltr'>receptum</span> <span class='ocrx_word' id='word_1_286' title='bbox 572 3299 603 3338; x_wconf 76' lang='lat' dir='ltr'>‘er</span> <span class='ocrx_word' id='word_1_287' title='bbox 616 3287 672 3338; x_wconf 86' lang='lat' dir='ltr'>Ver.</span> <span class='ocrx_word' id='word_1_288' title='bbox 687 3285 716 3336; x_wconf 91' lang='lat' dir='ltr'>W</span> <span class='ocrx_word' id='word_1_289' title='bbox 731 3293 756 3336; x_wconf 90' lang='lat' dir='ltr'>et</span> <span class='ocrx_word' id='word_1_290' title='bbox 768 3284 829 3336; x_wconf 82' lang='lat' dir='ltr'>dieo.</span> <span class='ocrx_word' id='word_1_291' title='bbox 862 3285 979 3338; x_wconf 83' lang='lat' dir='ltr'>Similiter</span> <span class='ocrx_word' id='word_1_292' title='bbox 993 3288 1134 3340; x_wconf 72' lang='lat' dir='ltr'>Petronius</span> <span class='ocrx_word' id='word_1_293' title='bbox 1148 3299 1204 3351; x_wconf 84' lang='lat' dir='ltr'>eep.</span> <span class='ocrx_word' id='word_1_294' title='bbox 1215 3283 1270 3334; x_wconf 72' lang='lat'>⁵2:</span> 
     </span>
     <span class='ocr_line' id='line_1_33' title="bbox 255 3371 1272 3450; baseline -0.007 -22"><span class='ocrx_word' id='word_1_295' title='bbox 255 3376 343 3428; x_wconf 83' lang='lat' dir='ltr'>Meum</span> <span class='ocrx_word' id='word_1_296' title='bbox 366 3376 514 3443; x_wconf 75' lang='lat' dir='ltr'>intelligere</span> <span class='ocrx_word' id='word_1_297' title='bbox 538 3377 611 3428; x_wconf 82' lang='lat' dir='ltr'>nulle</span> <span class='ocrx_word' id='word_1_298' title='bbox 633 3376 746 3443; x_wconf 79' lang='lat' dir='ltr'>pecnnia</span> <span class='ocrx_word' id='word_1_299' title='bbox 770 3376 861 3426; x_wconf 87' lang='lat' dir='ltr'>cende.</span> <span class='ocrx_word' id='word_1_300' title='bbox 898 3372 970 3424; x_wconf 86' lang='lat' dir='ltr'>llune</span> <span class='ocrx_word' id='word_1_301' title='bbox 994 3372 1114 3424; x_wconf 86' lang='lat' dir='ltr'>rariorem</span> <span class='ocrx_word' id='word_1_302' title='bbox 1139 3386 1210 3450; x_wconf 76' lang='lat' dir='ltr'>usum</span> <span class='ocrx_word' id='word_1_303' title='bbox 1229 3371 1272 3422; x_wconf 87' lang='lat' dir='ltr'>iu·</span> 
     </span>
     <span class='ocr_line' id='line_1_34' title="bbox 256 3457 1274 3528; baseline 0 -18"><span class='ocrx_word' id='word_1_304' title='bbox 256 3459 345 3512; x_wconf 85' lang='lat' dir='ltr'>finitivi</span> <span class='ocrx_word' id='word_1_305' title='bbox 371 3476 416 3528; x_wconf 93' lang='lat' dir='ltr'>pro</span> <span class='ocrx_word' id='word_1_306' title='bbox 441 3460 600 3514; x_wconf 82' lang='lat' dir='ltr'>substantivo</span> <span class='ocrx_word' id='word_1_307' title='bbox 627 3477 683 3513; x_wconf 87' lang='lat' dir='ltr'>cum</span> <span class='ocrx_word' id='word_1_308' title='bbox 711 3460 858 3527; x_wconf 83' lang='lat' dir='ltr'>pronomine</span> <span class='ocrx_word' id='word_1_309' title='bbox 887 3458 1012 3510; x_wconf 78' lang='lat' dir='ltr'>edieotiro</span> <span class='ocrx_word' id='word_1_310' title='bbox 1037 3458 1115 3510; x_wconf 87' lang='lat' dir='ltr'>iuncti</span> <span class='ocrx_word' id='word_1_311' title='bbox 1141 3457 1274 3512; x_wconf 74' lang='lat' dir='ltr'>illustrarit</span> 
     </span>
     <span class='ocr_line' id='line_1_35' title="bbox 255 3543 1272 3614; baseline -0.004 -14"><span class='ocrx_word' id='word_1_312' title='bbox 255 3551 458 3603; x_wconf 80' lang='lat' dir='ltr'>linddinrennne</span> <span class='ocrx_word' id='word_1_313' title='bbox 486 3549 604 3602; x_wconf 88' lang='lat' dir='ltr'>lustitutt.</span> <span class='ocrx_word' id='word_1_314' title='bbox 633 3547 766 3600; x_wconf 81' lang='lat' dir='ltr'>Gmmmar.</span> <span class='ocrx_word' id='word_1_315' title='bbox 793 3545 845 3597; x_wconf 83' lang='lat' dir='ltr'>Lat.</span> <span class='ocrx_word' id='word_1_316' title='bbox 873 3545 914 3596; x_wconf 88' lang='lat' dir='ltr'>ed.</span> <span class='ocrx_word' id='word_1_317' title='bbox 942 3543 1029 3598; x_wconf 83' lang='lat' dir='ltr'>Stulllr.</span> <span class='ocrx_word' id='word_1_318' title='bbox 1060 3545 1085 3596; x_wconf 87' lang='lat' dir='ltr'>P.</span> <span class='ocrx_word' id='word_1_319' title='bbox 1112 3545 1193 3614; x_wconf 47' lang='lat' dir='ltr'>ll.1p.</span> <span class='ocrx_word' id='word_1_320' title='bbox 1213 3544 1272 3596; x_wconf 79' lang='lat'>228.</span> 
     </span>
     <span class='ocr_line' id='line_1_36' title="bbox 255 3630 1272 3710; baseline -0.004 -22"><span class='ocrx_word' id='word_1_321' title='bbox 255 3636 413 3704; x_wconf 74' lang='lat' dir='ltr'>Eloquium,</span> <span class='ocrx_word' id='word_1_322' title='bbox 442 3635 510 3704; x_wconf 87' lang='lat' dir='ltr'>quod</span> <span class='ocrx_word' id='word_1_323' title='bbox 535 3635 654 3688; x_wconf 82' lang='lat' dir='ltr'>exhibent</span> <span class='ocrx_word' id='word_1_324' title='bbox 679 3633 745 3685; x_wconf 86' lang='lat' dir='ltr'>llbd.</span> <span class='ocrx_word' id='word_1_325' title='bbox 771 3632 820 3710; x_wconf 53' lang='lat' dir='ltr'>lle,</span> <span class='ocrx_word' id='word_1_326' title='bbox 841 3631 920 3702; x_wconf 84' lang='lat' dir='ltr'>Bong.</span> <span class='ocrx_word' id='word_1_327' title='bbox 950 3633 972 3686; x_wconf 80' lang='grc' dir='ltr'>Α</span> <span class='ocrx_word' id='word_1_328' title='bbox 997 3650 1045 3686; x_wconf 86' lang='lat' dir='ltr'>une</span> <span class='ocrx_word' id='word_1_329' title='bbox 1070 3651 1126 3688; x_wconf 89' lang='lat' dir='ltr'>curn</span> <span class='ocrx_word' id='word_1_330' title='bbox 1148 3634 1207 3685; x_wconf 88' lang='lat' dir='ltr'>edd.</span> <span class='ocrx_word' id='word_1_331' title='bbox 1227 3630 1272 3684; x_wconf 87' lang='lat' dir='ltr'>SP.</span> 
     </span>
     <span class='ocr_line' id='line_1_37' title="bbox 256 3718 1272 3790; baseline 0.003 -23"><span class='ocrx_word' id='word_1_332' title='bbox 256 3719 344 3772; x_wconf 85' lang='lat' dir='ltr'>Veuet.</span> <span class='ocrx_word' id='word_1_333' title='bbox 362 3721 382 3772; x_wconf 85' lang='grc'>1,</span> <span class='ocrx_word' id='word_1_334' title='bbox 403 3720 465 3772; x_wconf 85' lang='lat' dir='ltr'>Dav.</span> <span class='ocrx_word' id='word_1_335' title='bbox 487 3721 584 3775; x_wconf 87' lang='lat' dir='ltr'>Eresm.</span> <span class='ocrx_word' id='word_1_336' title='bbox 605 3720 685 3790; x_wconf 29' lang='lat' dir='ltr'>Grau..</span> <span class='ocrx_word' id='word_1_337' title='bbox 704 3729 780 3789; x_wconf 85' lang='lat' dir='ltr'>etque</span> <span class='ocrx_word' id='word_1_338' title='bbox 802 3718 911 3782; x_wconf 83' lang='lat' dir='ltr'>Manet,</span> <span class='ocrx_word' id='word_1_339' title='bbox 939 3737 969 3772; x_wconf 81' lang='lat' dir='ltr'>ex</span> <span class='ocrx_word' id='word_1_340' title='bbox 993 3721 1147 3790; x_wconf 74' lang='lat' dir='ltr'>glossemate</span> <span class='ocrx_word' id='word_1_341' title='bbox 1171 3719 1272 3772; x_wconf 84' lang='lat' dir='ltr'>fluxisse</span> 
     </span>
     <span class='ocr_line' id='line_1_38' title="bbox 256 3803 1273 3876; baseline -0.002 -18"><span class='ocrx_word' id='word_1_342' title='bbox 256 3805 414 3858; x_wconf 76' lang='lat' dir='ltr'>menifestum</span> <span class='ocrx_word' id='word_1_343' title='bbox 431 3816 478 3871; x_wconf 84' lang='lat' dir='ltr'>est,</span> <span class='ocrx_word' id='word_1_344' title='bbox 498 3811 657 3876; x_wconf 65' lang='lat' dir='ltr'>cadensium</span> <span class='ocrx_word' id='word_1_345' title='bbox 676 3808 723 3868; x_wconf 88' lang='lat' dir='ltr'>(ite</span> <span class='ocrx_word' id='word_1_346' title='bbox 737 3803 786 3868; x_wconf 74' lang='lat' dir='ltr'>Bo)</span> <span class='ocrx_word' id='word_1_347' title='bbox 806 3805 944 3872; x_wconf 84' lang='lat' dir='ltr'>scripserat</span> <span class='ocrx_word' id='word_1_348' title='bbox 956 3805 1083 3860; x_wconf 81' lang='lat' dir='ltr'>llorellins</span> <span class='ocrx_word' id='word_1_349' title='bbox 1101 3820 1209 3874; x_wconf 88' lang='lat' dir='ltr'>eumque</span> <span class='ocrx_word' id='word_1_350' title='bbox 1227 3821 1273 3856; x_wconf 85' lang='lat' dir='ltr'>se·</span> 
     </span>
     <span class='ocr_line' id='line_1_39' title="bbox 255 3890 1271 3960; baseline 0.001 -17"><span class='ocrx_word' id='word_1_351' title='bbox 255 3896 305 3944; x_wconf 87' lang='lat' dir='ltr'>euti</span> <span class='ocrx_word' id='word_1_352' title='bbox 327 3902 384 3945; x_wconf 87' lang='lat' dir='ltr'>sunt</span> <span class='ocrx_word' id='word_1_353' title='bbox 403 3894 515 3946; x_wconf 86' lang='lat' dir='ltr'>editores</span> <span class='ocrx_word' id='word_1_354' title='bbox 533 3895 697 3960; x_wconf 85' lang='lat' dir='ltr'>posteriores.</span> <span class='ocrx_word' id='word_1_355' title='bbox 731 3892 828 3945; x_wconf 80' lang='lat' dir='ltr'>vitiose</span> <span class='ocrx_word' id='word_1_356' title='bbox 847 3890 940 3944; x_wconf 87' lang='lat' dir='ltr'>deinde</span> <span class='ocrx_word' id='word_1_357' title='bbox 956 3891 994 3945; x_wconf 88' lang='lat' dir='ltr'>W.</span> <span class='ocrx_word' id='word_1_358' title='bbox 1016 3893 1063 3944; x_wconf 86' lang='lat' dir='ltr'>llrl.</span> <span class='ocrx_word' id='word_1_359' title='bbox 1084 3893 1106 3944; x_wconf 81' lang='grc' dir='ltr'><strong>Α</strong></span> <span class='ocrx_word' id='word_1_360' title='bbox 1126 3892 1186 3942; x_wconf 82' lang='lat' dir='ltr'>deut</span> <span class='ocrx_word' id='word_1_361' title='bbox 1202 3909 1271 3959; x_wconf 78' lang='lat' dir='ltr'>pro-</span> 
     </span>
     <span class='ocr_line' id='line_1_40' title="bbox 252 3978 1273 4048; baseline -0.001 -16"><span class='ocrx_word' id='word_1_362' title='bbox 252 3983 357 4047; x_wconf 80' lang='lat' dir='ltr'>plrnnns</span> <span class='ocrx_word' id='word_1_363' title='bbox 376 3982 486 4048; x_wconf 85' lang='lat' dir='ltr'>itemque</span> <span class='ocrx_word' id='word_1_364' title='bbox 504 3978 601 4032; x_wconf 87' lang='lat' dir='ltr'>Eresm.</span> <span class='ocrx_word' id='word_1_365' title='bbox 623 3978 769 4044; x_wconf 73' lang='lat' dir='ltr'>silleium,</span> <span class='ocrx_word' id='word_1_366' title='bbox 798 3981 970 4046; x_wconf 72' lang='lat' dir='ltr'>obstrepentis</span> <span class='ocrx_word' id='word_1_367' title='bbox 990 3979 1011 4032; x_wconf 76' lang='grc' dir='ltr'><strong>Α</strong></span> <span class='ocrx_word' id='word_1_368' title='bbox 1036 3987 1061 4030; x_wconf 91' lang='lat' dir='ltr'>at</span> <span class='ocrx_word' id='word_1_369' title='bbox 1086 3994 1100 4029; x_wconf 88' lang='lat' dir='ltr'>e</span> <span class='ocrx_word' id='word_1_370' title='bbox 1122 3979 1273 4030; x_wconf 88' lang='lat' dir='ltr'>correctoris</span> 
     </span>
    </p>
   </div>
   <div class='ocr_carea' id='block_1_10' title="bbox 0 0 1446 4692">
    <p class='ocr_par' dir='ltr' id='par_1_10' title="bbox 0 0 1446 4692">
     <span class='ocr_line' id='line_1_41' title="bbox 0 0 1446 4692; baseline 0 3"><span class='ocrx_word' id='word_1_371' title='bbox 0 0 1446 4692; x_wconf 95' lang='lat' dir='ltr'> </span> 
     </span>
    </p>
   </div>
  </div>
 </body>
</html>
