<?xml version="1.0" encoding="UTF-8"?>
<!DOCTYPE html PUBLIC "-//W3C//DTD XHTML 1.0 Transitional//EN"
    "http://www.w3.org/TR/xhtml1/DTD/xhtml1-transitional.dtd">
<html xmlns="http://www.w3.org/1999/xhtml" xml:lang="en" lang="en">
 <head>
  <title>
</title>
<meta http-equiv="Content-Type" content="text/html;charset=utf-8" />
  <meta name='ocr-system' content='tesseract 3.04.00' />
  <meta name='ocr-capabilities' content='ocr_page ocr_carea ocr_par ocr_line ocrx_word'/>
</head>
<body>
  <div class='ocr_page' id='page_1' title='image "./libridecatholic00krabgoog_0151.png"; bbox 0 0 2880 4696; ppageno 0'>
   <div class='ocr_carea' id='block_1_1' title="bbox 764 465 827 530">
    <p class='ocr_par' dir='ltr' id='par_1_1' title="bbox 764 465 827 530">
     <span class='ocr_line' id='line_1_1' title="bbox 764 465 827 530; baseline 0.016 -1"><span class='ocrx_word' id='word_1_1' title='bbox 764 465 827 530; x_wconf 79' lang='lat'><strong>128</strong></span> 
     </span>
    </p>
   </div>
   <div class='ocr_carea' id='block_1_2' title="bbox 253 621 1305 1278">
    <p class='ocr_par' dir='ltr' id='par_1_2' title="bbox 253 621 1305 1278">
     <span class='ocr_line' id='line_1_2' title="bbox 286 621 1303 705; baseline 0.005 -19"><span class='ocrx_word' id='word_1_2' title='bbox 286 631 361 686; x_wconf 83' lang='lat' dir='ltr'><strong>sunt</strong></span> <span class='ocrx_word' id='word_1_3' title='bbox 382 623 502 686; x_wconf 80' lang='lat' dir='ltr'><strong>domini</strong></span> <span class='ocrx_word' id='word_1_4' title='bbox 525 623 675 704; x_wconf 84' lang='lat' dir='ltr'><strong>quomodo</strong></span> <span class='ocrx_word' id='word_1_5' title='bbox 694 624 822 705; x_wconf 83' lang='lat' dir='ltr'><strong>placeat</strong></span> <span class='ocrx_word' id='word_1_6' title='bbox 851 622 992 695; x_wconf 65' lang='lat' dir='ltr'><strong>domium</strong></span> <span class='ocrx_word' id='word_1_7' title='bbox 1022 621 1076 703; x_wconf 83' lang='lat' dir='ltr'><strong>qui</strong></span> <span class='ocrx_word' id='word_1_8' title='bbox 1106 633 1207 688; x_wconf 85' lang='lat' dir='ltr'><strong>autem</strong></span> <span class='ocrx_word' id='word_1_9' title='bbox 1235 647 1303 692; x_wconf 85' lang='lat' dir='ltr'><strong>ma·</strong></span> 
     </span>
     <span class='ocr_line' id='line_1_3' title="bbox 288 737 1305 820; baseline 0.002 -20"><span class='ocrx_word' id='word_1_10' title='bbox 288 737 467 801; x_wconf 69' lang='lat' dir='ltr'><strong>trimontium</strong></span> <span class='ocrx_word' id='word_1_11' title='bbox 489 737 653 800; x_wconf 73' lang='lat' dir='ltr'><strong>contrusit</strong></span> <span class='ocrx_word' id='word_1_12' title='bbox 674 737 792 816; x_wconf 76' lang='lat' dir='ltr'><strong>coyitat</strong></span> <span class='ocrx_word' id='word_1_13' title='bbox 814 754 851 798; x_wconf 82' lang='lat' dir='ltr'><strong>en</strong></span> <span class='ocrx_word' id='word_1_14' title='bbox 872 753 952 816; x_wconf 82' lang='lat' dir='ltr'><strong>quae</strong></span> <span class='ocrx_word' id='word_1_15' title='bbox 974 741 1049 798; x_wconf 81' lang='lat' dir='ltr'><strong>sunt</strong></span> <span class='ocrx_word' id='word_1_16' title='bbox 1069 737 1196 814; x_wconf 83' lang='lat' dir='ltr'><strong>mundi,</strong></span> <span class='ocrx_word' id='word_1_17' title='bbox 1223 758 1305 820; x_wconf 82' lang='lat' dir='ltr'><strong>quo·</strong></span> 
     </span>
     <span class='ocr_line' id='line_1_4' title="bbox 285 849 1304 936; baseline -0.003 -18"><span class='ocrx_word' id='word_1_18' title='bbox 285 855 376 918; x_wconf 85' lang='lat' dir='ltr'><strong>modo</strong></span> <span class='ocrx_word' id='word_1_19' title='bbox 411 856 539 936; x_wconf 79' lang='lat' dir='ltr'><strong>placeat</strong></span> <span class='ocrx_word' id='word_1_20' title='bbox 567 853 673 917; x_wconf 69' lang='lat' dir='ltr'><strong>umori.</strong></span> <span class='ocrx_word' id='word_1_21' title='bbox 733 852 774 914; x_wconf 85' lang='lat' dir='ltr'><strong>Et</strong></span> <span class='ocrx_word' id='word_1_22' title='bbox 803 852 914 915; x_wconf 83' lang='lat' dir='ltr'><strong>mulier</strong></span> <span class='ocrx_word' id='word_1_23' title='bbox 945 858 975 913; x_wconf 84' lang='lat' dir='ltr'><strong>et</strong></span> <span class='ocrx_word' id='word_1_24' title='bbox 1005 851 1094 932; x_wconf 69' lang='lat' dir='ltr'><strong>oiryo</strong></span> <span class='ocrx_word' id='word_1_25' title='bbox 1126 853 1257 934; x_wconf 79' lang='lat' dir='ltr'><strong>innupta</strong></span> <span class='ocrx_word' id='word_1_26' title='bbox 1277 849 1304 926; x_wconf 77' lang='lat'><strong>⁹)</strong></span> 
     </span>
     <span class='ocr_line' id='line_1_5' title="bbox 288 967 1305 1051; baseline 0.001 -19"><span class='ocrx_word' id='word_1_27' title='bbox 288 971 406 1050; x_wconf 73' lang='lat' dir='ltr'><strong>coqitat</strong></span> <span class='ocrx_word' id='word_1_28' title='bbox 427 989 465 1031; x_wconf 88' lang='lat' dir='ltr'><strong>ea</strong></span> <span class='ocrx_word' id='word_1_29' title='bbox 487 988 567 1051; x_wconf 81' lang='lat' dir='ltr'><strong>quae</strong></span> <span class='ocrx_word' id='word_1_30' title='bbox 589 975 665 1030; x_wconf 84' lang='lat' dir='ltr'><strong>suut</strong></span> <span class='ocrx_word' id='word_1_31' title='bbox 685 967 821 1043; x_wconf 81' lang='lat' dir='ltr'><strong>domici,</strong></span> <span class='ocrx_word' id='word_1_32' title='bbox 851 974 886 1029; x_wconf 80' lang='lat' dir='ltr'><strong>ot</strong></span> <span class='ocrx_word' id='word_1_33' title='bbox 914 968 956 1028; x_wconf 82' lang='lat' dir='ltr'><strong>sit</strong></span> <span class='ocrx_word' id='word_1_34' title='bbox 985 975 1097 1029; x_wconf 79' lang='lat' dir='ltr'><strong>sancta</strong></span> <span class='ocrx_word' id='word_1_35' title='bbox 1124 975 1154 1031; x_wconf 88' lang='lat' dir='ltr'><strong>et</strong></span> <span class='ocrx_word' id='word_1_36' title='bbox 1175 988 1305 1050; x_wconf 82' lang='lat' dir='ltr'><strong>corpore</strong></span> 
     </span>
     <span class='ocr_line' id='line_1_6' title="bbox 253 1076 1305 1168; baseline 0.002 -23"><span class='ocrx_word' id='word_1_37' title='bbox 253 1091 318 1146; x_wconf 81' lang='lat' dir='ltr'><strong>set</strong></span> <span class='ocrx_word' id='word_1_38' title='bbox 338 1084 462 1165; x_wconf 83' lang='lat' dir='ltr'><strong>spiritu.</strong></span> <span class='ocrx_word' id='word_1_39' title='bbox 508 1083 601 1166; x_wconf 82' lang='lat' dir='ltr'><strong>Virgo</strong></span> <span class='ocrx_word' id='word_1_40' title='bbox 625 1100 686 1145; x_wconf 91' lang='lat' dir='ltr'><strong>non</strong></span> <span class='ocrx_word' id='word_1_41' title='bbox 710 1099 780 1146; x_wconf 90' lang='lat' dir='ltr'><strong>esse</strong></span> <span class='ocrx_word' id='word_1_42' title='bbox 797 1076 837 1159; x_wconf 83' lang='lat'><strong>¹⁰)</strong></span> <span class='ocrx_word' id='word_1_43' title='bbox 864 1087 993 1159; x_wconf 87' lang='lat' dir='ltr'><strong>tantum,</strong></span> <span class='ocrx_word' id='word_1_44' title='bbox 1026 1080 1079 1143; x_wconf 90' lang='lat' dir='ltr'><strong>sed</strong></span> <span class='ocrx_word' id='word_1_45' title='bbox 1113 1089 1143 1145; x_wconf 89' lang='lat' dir='ltr'><strong>et</strong></span> <span class='ocrx_word' id='word_1_46' title='bbox 1171 1084 1305 1168; x_wconf 82' lang='lat' dir='ltr'>intellegi</span> 
     </span>
     <span class='ocr_line' id='line_1_7' title="bbox 287 1192 1304 1278; baseline 0 -19"><span class='ocrx_word' id='word_1_47' title='bbox 287 1196 377 1260; x_wconf 91' lang='lat' dir='ltr'><strong>debet</strong></span> <span class='ocrx_word' id='word_1_48' title='bbox 398 1203 428 1259; x_wconf 91' lang='lat' dir='ltr'><strong>et</strong></span> <span class='ocrx_word' id='word_1_49' title='bbox 457 1195 548 1260; x_wconf 89' lang='lat' dir='ltr'><strong>credi.</strong></span> <span class='ocrx_word' id='word_1_50' title='bbox 594 1195 688 1258; x_wconf 89' lang='lat' dir='ltr'><strong>Nemo</strong></span> <span class='ocrx_word' id='word_1_51' title='bbox 720 1213 786 1256; x_wconf 88' lang='lat' dir='ltr'><strong>cum</strong></span> <span class='ocrx_word' id='word_1_52' title='bbox 816 1193 963 1276; x_wconf 79' lang='lat' dir='ltr'><strong>virginem</strong></span> <span class='ocrx_word' id='word_1_53' title='bbox 993 1193 1075 1256; x_wconf 87' lang='lat' dir='ltr'><strong>videt</strong></span> <span class='ocrx_word' id='word_1_54' title='bbox 1095 1192 1148 1276; x_wconf 90' lang='lat'>¹¹),</span> <span class='ocrx_word' id='word_1_55' title='bbox 1183 1195 1304 1278; x_wconf 91' lang='lat' dir='ltr'><strong>dubitet,</strong></span> 
     </span>
    </p>
   </div>
   <div class='ocr_carea' id='block_1_3' title="bbox 299 1339 499 1352">
    <p class='ocr_par' dir='ltr' id='par_1_3' title="bbox 299 1339 499 1352">
     <span class='ocr_line' id='line_1_8' title="bbox 299 1339 499 1352; baseline -0.02 0"><span class='ocrx_word' id='word_1_56' title='bbox 299 1339 499 1352; x_wconf 68' lang='lat' dir='ltr'>—n-—-—-</span> 
     </span>
    </p>
   </div>
   <div class='ocr_carea' id='block_1_4' title="bbox 172 1410 1313 2707">
    <p class='ocr_par' dir='ltr' id='par_1_4' title="bbox 172 1410 1313 2707">
     <span class='ocr_line' id='line_1_9' title="bbox 287 1410 1306 1480; baseline -0.002 -14"><span class='ocrx_word' id='word_1_57' title='bbox 287 1417 407 1466; x_wconf 87' lang='lat' dir='ltr'><strong>omissum</strong></span> <span class='ocrx_word' id='word_1_58' title='bbox 424 1415 450 1465; x_wconf 90' lang='lat' dir='ltr'><strong>in</strong></span> <span class='ocrx_word' id='word_1_59' title='bbox 469 1411 499 1464; x_wconf 88' lang='lat' dir='ltr'><strong>B.</strong></span> <span class='ocrx_word' id='word_1_60' title='bbox 519 1411 567 1464; x_wconf 88' lang='lat' dir='ltr'><strong>bld.</strong></span> <span class='ocrx_word' id='word_1_61' title='bbox 587 1412 626 1476; x_wconf 77' lang='lat' dir='ltr'><strong>A,</strong></span> <span class='ocrx_word' id='word_1_62' title='bbox 653 1427 753 1464; x_wconf 88' lang='lat' dir='ltr'><strong>erasum</strong></span> <span class='ocrx_word' id='word_1_63' title='bbox 771 1411 798 1462; x_wconf 89' lang='lat' dir='ltr'><strong>in</strong></span> <span class='ocrx_word' id='word_1_64' title='bbox 816 1410 857 1462; x_wconf 88' lang='lat' dir='ltr'><strong>blb</strong></span> <span class='ocrx_word' id='word_1_65' title='bbox 876 1419 903 1464; x_wconf 89' lang='lat' dir='ltr'><strong>et</strong></span> <span class='ocrx_word' id='word_1_66' title='bbox 920 1413 1119 1480; x_wconf 84' lang='lat' dir='ltr'><strong>superscriptum</strong></span> <span class='ocrx_word' id='word_1_67' title='bbox 1137 1428 1153 1463; x_wconf 82' lang='lat' dir='ltr'><strong>a</strong></span> <span class='ocrx_word' id='word_1_68' title='bbox 1171 1429 1192 1466; x_wconf 89' lang='lat' dir='ltr'><strong>r.</strong></span> <span class='ocrx_word' id='word_1_69' title='bbox 1212 1429 1244 1465; x_wconf 88' lang='lat' dir='ltr'><strong>m.</strong></span> <span class='ocrx_word' id='word_1_70' title='bbox 1265 1421 1306 1464; x_wconf 90' lang='lat' dir='ltr'><strong>est</strong></span> 
     </span>
     <span class='ocr_line' id='line_1_10' title="bbox 286 1498 1305 1570; baseline 0.003 -18"><span class='ocrx_word' id='word_1_71' title='bbox 286 1502 312 1554; x_wconf 90' lang='lat' dir='ltr'><strong>in</strong></span> <span class='ocrx_word' id='word_1_72' title='bbox 330 1501 379 1566; x_wconf 79' lang='lat' dir='ltr'><strong>tte,</strong></span> <span class='ocrx_word' id='word_1_73' title='bbox 400 1501 474 1570; x_wconf 84' lang='lat' dir='ltr'><strong>idque</strong></span> <span class='ocrx_word' id='word_1_74' title='bbox 492 1507 563 1552; x_wconf 87' lang='lat' dir='ltr'><strong>recte</strong></span> <span class='ocrx_word' id='word_1_75' title='bbox 585 1501 702 1567; x_wconf 76' lang='lat' dir='ltr'>expunxit</span> <span class='ocrx_word' id='word_1_76' title='bbox 721 1501 770 1550; x_wconf 86' lang='lat' dir='ltr'><strong>iam</strong></span> <span class='ocrx_word' id='word_1_77' title='bbox 790 1500 873 1550; x_wconf 85' lang='lat' dir='ltr'><strong>editor</strong></span> <span class='ocrx_word' id='word_1_78' title='bbox 891 1498 1059 1552; x_wconf 84' lang='lat' dir='ltr'><strong>blanutianae.</strong></span> <span class='ocrx_word' id='word_1_79' title='bbox 1091 1500 1145 1554; x_wconf 81' lang='lat' dir='ltr'><strong>Nec</strong></span> <span class='ocrx_word' id='word_1_80' title='bbox 1163 1518 1226 1570; x_wconf 86' lang='lat' dir='ltr'><strong>opus</strong></span> <span class='ocrx_word' id='word_1_81' title='bbox 1244 1503 1269 1556; x_wconf 89' lang='lat' dir='ltr'><strong>b.</strong></span> <span class='ocrx_word' id='word_1_82' title='bbox 1289 1503 1305 1556; x_wconf 94' lang='lat' dir='ltr'><strong>l.</strong></span> 
     </span>
     <span class='ocr_line' id='line_1_11' title="bbox 172 1587 1313 1657; baseline 0 -15"><span class='ocrx_word' id='word_1_83' title='bbox 172 1625 178 1642; x_wconf 77' lang='grc'><strong><em>,</em></strong></span> <span class='ocrx_word' id='word_1_84' title='bbox 287 1600 327 1646; x_wconf 89' lang='lat' dir='ltr'><strong>est</strong></span> <span class='ocrx_word' id='word_1_85' title='bbox 349 1591 451 1642; x_wconf 88' lang='lat' dir='ltr'><strong>nomino</strong></span> <span class='ocrx_word' id='word_1_86' title='bbox 470 1593 588 1656; x_wconf 78' lang='lat' dir='ltr'><strong>Paulus,</strong></span> <span class='ocrx_word' id='word_1_87' title='bbox 616 1605 673 1640; x_wconf 88' lang='lat' dir='ltr'><strong>cum</strong></span> <span class='ocrx_word' id='word_1_88' title='bbox 697 1603 749 1640; x_wconf 81' lang='lat' dir='ltr'><strong>uox</strong></span> <span class='ocrx_word' id='word_1_89' title='bbox 775 1591 915 1657; x_wconf 76' lang='lat' dir='ltr'><strong>apostotus</strong></span> <span class='ocrx_word' id='word_1_90' title='bbox 940 1604 955 1639; x_wconf 86' lang='lat' dir='ltr'><strong>e</strong></span> <span class='ocrx_word' id='word_1_91' title='bbox 983 1587 1069 1640; x_wconf 82' lang='lat' dir='ltr'><strong>verbis</strong></span> <span class='ocrx_word' id='word_1_92' title='bbox 1092 1589 1313 1655; x_wconf 77' lang='lat' dir='ltr'><strong>praecedentibus</strong></span> 
     </span>
     <span class='ocr_line' id='line_1_12' title="bbox 287 1674 1307 1746; baseline -0.002 -14"><span class='ocrx_word' id='word_1_93' title='bbox 287 1678 441 1746; x_wconf 76' lang='lat' dir='ltr'><strong>subintelligi</strong></span> <span class='ocrx_word' id='word_1_94' title='bbox 465 1675 538 1728; x_wconf 87' lang='lat' dir='ltr'><strong>lacile</strong></span> <span class='ocrx_word' id='word_1_95' title='bbox 563 1678 651 1744; x_wconf 81' lang='lat' dir='ltr'><strong>possit.</strong></span> <span class='ocrx_word' id='word_1_96' title='bbox 689 1674 754 1727; x_wconf 84' lang='lat' dir='ltr'><strong>Dein</strong></span> <span class='ocrx_word' id='word_1_97' title='bbox 778 1690 824 1742; x_wconf 89' lang='lat' dir='ltr'><strong>pro</strong></span> <span class='ocrx_word' id='word_1_98' title='bbox 851 1685 874 1729; x_wconf 80' lang='lat' dir='ltr'><strong>et</strong></span> <span class='ocrx_word' id='word_1_99' title='bbox 899 1679 970 1730; x_wconf 85' lang='lat' dir='ltr'><strong>docet</strong></span> <span class='ocrx_word' id='word_1_100' title='bbox 989 1679 1080 1730; x_wconf 79' lang='lat' dir='ltr'><strong>diceas</strong></span> <span class='ocrx_word' id='word_1_101' title='bbox 1098 1675 1155 1728; x_wconf 86' lang='lat' dir='ltr'><strong>blbc</strong></span> <span class='ocrx_word' id='word_1_102' title='bbox 1174 1685 1199 1728; x_wconf 88' lang='lat' dir='ltr'><strong>et</strong></span> <span class='ocrx_word' id='word_1_103' title='bbox 1217 1677 1239 1729; x_wconf 75' lang='lat' dir='ltr'><strong>A</strong></span> <span class='ocrx_word' id='word_1_104' title='bbox 1258 1694 1307 1730; x_wconf 85' lang='lat' dir='ltr'><strong>ex-</strong></span> 
     </span>
     <span class='ocr_line' id='line_1_13' title="bbox 286 1761 1308 1832; baseline 0 -14"><span class='ocrx_word' id='word_1_105' title='bbox 286 1766 374 1818; x_wconf 77' lang='lat' dir='ltr'><strong>hibent</strong></span> <span class='ocrx_word' id='word_1_106' title='bbox 392 1777 416 1819; x_wconf 88' lang='lat' dir='ltr'><strong>et</strong></span> <span class='ocrx_word' id='word_1_107' title='bbox 434 1768 511 1832; x_wconf 80' lang='lat' dir='ltr'><strong>dicit,</strong></span> <span class='ocrx_word' id='word_1_108' title='bbox 537 1772 566 1815; x_wconf 92' lang='lat' dir='ltr'><strong>ut</strong></span> <span class='ocrx_word' id='word_1_109' title='bbox 590 1763 726 1832; x_wconf 74' lang='lat' dir='ltr'><strong>legebatur</strong></span> <span class='ocrx_word' id='word_1_110' title='bbox 750 1771 810 1814; x_wconf 85' lang='lat' dir='ltr'><strong>ente</strong></span> <span class='ocrx_word' id='word_1_111' title='bbox 829 1761 974 1826; x_wconf 68' lang='lat' dir='ltr'><strong>baluzium</strong></span> <span class='ocrx_word' id='word_1_112' title='bbox 1000 1781 1031 1816; x_wconf 81' lang='lat' dir='ltr'><strong>ac</strong></span> <span class='ocrx_word' id='word_1_113' title='bbox 1057 1767 1122 1818; x_wconf 78' lang='lat' dir='ltr'><strong>dicit</strong></span> <span class='ocrx_word' id='word_1_114' title='bbox 1147 1763 1266 1816; x_wconf 83' lang='lat' dir='ltr'><strong>scribitur</strong></span> <span class='ocrx_word' id='word_1_115' title='bbox 1283 1767 1308 1818; x_wconf 89' lang='lat' dir='ltr'><strong>in</strong></span> 
     </span>
     <span class='ocr_line' id='line_1_14' title="bbox 287 1850 1307 1923; baseline -0.002 -16"><span class='ocrx_word' id='word_1_116' title='bbox 287 1853 337 1907; x_wconf 82' lang='lat' dir='ltr'><strong>dld.</strong></span> <span class='ocrx_word' id='word_1_117' title='bbox 374 1850 730 1918; x_wconf 77' lang='lat' dir='ltr'><strong>vio‚1.cor.7‚32-3t.</strong></span> <span class='ocrx_word' id='word_1_118' title='bbox 775 1850 803 1915; x_wconf 84' lang='grc'><strong>8)</strong></span> <span class='ocrx_word' id='word_1_119' title='bbox 824 1855 935 1921; x_wconf 73' lang='grc' dir='ltr'><strong>Οαοιιρι</strong></span> <span class='ocrx_word' id='word_1_120' title='bbox 957 1850 1012 1917; x_wconf 85' lang='lat' dir='ltr'><strong>lla,</strong></span> <span class='ocrx_word' id='word_1_121' title='bbox 1040 1855 1126 1923; x_wconf 80' lang='lat' dir='ltr'><strong>celeps</strong></span> <span class='ocrx_word' id='word_1_122' title='bbox 1144 1853 1176 1903; x_wconf 91' lang='lat' dir='ltr'>W</span> <span class='ocrx_word' id='word_1_123' title='bbox 1194 1861 1221 1904; x_wconf 91' lang='lat' dir='ltr'><strong>et</strong></span> <span class='ocrx_word' id='word_1_124' title='bbox 1238 1853 1307 1906; x_wconf 87' lang='lat' dir='ltr'><strong>blbd.</strong></span> 
     </span>
     <span class='ocr_line' id='line_1_15' title="bbox 285 1937 1308 2010; baseline 0 -16"><span class='ocrx_word' id='word_1_125' title='bbox 285 1940 343 1994; x_wconf 86' lang='lat' dir='ltr'><strong>blox</strong></span> <span class='ocrx_word' id='word_1_126' title='bbox 363 1959 428 2010; x_wconf 81' lang='lat' dir='ltr'><strong>quae</strong></span> <span class='ocrx_word' id='word_1_127' title='bbox 446 1944 488 1995; x_wconf 82' lang='lat' dir='ltr'><strong>det</strong></span> <span class='ocrx_word' id='word_1_128' title='bbox 505 1951 570 1995; x_wconf 81' lang='lat' dir='ltr'><strong>eunt</strong></span> <span class='ocrx_word' id='word_1_129' title='bbox 592 1939 650 1992; x_wconf 90' lang='lat' dir='ltr'><strong>edd.</strong></span> <span class='ocrx_word' id='word_1_130' title='bbox 668 1947 731 1992; x_wconf 87' lang='lat' dir='ltr'><strong>vett.</strong></span> <span class='ocrx_word' id='word_1_131' title='bbox 752 1957 774 1991; x_wconf 89' lang='lat' dir='ltr'><strong>e.</strong></span> <span class='ocrx_word' id='word_1_132' title='bbox 793 1938 882 1990; x_wconf 83' lang='lat' dir='ltr'><strong>llemb.</strong></span> <span class='ocrx_word' id='word_1_133' title='bbox 902 1937 999 1990; x_wconf 84' lang='lat' dir='ltr'><strong>Erasm.</strong></span> <span class='ocrx_word' id='word_1_134' title='bbox 1020 1937 1095 1992; x_wconf 84' lang='lat' dir='ltr'><strong>Grau.</strong></span> <span class='ocrx_word' id='word_1_135' title='bbox 1115 1949 1190 2010; x_wconf 88' lang='lat' dir='ltr'><strong>atque</strong></span> <span class='ocrx_word' id='word_1_136' title='bbox 1208 1941 1308 1994; x_wconf 87' lang='lat' dir='ltr'><strong>llorell.</strong></span> 
     </span>
     <span class='ocr_line' id='line_1_16' title="bbox 285 2027 1307 2099; baseline 0.002 -19"><span class='ocrx_word' id='word_1_137' title='bbox 285 2029 343 2081; x_wconf 80' lang='lat' dir='ltr'><strong>niis</strong></span> <span class='ocrx_word' id='word_1_138' title='bbox 362 2047 428 2099; x_wconf 81' lang='lat' dir='ltr'><strong>quae</strong></span> <span class='ocrx_word' id='word_1_139' title='bbox 447 2039 511 2083; x_wconf 80' lang='grc' dir='ltr'><strong>ιιιιιι</strong></span> <span class='ocrx_word' id='word_1_140' title='bbox 529 2031 627 2082; x_wconf 82' lang='lat' dir='ltr'><strong>domini</strong></span> <span class='ocrx_word' id='word_1_141' title='bbox 645 2029 803 2079; x_wconf 77' lang='lat' dir='ltr'><strong>recentiores</strong></span> <span class='ocrx_word' id='word_1_142' title='bbox 826 2029 937 2095; x_wconf 87' lang='lat' dir='ltr'><strong>itemque</strong></span> <span class='ocrx_word' id='word_1_143' title='bbox 957 2027 1030 2080; x_wconf 86' lang='lat' dir='ltr'><strong>codd.</strong></span> <span class='ocrx_word' id='word_1_144' title='bbox 1050 2031 1204 2082; x_wconf 79' lang='lat' dir='ltr'><strong>assentiente</strong></span> <span class='ocrx_word' id='word_1_145' title='bbox 1230 2034 1307 2083; x_wconf 91' lang='lat' dir='ltr'><strong>etiam</strong></span> 
     </span>
     <span class='ocr_line' id='line_1_17' title="bbox 285 2114 1308 2184; baseline 0.003 -15"><span class='ocrx_word' id='word_1_146' title='bbox 285 2115 483 2169; x_wconf 71' lang='lat' dir='ltr'><strong>claromontano</strong></span> <span class='ocrx_word' id='word_1_147' title='bbox 505 2115 667 2184; x_wconf 82' lang='lat' dir='ltr'><strong>epistolarum</strong></span> <span class='ocrx_word' id='word_1_148' title='bbox 687 2115 713 2167; x_wconf 91' lang='lat' dir='ltr'><strong>S.</strong></span> <span class='ocrx_word' id='word_1_149' title='bbox 731 2115 811 2167; x_wconf 90' lang='lat' dir='ltr'><strong>Pauli.</strong></span> <span class='ocrx_word' id='word_1_150' title='bbox 848 2114 969 2184; x_wconf 88' lang='lat' dir='ltr'><strong>Sequitur</strong></span> <span class='ocrx_word' id='word_1_151' title='bbox 986 2117 1063 2182; x_wconf 84' lang='lat' dir='ltr'><strong>igitur</strong></span> <span class='ocrx_word' id='word_1_152' title='bbox 1080 2125 1107 2167; x_wconf 90' lang='lat' dir='ltr'><strong>ut</strong></span> <span class='ocrx_word' id='word_1_153' title='bbox 1124 2118 1239 2183; x_wconf 87' lang='lat' dir='ltr'><strong>proxime</strong></span> <span class='ocrx_word' id='word_1_154' title='bbox 1262 2121 1308 2172; x_wconf 79' lang='lat' dir='ltr'><strong>deo</strong></span> 
     </span>
     <span class='ocr_line' id='line_1_18' title="bbox 285 2202 1308 2273; baseline 0.002 -15"><span class='ocrx_word' id='word_1_155' title='bbox 285 2213 397 2258; x_wconf 87' lang='lat' dir='ltr'><strong>mutetur</strong></span> <span class='ocrx_word' id='word_1_156' title='bbox 418 2207 444 2256; x_wconf 89' lang='lat' dir='ltr'><strong>in</strong></span> <span class='ocrx_word' id='word_1_157' title='bbox 468 2208 588 2268; x_wconf 67' lang='lat' dir='ltr'><strong>dentiae,</strong></span> <span class='ocrx_word' id='word_1_158' title='bbox 613 2203 682 2272; x_wconf 86' lang='lat' dir='ltr'><strong>quod</strong></span> <span class='ocrx_word' id='word_1_159' title='bbox 704 2203 803 2273; x_wconf 82' lang='lat' dir='ltr'><strong>flagitat</strong></span> <span class='ocrx_word' id='word_1_160' title='bbox 820 2202 931 2255; x_wconf 87' lang='lat' dir='ltr'><strong>Graecus</strong></span> <span class='ocrx_word' id='word_1_161' title='bbox 950 2212 1032 2256; x_wconf 86' lang='lat' dir='ltr'><strong>textus</strong></span> <span class='ocrx_word' id='word_1_162' title='bbox 1051 2211 1077 2255; x_wconf 88' lang='lat' dir='ltr'><strong>et</strong></span> <span class='ocrx_word' id='word_1_163' title='bbox 1098 2202 1308 2260; x_wconf 76' lang='lat' dir='ltr'><strong>claromontanus</strong></span> 
     </span>
     <span class='ocr_line' id='line_1_19' title="bbox 285 2290 1308 2361; baseline 0.006 -19"><span class='ocrx_word' id='word_1_164' title='bbox 285 2291 350 2345; x_wconf 91' lang='lat' dir='ltr'><strong>liber</strong></span> <span class='ocrx_word' id='word_1_165' title='bbox 368 2291 452 2344; x_wconf 87' lang='lat' dir='ltr'><strong>habet.</strong></span> <span class='ocrx_word' id='word_1_166' title='bbox 488 2290 588 2343; x_wconf 88' lang='lat' dir='ltr'><strong>Deinde</strong></span> <span class='ocrx_word' id='word_1_167' title='bbox 606 2291 648 2342; x_wconf 86' lang='lat' dir='ltr'><strong>blb</strong></span> <span class='ocrx_word' id='word_1_168' title='bbox 672 2290 716 2342; x_wconf 92' lang='lat' dir='ltr'><strong>dat</strong></span> <span class='ocrx_word' id='word_1_169' title='bbox 739 2294 906 2345; x_wconf 78' lang='lat' dir='ltr'><strong>matrimonio</strong></span> <span class='ocrx_word' id='word_1_170' title='bbox 931 2295 1046 2348; x_wconf 71' lang='lat' dir='ltr'><strong>insectus·</strong></span> <span class='ocrx_word' id='word_1_171' title='bbox 1068 2303 1122 2361; x_wconf 79' lang='lat' dir='ltr'><strong>eat,</strong></span> <span class='ocrx_word' id='word_1_172' title='bbox 1151 2292 1190 2344; x_wconf 87' lang='lat' dir='ltr'><strong>blc</strong></span> <span class='ocrx_word' id='word_1_173' title='bbox 1208 2298 1308 2348; x_wconf 82' lang='lat' dir='ltr'><strong>matri-</strong></span> 
     </span>
     <span class='ocr_line' id='line_1_20' title="bbox 285 2378 1308 2446; baseline 0 -13"><span class='ocrx_word' id='word_1_174' title='bbox 285 2384 402 2434; x_wconf 81' lang='lat' dir='ltr'><strong>monium</strong></span> <span class='ocrx_word' id='word_1_175' title='bbox 424 2384 584 2433; x_wconf 78' lang='lat' dir='ltr'><strong>coastrueit.</strong></span> <span class='ocrx_word' id='word_1_176' title='bbox 626 2378 687 2430; x_wconf 84' lang='lat' dir='ltr'><strong>Post</strong></span> <span class='ocrx_word' id='word_1_177' title='bbox 711 2383 803 2434; x_wconf 73' lang='lat' dir='ltr'><strong>mosidi</strong></span> <span class='ocrx_word' id='word_1_178' title='bbox 827 2395 899 2446; x_wconf 88' lang='lat' dir='ltr'><strong>pron.</strong></span> <span class='ocrx_word' id='word_1_179' title='bbox 919 2380 1157 2436; x_wconf 61' lang='lat' dir='ltr'><strong>demonachatum</strong></span> <span class='ocrx_word' id='word_1_180' title='bbox 1177 2397 1227 2432; x_wconf 92' lang='lat' dir='ltr'><strong>om.</strong></span> <span class='ocrx_word' id='word_1_181' title='bbox 1247 2382 1308 2434; x_wconf 93' lang='lat' dir='ltr'><strong>libri</strong></span> 
     </span>
     <span class='ocr_line' id='line_1_21' title="bbox 286 2466 1307 2537; baseline 0 -17"><span class='ocrx_word' id='word_1_182' title='bbox 286 2476 345 2520; x_wconf 83' lang='lat' dir='ltr'><strong>ante</strong></span> <span class='ocrx_word' id='word_1_183' title='bbox 369 2467 442 2522; x_wconf 82' lang='lat' dir='ltr'><strong>Grau.</strong></span> <span class='ocrx_word' id='word_1_184' title='bbox 462 2466 538 2532; x_wconf 86' lang='lat' dir='ltr'><strong>editi,</strong></span> <span class='ocrx_word' id='word_1_185' title='bbox 566 2483 614 2518; x_wconf 87' lang='lat' dir='ltr'><strong>nec</strong></span> <span class='ocrx_word' id='word_1_186' title='bbox 638 2466 717 2530; x_wconf 82' lang='lat' dir='ltr'><strong>ruale3</strong></span> <span class='ocrx_word' id='word_1_187' title='bbox 747 2467 847 2519; x_wconf 86' lang='lat' dir='ltr'><strong>videtur</strong></span> <span class='ocrx_word' id='word_1_188' title='bbox 873 2469 940 2519; x_wconf 90' lang='lat' dir='ltr'><strong>enim</strong></span> <span class='ocrx_word' id='word_1_189' title='bbox 966 2467 1067 2521; x_wconf 83' lang='lat' dir='ltr'><strong>fluxisse</strong></span> <span class='ocrx_word' id='word_1_190' title='bbox 1095 2485 1127 2522; x_wconf 89' lang='lat' dir='ltr'><strong>ex</strong></span> <span class='ocrx_word' id='word_1_191' title='bbox 1151 2469 1251 2537; x_wconf 75' lang='lat' dir='ltr'><strong>glossa,</strong></span> <span class='ocrx_word' id='word_1_192' title='bbox 1279 2478 1307 2521; x_wconf 92' lang='grc' dir='ltr'><strong>ιιι</strong></span> 
     </span>
     <span class='ocr_line' id='line_1_22' title="bbox 285 2555 1307 2623; baseline 0.002 -17"><span class='ocrx_word' id='word_1_193' title='bbox 285 2557 378 2608; x_wconf 88' lang='lat' dir='ltr'><strong>coniiei</strong></span> <span class='ocrx_word' id='word_1_194' title='bbox 395 2557 445 2606; x_wconf 89' lang='lat' dir='ltr'><strong>iam</strong></span> <span class='ocrx_word' id='word_1_195' title='bbox 463 2562 547 2622; x_wconf 85' lang='lat' dir='ltr'><strong>potest</strong></span> <span class='ocrx_word' id='word_1_196' title='bbox 567 2571 599 2606; x_wconf 86' lang='lat' dir='ltr'><strong>ex</strong></span> <span class='ocrx_word' id='word_1_197' title='bbox 615 2555 713 2606; x_wconf 85' lang='lat' dir='ltr'><strong>incerta</strong></span> <span class='ocrx_word' id='word_1_198' title='bbox 732 2555 802 2607; x_wconf 89' lang='lat' dir='ltr'><strong>vocis</strong></span> <span class='ocrx_word' id='word_1_199' title='bbox 819 2555 963 2621; x_wconf 85' lang='lat' dir='ltr'><strong>locatione,</strong></span> <span class='ocrx_word' id='word_1_200' title='bbox 991 2573 1048 2608; x_wconf 91' lang='lat' dir='ltr'><strong>cum</strong></span> <span class='ocrx_word' id='word_1_201' title='bbox 1073 2558 1097 2607; x_wconf 92' lang='lat' dir='ltr'><strong>in</strong></span> <span class='ocrx_word' id='word_1_202' title='bbox 1118 2558 1175 2609; x_wconf 88' lang='lat' dir='ltr'><strong>cod.</strong></span> <span class='ocrx_word' id='word_1_203' title='bbox 1196 2557 1254 2623; x_wconf 80' lang='lat' dir='ltr'><strong>blb,</strong></span> <span class='ocrx_word' id='word_1_204' title='bbox 1281 2565 1307 2608; x_wconf 89' lang='lat' dir='ltr'><strong>ut</strong></span> 
     </span>
     <span class='ocr_line' id='line_1_23' title="bbox 284 2636 1307 2707; baseline 0 -13"><span class='ocrx_word' id='word_1_205' title='bbox 284 2644 309 2695; x_wconf 91' lang='lat' dir='ltr'><strong>in</strong></span> <span class='ocrx_word' id='word_1_206' title='bbox 328 2641 497 2707; x_wconf 76' lang='lat' dir='ltr'><strong>claromont,</strong></span> <span class='ocrx_word' id='word_1_207' title='bbox 521 2644 623 2694; x_wconf 84' lang='lat' dir='ltr'><strong>inverso</strong></span> <span class='ocrx_word' id='word_1_208' title='bbox 651 2641 739 2694; x_wconf 87' lang='lat' dir='ltr'><strong>ordine</strong></span> <span class='ocrx_word' id='word_1_209' title='bbox 762 2645 844 2698; x_wconf 80' lang='lat' dir='ltr'><strong>buius</strong></span> <span class='ocrx_word' id='word_1_210' title='bbox 865 2648 957 2698; x_wconf 82' lang='lat' dir='ltr'><strong>mundi</strong></span> <span class='ocrx_word' id='word_1_211' title='bbox 975 2653 1001 2695; x_wconf 87' lang='lat' dir='ltr'><strong>et</strong></span> <span class='ocrx_word' id='word_1_212' title='bbox 1018 2646 1044 2694; x_wconf 94' lang='lat' dir='ltr'><strong>in</strong></span> <span class='ocrx_word' id='word_1_213' title='bbox 1062 2641 1161 2697; x_wconf 81' lang='lat' dir='ltr'><strong>Graeco</strong></span> <span class='ocrx_word' id='word_1_214' title='bbox 1181 2636 1252 2696; x_wconf 84' lang='lat' dir='ltr'><strong>textu</strong></span> <span class='ocrx_word' id='word_1_215' title='bbox 1271 2643 1307 2697; x_wconf 92' lang='lat' dir='ltr'><strong>nil</strong></span> 
     </span>
    </p>
   </div>
   <div class='ocr_carea' id='block_1_5' title="bbox 213 2735 1307 2836">
    <p class='ocr_par' dir='ltr' id='par_1_5' title="bbox 213 2735 1307 2836">
     <span class='ocr_line' id='line_1_24' title="bbox 213 2735 1307 2836; baseline 0 -16"><span class='ocrx_word' id='word_1_216' title='bbox 213 2807 216 2811; x_wconf 83' lang='grc'><strong>-</strong></span> <span class='ocrx_word' id='word_1_217' title='bbox 284 2769 331 2820; x_wconf 91' lang='lat' dir='ltr'><strong>nisi</strong></span> <span class='ocrx_word' id='word_1_218' title='bbox 349 2764 380 2816; x_wconf 79' lang='lat' dir='ltr'><strong>ui</strong></span> <span class='ocrx_word' id='word_1_219' title='bbox 399 2771 443 2818; x_wconf 80' lang='grc' dir='ltr'><strong>τοῦ</strong></span> <span class='ocrx_word' id='word_1_220' title='bbox 461 2762 553 2830; x_wconf 83' lang='grc' dir='ltr'><strong><em>κόσμου</em></strong></span> <span class='ocrx_word' id='word_1_221' title='bbox 573 2766 681 2835; x_wconf 79' lang='lat' dir='ltr'><strong>legatur.</strong></span> <span class='ocrx_word' id='word_1_222' title='bbox 717 2766 783 2818; x_wconf 87' lang='lat' dir='ltr'><strong>Dein</strong></span> <span class='ocrx_word' id='word_1_223' title='bbox 802 2735 931 2836; x_wconf 54' lang='lat' dir='ltr'><strong>quanm</strong></span> <span class='ocrx_word' id='word_1_224' title='bbox 946 2770 1049 2836; x_wconf 74' lang='lat' dir='ltr'><strong>placeat</strong></span> <span class='ocrx_word' id='word_1_225' title='bbox 1067 2766 1156 2834; x_wconf 79' lang='lat' dir='ltr'><strong>(modo</strong></span> <span class='ocrx_word' id='word_1_226' title='bbox 1175 2766 1206 2819; x_wconf 92' lang='lat' dir='ltr'><strong>ab</strong></span> <span class='ocrx_word' id='word_1_227' title='bbox 1226 2767 1259 2820; x_wconf 86' lang='lat' dir='ltr'><strong>al.</strong></span> <span class='ocrx_word' id='word_1_228' title='bbox 1274 2785 1307 2820; x_wconf 89' lang='lat' dir='ltr'><strong>m.</strong></span> 
     </span>
    </p>
   </div>
   <div class='ocr_carea' id='block_1_6' title="bbox 241 2853 1310 3886">
    <p class='ocr_par' dir='ltr' id='par_1_6' title="bbox 241 2853 1310 3886">
     <span class='ocr_line' id='line_1_25' title="bbox 284 2853 1306 2926; baseline -0.001 -17"><span class='ocrx_word' id='word_1_229' title='bbox 284 2872 360 2925; x_wconf 86' lang='lat' dir='ltr'><strong>supra</strong></span> <span class='ocrx_word' id='word_1_230' title='bbox 385 2854 486 2923; x_wconf 86' lang='lat' dir='ltr'><strong>addito)</strong></span> <span class='ocrx_word' id='word_1_231' title='bbox 509 2853 588 2907; x_wconf 87' lang='lat' dir='ltr'><strong>babet</strong></span> <span class='ocrx_word' id='word_1_232' title='bbox 605 2853 646 2908; x_wconf 87' lang='lat' dir='ltr'><strong>W.</strong></span> <span class='ocrx_word' id='word_1_233' title='bbox 692 2855 720 2923; x_wconf 81' lang='lat'><strong>9)</strong></span> <span class='ocrx_word' id='word_1_234' title='bbox 739 2859 786 2909; x_wconf 79' lang='lat' dir='ltr'><strong>Sic</strong></span> <span class='ocrx_word' id='word_1_235' title='bbox 811 2863 834 2908; x_wconf 89' lang='lat' dir='ltr'><strong>el</strong></span> <span class='ocrx_word' id='word_1_236' title='bbox 858 2858 935 2925; x_wconf 66' lang='lat' dir='ltr'><strong>virne</strong></span> <span class='ocrx_word' id='word_1_237' title='bbox 959 2864 984 2908; x_wconf 81' lang='lat' dir='ltr'><strong>st</strong></span> <span class='ocrx_word' id='word_1_238' title='bbox 1001 2859 1098 2909; x_wconf 72' lang='lat' dir='ltr'><strong>cautior</strong></span> <span class='ocrx_word' id='word_1_239' title='bbox 1116 2859 1229 2926; x_wconf 75' lang='lat' dir='ltr'><strong>iitnuptn</strong></span> <span class='ocrx_word' id='word_1_240' title='bbox 1247 2855 1306 2908; x_wconf 90' lang='lat' dir='ltr'><strong>edd.</strong></span> 
     </span>
     <span class='ocr_line' id='line_1_26' title="bbox 284 2941 1307 3012; baseline 0 -16"><span class='ocrx_word' id='word_1_241' title='bbox 284 2944 370 3012; x_wconf 77' lang='lat' dir='ltr'><strong>vulgg.</strong></span> <span class='ocrx_word' id='word_1_242' title='bbox 411 2943 462 2994; x_wconf 90' lang='lat' dir='ltr'><strong>Sed</strong></span> <span class='ocrx_word' id='word_1_243' title='bbox 486 2943 579 2996; x_wconf 81' lang='lat' dir='ltr'><strong>vocula</strong></span> <span class='ocrx_word' id='word_1_244' title='bbox 607 2946 648 2998; x_wconf 79' lang='lat' dir='ltr'><strong>sic</strong></span> <span class='ocrx_word' id='word_1_245' title='bbox 674 2943 747 2995; x_wconf 88' lang='lat' dir='ltr'><strong>abest</strong></span> <span class='ocrx_word' id='word_1_246' title='bbox 768 2960 784 2995; x_wconf 87' lang='lat' dir='ltr'><strong>a</strong></span> <span class='ocrx_word' id='word_1_247' title='bbox 809 2942 863 3008; x_wconf 83' lang='lat' dir='ltr'><strong>lla,</strong></span> <span class='ocrx_word' id='word_1_248' title='bbox 888 2957 937 2994; x_wconf 89' lang='lat' dir='ltr'><strong>nec</strong></span> <span class='ocrx_word' id='word_1_249' title='bbox 962 2943 1075 2995; x_wconf 83' lang='lat' dir='ltr'><strong>firmatur</strong></span> <span class='ocrx_word' id='word_1_250' title='bbox 1101 2941 1199 2994; x_wconf 85' lang='lat' dir='ltr'><strong>Graeco</strong></span> <span class='ocrx_word' id='word_1_251' title='bbox 1225 2951 1307 2997; x_wconf 83' lang='lat' dir='ltr'><strong>textu.</strong></span> 
     </span>
     <span class='ocr_line' id='line_1_27' title="bbox 283 3027 1307 3099; baseline 0.001 -18"><span class='ocrx_word' id='word_1_252' title='bbox 283 3027 369 3092; x_wconf 76' lang='lat' dir='ltr'><strong>Quare</strong></span> <span class='ocrx_word' id='word_1_253' title='bbox 388 3032 505 3098; x_wconf 80' lang='lat' dir='ltr'><strong>expunxi</strong></span> <span class='ocrx_word' id='word_1_254' title='bbox 543 3029 604 3080; x_wconf 88' lang='lat' dir='ltr'><strong>Tum</strong></span> <span class='ocrx_word' id='word_1_255' title='bbox 623 3040 647 3083; x_wconf 88' lang='lat' dir='ltr'><strong>et</strong></span> <span class='ocrx_word' id='word_1_256' title='bbox 663 3034 760 3084; x_wconf 83' lang='lat' dir='ltr'><strong>mulier</strong></span> <span class='ocrx_word' id='word_1_257' title='bbox 778 3040 802 3083; x_wconf 85' lang='lat' dir='ltr'><strong>et</strong></span> <span class='ocrx_word' id='word_1_258' title='bbox 820 3032 897 3099; x_wconf 63' lang='lat' dir='ltr'><strong>virne</strong></span> <span class='ocrx_word' id='word_1_259' title='bbox 916 3033 1029 3098; x_wconf 78' lang='lat' dir='ltr'><strong>innupto</strong></span> <span class='ocrx_word' id='word_1_260' title='bbox 1048 3029 1098 3081; x_wconf 88' lang='lat' dir='ltr'><strong>alio</strong></span> <span class='ocrx_word' id='word_1_261' title='bbox 1117 3030 1207 3082; x_wconf 86' lang='lat' dir='ltr'><strong>ordine</strong></span> <span class='ocrx_word' id='word_1_262' title='bbox 1226 3030 1307 3082; x_wconf 89' lang='lat' dir='ltr'><strong>multo</strong></span> 
     </span>
     <span class='ocr_line' id='line_1_28' title="bbox 283 3115 1308 3187; baseline 0.002 -19"><span class='ocrx_word' id='word_1_263' title='bbox 283 3119 366 3187; x_wconf 85' lang='lat' dir='ltr'><strong>aptius</strong></span> <span class='ocrx_word' id='word_1_264' title='bbox 383 3117 501 3170; x_wconf 85' lang='lat' dir='ltr'><strong>scribitur</strong></span> <span class='ocrx_word' id='word_1_265' title='bbox 526 3120 551 3170; x_wconf 88' lang='lat' dir='ltr'><strong>in</strong></span> <span class='ocrx_word' id='word_1_266' title='bbox 569 3118 610 3170; x_wconf 88' lang='lat' dir='ltr'><strong>W.</strong></span> <span class='ocrx_word' id='word_1_267' title='bbox 629 3117 728 3169; x_wconf 86' lang='lat' dir='ltr'><strong>blabed.</strong></span> <span class='ocrx_word' id='word_1_268' title='bbox 747 3116 775 3169; x_wconf 88' lang='lat' dir='ltr'><strong>B.</strong></span> <span class='ocrx_word' id='word_1_269' title='bbox 794 3115 831 3180; x_wconf 77' lang='grc' dir='ltr'><strong>Α,</strong></span> <span class='ocrx_word' id='word_1_270' title='bbox 855 3119 916 3168; x_wconf 88' lang='lat' dir='ltr'><strong>item</strong></span> <span class='ocrx_word' id='word_1_271' title='bbox 941 3117 966 3168; x_wconf 91' lang='lat' dir='ltr'><strong>iu</strong></span> <span class='ocrx_word' id='word_1_272' title='bbox 992 3118 1049 3170; x_wconf 89' lang='lat' dir='ltr'><strong>cod.</strong></span> <span class='ocrx_word' id='word_1_273' title='bbox 1068 3118 1093 3173; x_wconf 89' lang='lat' dir='ltr'><strong>S.</strong></span> <span class='ocrx_word' id='word_1_274' title='bbox 1113 3118 1254 3186; x_wconf 68' lang='lat' dir='ltr'><strong>ainulphi,</strong></span> <span class='ocrx_word' id='word_1_275' title='bbox 1282 3120 1308 3170; x_wconf 90' lang='lat' dir='ltr'><strong>in</strong></span> 
     </span>
     <span class='ocr_line' id='line_1_29' title="bbox 284 3201 1305 3275; baseline 0.003 -21"><span class='ocrx_word' id='word_1_276' title='bbox 284 3201 409 3257; x_wconf 82' lang='lat' dir='ltr'><strong>beccensi</strong></span> <span class='ocrx_word' id='word_1_277' title='bbox 427 3212 453 3256; x_wconf 88' lang='lat' dir='ltr'><strong>et</strong></span> <span class='ocrx_word' id='word_1_278' title='bbox 470 3208 496 3257; x_wconf 85' lang='lat' dir='ltr'><strong>in</strong></span> <span class='ocrx_word' id='word_1_279' title='bbox 514 3205 554 3257; x_wconf 87' lang='lat' dir='ltr'><strong>ed.</strong></span> <span class='ocrx_word' id='word_1_280' title='bbox 567 3204 678 3270; x_wconf 85' lang='lat' dir='ltr'><strong>llorell.,</strong></span> <span class='ocrx_word' id='word_1_281' title='bbox 707 3203 849 3273; x_wconf 89' lang='lat' dir='ltr'><strong>eodemque</strong></span> <span class='ocrx_word' id='word_1_282' title='bbox 867 3203 943 3255; x_wconf 93' lang='lat' dir='ltr'><strong>modo</strong></span> <span class='ocrx_word' id='word_1_283' title='bbox 961 3203 1056 3274; x_wconf 80' lang='lat' dir='ltr'><strong>legitur</strong></span> <span class='ocrx_word' id='word_1_284' title='bbox 1074 3222 1115 3275; x_wconf 84' lang='lat' dir='ltr'><strong>ap.</strong></span> <span class='ocrx_word' id='word_1_285' title='bbox 1134 3206 1253 3257; x_wconf 85' lang='lat' dir='ltr'><strong>llostrum</strong></span> <span class='ocrx_word' id='word_1_286' title='bbox 1273 3205 1305 3257; x_wconf 92' lang='lat' dir='ltr'><strong>ad</strong></span> 
     </span>
     <span class='ocr_line' id='line_1_30' title="bbox 241 3289 1307 3361; baseline -0.003 -18"><span class='ocrx_word' id='word_1_287' title='bbox 241 3329 242 3333; x_wconf 65' lang='lat'>,</span> <span class='ocrx_word' id='word_1_288' title='bbox 285 3289 380 3354; x_wconf 85' lang='lat' dir='ltr'><strong>Quirin.</strong></span> <span class='ocrx_word' id='word_1_289' title='bbox 392 3291 435 3344; x_wconf 89' lang='lat'>111.</span> <span class='ocrx_word' id='word_1_290' title='bbox 447 3291 489 3345; x_wconf 80' lang='lat'><strong>32.</strong></span> <span class='ocrx_word' id='word_1_291' title='bbox 502 3309 527 3361; x_wconf 87' lang='lat' dir='ltr'><strong>p.</strong></span> <span class='ocrx_word' id='word_1_292' title='bbox 540 3292 605 3356; x_wconf 85' lang='lat'><strong>316;</strong></span> <span class='ocrx_word' id='word_1_293' title='bbox 626 3292 703 3343; x_wconf 85' lang='lat' dir='ltr'><strong>babet</strong></span> <span class='ocrx_word' id='word_1_294' title='bbox 721 3293 786 3344; x_wconf 88' lang='lat' dir='ltr'><strong>enirn</strong></span> <span class='ocrx_word' id='word_1_295' title='bbox 800 3291 910 3344; x_wconf 87' lang='lat' dir='ltr'><strong>Graecus</strong></span> <span class='ocrx_word' id='word_1_296' title='bbox 920 3302 1018 3346; x_wconf 87' lang='lat' dir='ltr'><strong>textus:</strong></span> <span class='ocrx_word' id='word_1_297' title='bbox 1038 3295 1078 3342; x_wconf 80' lang='grc' dir='ltr'><strong>καὶ</strong></span> <span class='ocrx_word' id='word_1_298' title='bbox 1090 3291 1106 3358; x_wconf 78' lang='grc' dir='ltr'><em>ἤ</em></span> <span class='ocrx_word' id='word_1_299' title='bbox 1116 3290 1174 3361; x_wconf 73' lang='lat' dir='ltr'><strong>yon)</strong></span> <span class='ocrx_word' id='word_1_300' title='bbox 1187 3290 1202 3356; x_wconf 72' lang='grc' dir='ltr'><strong>η’</strong></span> <span class='ocrx_word' id='word_1_301' title='bbox 1214 3289 1307 3360; x_wconf 67' lang='grc' dir='ltr'><em>ἄγαμος</em></span> 
     </span>
     <span class='ocr_line' id='line_1_31' title="bbox 285 3375 1309 3451; baseline 0.005 -23"><span class='ocrx_word' id='word_1_302' title='bbox 285 3376 506 3445; x_wconf 57' lang='lat' dir='ltr'><strong>nutricantibus}</strong></span> <span class='ocrx_word' id='word_1_303' title='bbox 520 3375 617 3447; x_wconf 71' lang='grc' dir='ltr'><em>ἄγαμος.</em></span> <span class='ocrx_word' id='word_1_304' title='bbox 647 3378 762 3432; x_wconf 84' lang='lat' dir='ltr'><strong>Proxime</strong></span> <span class='ocrx_word' id='word_1_305' title='bbox 775 3395 848 3431; x_wconf 88' lang='lat' dir='ltr'><strong>vocc.</strong></span> <span class='ocrx_word' id='word_1_306' title='bbox 862 3383 957 3451; x_wconf 69' lang='lat' dir='ltr'><strong>sonitui</strong></span> <span class='ocrx_word' id='word_1_307' title='bbox 970 3399 1001 3434; x_wconf 79' lang='lat' dir='ltr'><strong>aa</strong></span> <span class='ocrx_word' id='word_1_308' title='bbox 1017 3381 1048 3434; x_wconf 87' lang='lat' dir='ltr'><strong>ab</strong></span> <span class='ocrx_word' id='word_1_309' title='bbox 1062 3381 1137 3434; x_wconf 86' lang='lat' dir='ltr'><strong>alm.</strong></span> <span class='ocrx_word' id='word_1_310' title='bbox 1151 3382 1309 3450; x_wconf 81' lang='lat' dir='ltr'><strong>diversoque</strong></span> 
     </span>
     <span class='ocr_line' id='line_1_32' title="bbox 286 3466 1308 3536; baseline 0.004 -18"><span class='ocrx_word' id='word_1_311' title='bbox 286 3474 426 3519; x_wconf 85' lang='lat' dir='ltr'><strong>atramento</strong></span> <span class='ocrx_word' id='word_1_312' title='bbox 451 3483 527 3536; x_wconf 83' lang='lat' dir='ltr'><strong>supra</strong></span> <span class='ocrx_word' id='word_1_313' title='bbox 551 3467 593 3518; x_wconf 87' lang='lat' dir='ltr'><strong>lin.</strong></span> <span class='ocrx_word' id='word_1_314' title='bbox 614 3466 699 3518; x_wconf 88' lang='lat' dir='ltr'><strong>addita</strong></span> <span class='ocrx_word' id='word_1_315' title='bbox 727 3476 785 3519; x_wconf 87' lang='lat' dir='ltr'><strong>suut</strong></span> <span class='ocrx_word' id='word_1_316' title='bbox 809 3469 834 3520; x_wconf 92' lang='lat' dir='ltr'><strong>in</strong></span> <span class='ocrx_word' id='word_1_317' title='bbox 854 3467 893 3519; x_wconf 89' lang='lat' dir='ltr'><strong>W.</strong></span> <span class='ocrx_word' id='word_1_318' title='bbox 931 3467 990 3519; x_wconf 88' lang='lat' dir='ltr'><strong>blox</strong></span> <span class='ocrx_word' id='word_1_319' title='bbox 1012 3472 1112 3522; x_wconf 79' lang='lat' dir='ltr'><strong>domini</strong></span> <span class='ocrx_word' id='word_1_320' title='bbox 1134 3469 1207 3520; x_wconf 83' lang='lat' dir='ltr'><strong>deest</strong></span> <span class='ocrx_word' id='word_1_321' title='bbox 1232 3470 1256 3520; x_wconf 86' lang='lat' dir='ltr'><strong>in</strong></span> <span class='ocrx_word' id='word_1_322' title='bbox 1276 3469 1308 3522; x_wconf 84' lang='grc' dir='ltr'><strong>Δ.</strong></span> 
     </span>
     <span class='ocr_line' id='line_1_33' title="bbox 286 3551 1309 3624; baseline 0.001 -17"><span class='ocrx_word' id='word_1_323' title='bbox 286 3553 374 3607; x_wconf 85' lang='lat' dir='ltr'><strong>Statim</strong></span> <span class='ocrx_word' id='word_1_324' title='bbox 393 3563 423 3610; x_wconf 83' lang='lat' dir='ltr'><strong>ut</strong></span> <span class='ocrx_word' id='word_1_325' title='bbox 445 3557 500 3609; x_wconf 79' lang='lat' dir='ltr'><strong>sint</strong></span> <span class='ocrx_word' id='word_1_326' title='bbox 523 3564 630 3609; x_wconf 79' lang='lat' dir='ltr'><strong>sanctae</strong></span> <span class='ocrx_word' id='word_1_327' title='bbox 656 3554 770 3606; x_wconf 90' lang='lat' dir='ltr'><strong>scribunt</strong></span> <span class='ocrx_word' id='word_1_328' title='bbox 788 3554 829 3606; x_wconf 93' lang='lat' dir='ltr'><strong>W.</strong></span> <span class='ocrx_word' id='word_1_329' title='bbox 849 3553 896 3606; x_wconf 83' lang='lat' dir='ltr'><strong>lla.</strong></span> <span class='ocrx_word' id='word_1_330' title='bbox 920 3551 950 3607; x_wconf 90' lang='lat' dir='ltr'><strong>B.</strong></span> <span class='ocrx_word' id='word_1_331' title='bbox 994 3553 1053 3624; x_wconf 87' lang='lat' dir='ltr'><strong>Seq.</strong></span> <span class='ocrx_word' id='word_1_332' title='bbox 1073 3567 1097 3612; x_wconf 80' lang='lat' dir='ltr'><strong>et</strong></span> <span class='ocrx_word' id='word_1_333' title='bbox 1124 3573 1172 3608; x_wconf 90' lang='lat' dir='ltr'><strong>om.</strong></span> <span class='ocrx_word' id='word_1_334' title='bbox 1192 3556 1232 3609; x_wconf 92' lang='lat' dir='ltr'><strong>W.</strong></span> <span class='ocrx_word' id='word_1_335' title='bbox 1252 3554 1309 3608; x_wconf 85' lang='lat' dir='ltr'><strong>blac</strong></span> 
     </span>
     <span class='ocr_line' id='line_1_34' title="bbox 286 3640 1308 3714; baseline 0.003 -22"><span class='ocrx_word' id='word_1_336' title='bbox 286 3649 312 3692; x_wconf 91' lang='lat' dir='ltr'><strong>et</strong></span> <span class='ocrx_word' id='word_1_337' title='bbox 329 3650 390 3694; x_wconf 86' lang='lat' dir='ltr'><strong>vett.</strong></span> <span class='ocrx_word' id='word_1_338' title='bbox 410 3641 466 3694; x_wconf 86' lang='lat' dir='ltr'><strong>odd.</strong></span> <span class='ocrx_word' id='word_1_339' title='bbox 487 3658 509 3694; x_wconf 88' lang='lat' dir='ltr'><strong>c.</strong></span> <span class='ocrx_word' id='word_1_340' title='bbox 522 3640 611 3694; x_wconf 83' lang='lat' dir='ltr'><strong>Remb.</strong></span> <span class='ocrx_word' id='word_1_341' title='bbox 631 3651 707 3714; x_wconf 83' lang='lat' dir='ltr'><strong>atque</strong></span> <span class='ocrx_word' id='word_1_342' title='bbox 719 3641 816 3694; x_wconf 82' lang='lat' dir='ltr'><strong>Erasm.</strong></span> <span class='ocrx_word' id='word_1_343' title='bbox 854 3641 901 3711; x_wconf 88' lang='grc'><strong>10)</strong></span> <span class='ocrx_word' id='word_1_344' title='bbox 919 3653 959 3696; x_wconf 80' lang='lat' dir='ltr'><strong>est</strong></span> <span class='ocrx_word' id='word_1_345' title='bbox 971 3642 1001 3694; x_wconf 74' lang='lat' dir='ltr'><strong>A.</strong></span> <span class='ocrx_word' id='word_1_346' title='bbox 1038 3643 1104 3696; x_wconf 86' lang='lat' dir='ltr'><strong>Dein</strong></span> <span class='ocrx_word' id='word_1_347' title='bbox 1122 3646 1193 3713; x_wconf 87' lang='lat' dir='ltr'><strong>prius</strong></span> <span class='ocrx_word' id='word_1_348' title='bbox 1213 3654 1237 3698; x_wconf 86' lang='lat' dir='ltr'><strong>et</strong></span> <span class='ocrx_word' id='word_1_349' title='bbox 1257 3657 1308 3696; x_wconf 85' lang='lat' dir='ltr'><strong>um&#39;.</strong></span> 
     </span>
     <span class='ocr_line' id='line_1_35' title="bbox 286 3724 1310 3801; baseline 0.006 -23"><span class='ocrx_word' id='word_1_350' title='bbox 286 3724 366 3780; x_wconf 82' lang='lat' dir='ltr'><strong>blacd</strong></span> <span class='ocrx_word' id='word_1_351' title='bbox 384 3728 426 3781; x_wconf 87' lang='lat' dir='ltr'><strong>Fr.</strong></span> <span class='ocrx_word' id='word_1_352' title='bbox 445 3727 526 3779; x_wconf 88' lang='lat' dir='ltr'><strong>Emm.</strong></span> <span class='ocrx_word' id='word_1_353' title='bbox 545 3727 569 3780; x_wconf 89' lang='lat'><strong>2.</strong></span> <span class='ocrx_word' id='word_1_354' title='bbox 590 3736 617 3781; x_wconf 92' lang='lat' dir='ltr'><strong>et</strong></span> <span class='ocrx_word' id='word_1_355' title='bbox 634 3729 665 3781; x_wconf 84' lang='grc' dir='ltr'><strong>Δ.</strong></span> <span class='ocrx_word' id='word_1_356' title='bbox 701 3728 768 3782; x_wconf 86' lang='lat' dir='ltr'><strong>blale</strong></span> <span class='ocrx_word' id='word_1_357' title='bbox 786 3728 908 3780; x_wconf 81' lang='lat' dir='ltr'><strong>Erasmus</strong></span> <span class='ocrx_word' id='word_1_358' title='bbox 927 3733 999 3783; x_wconf 80' lang='lat' dir='ltr'><strong>credi</strong></span> <span class='ocrx_word' id='word_1_359' title='bbox 1005 3769 1014 3799; x_wconf 84' lang='lat'><em>,</em></span> <span class='ocrx_word' id='word_1_360' title='bbox 1035 3741 1064 3784; x_wconf 86' lang='lat' dir='ltr'><strong>ut</strong></span> <span class='ocrx_word' id='word_1_361' title='bbox 1083 3749 1173 3799; x_wconf 77' lang='lat' dir='ltr'><strong>tiemo,</strong></span> <span class='ocrx_word' id='word_1_362' title='bbox 1198 3747 1310 3801; x_wconf 86' lang='lat' dir='ltr'><strong>eumque</strong></span> 
     </span>
     <span class='ocr_line' id='line_1_36' title="bbox 285 3813 1309 3886; baseline 0.004 -20"><span class='ocrx_word' id='word_1_363' title='bbox 285 3817 367 3866; x_wconf 70' lang='lat' dir='ltr'><strong>secuti</strong></span> <span class='ocrx_word' id='word_1_364' title='bbox 385 3824 442 3868; x_wconf 90' lang='lat' dir='ltr'><strong>sunt</strong></span> <span class='ocrx_word' id='word_1_365' title='bbox 461 3813 535 3869; x_wconf 80' lang='lat' dir='ltr'><strong>Grau.</strong></span> <span class='ocrx_word' id='word_1_366' title='bbox 555 3815 652 3870; x_wconf 90' lang='lat' dir='ltr'><strong>llorell.</strong></span> <span class='ocrx_word' id='word_1_367' title='bbox 671 3814 765 3871; x_wconf 85' lang='lat' dir='ltr'><strong>Pamel.</strong></span> <span class='ocrx_word' id='word_1_368' title='bbox 785 3816 840 3885; x_wconf 67' lang='grc' dir='ltr'><strong>Εἰς.</strong></span> <span class='ocrx_word' id='word_1_369' title='bbox 861 3824 887 3867; x_wconf 89' lang='lat' dir='ltr'><strong>et</strong></span> <span class='ocrx_word' id='word_1_370' title='bbox 905 3814 986 3868; x_wconf 75' lang='lat' dir='ltr'><strong>Oion.</strong></span> <span class='ocrx_word' id='word_1_371' title='bbox 1034 3817 1079 3886; x_wconf 86' lang='grc'><strong>11)</strong></span> <span class='ocrx_word' id='word_1_372' title='bbox 1097 3818 1136 3871; x_wconf 82' lang='lat' dir='ltr'><strong>lta</strong></span> <span class='ocrx_word' id='word_1_373' title='bbox 1154 3817 1237 3886; x_wconf 87' lang='lat' dir='ltr'><strong>blabc,</strong></span> <span class='ocrx_word' id='word_1_374' title='bbox 1258 3834 1309 3871; x_wconf 86' lang='lat' dir='ltr'><strong>nec</strong></span> 
     </span>
    </p>
   </div>
   <div class='ocr_carea' id='block_1_7' title="bbox 286 3923 1311 4041">
    <p class='ocr_par' dir='ltr' id='par_1_7' title="bbox 286 3923 1311 4041">
     <span class='ocr_line' id='line_1_37' title="bbox 286 3923 1311 4041; baseline 0.003 -17"><span class='ocrx_word' id='word_1_375' title='bbox 286 3987 337 4024; x_wconf 88' lang='lat' dir='ltr'><strong>non</strong></span> <span class='ocrx_word' id='word_1_376' title='bbox 356 3973 413 4026; x_wconf 85' lang='lat' dir='ltr'><strong>edd.</strong></span> <span class='ocrx_word' id='word_1_377' title='bbox 433 3972 525 4027; x_wconf 77' lang='lat' dir='ltr'><strong>Manat.</strong></span> <span class='ocrx_word' id='word_1_378' title='bbox 545 3983 571 4026; x_wconf 88' lang='lat' dir='ltr'><strong>et</strong></span> <span class='ocrx_word' id='word_1_379' title='bbox 589 3973 685 4041; x_wconf 76' lang='lat' dir='ltr'><strong>Oxum,</strong></span> <span class='ocrx_word' id='word_1_380' title='bbox 706 3923 776 4028; x_wconf 73' lang='lat' dir='ltr'><strong>oiddi</strong></span> <span class='ocrx_word' id='word_1_381' title='bbox 794 3974 835 4040; x_wconf 81' lang='lat' dir='ltr'><strong>W,</strong></span> <span class='ocrx_word' id='word_1_382' title='bbox 860 3978 927 4030; x_wconf 81' lang='lat' dir='ltr'><strong>vidit</strong></span> <span class='ocrx_word' id='word_1_383' title='bbox 944 3975 977 4041; x_wconf 85' lang='grc' dir='ltr'><strong>Β,</strong></span> <span class='ocrx_word' id='word_1_384' title='bbox 1002 3978 1098 4030; x_wconf 74' lang='lat' dir='ltr'><strong>viderit</strong></span> <span class='ocrx_word' id='word_1_385' title='bbox 1122 3975 1178 4028; x_wconf 88' lang='lat' dir='ltr'><strong>rell.</strong></span> <span class='ocrx_word' id='word_1_386' title='bbox 1198 3976 1257 4029; x_wconf 89' lang='lat' dir='ltr'><strong>libri</strong></span> <span class='ocrx_word' id='word_1_387' title='bbox 1283 3983 1311 4028; x_wconf 84' lang='lat' dir='ltr'><strong>et</strong></span> 
     </span>
    </p>
   </div>
   <div class='ocr_carea' id='block_1_8' title="bbox 287 4044 1310 4134">
    <p class='ocr_par' dir='ltr' id='par_1_8' title="bbox 287 4044 1310 4134">
     <span class='ocr_line' id='line_1_38' title="bbox 287 4044 1310 4134; baseline 0.002 -19"><span class='ocrx_word' id='word_1_388' title='bbox 287 4062 374 4130; x_wconf 79' lang='lat' dir='ltr'><strong>scripti</strong></span> <span class='ocrx_word' id='word_1_389' title='bbox 391 4068 418 4113; x_wconf 84' lang='lat' dir='ltr'><strong>et</strong></span> <span class='ocrx_word' id='word_1_390' title='bbox 437 4061 505 4114; x_wconf 84' lang='lat' dir='ltr'><strong>editi.</strong></span> <span class='ocrx_word' id='word_1_391' title='bbox 541 4059 604 4114; x_wconf 80' lang='lat' dir='ltr'><strong>lum</strong></span> <span class='ocrx_word' id='word_1_392' title='bbox 629 4079 664 4116; x_wconf 79' lang='lat' dir='ltr'><strong>an</strong></span> <span class='ocrx_word' id='word_1_393' title='bbox 688 4044 770 4133; x_wconf 77' lang='lat' dir='ltr'><strong>nuptd</strong></span> <span class='ocrx_word' id='word_1_394' title='bbox 793 4071 840 4117; x_wconf 78' lang='lat' dir='ltr'><strong>eut</strong></span> <span class='ocrx_word' id='word_1_395' title='bbox 856 4067 933 4134; x_wconf 58' lang='lat' dir='ltr'><strong>circo</strong></span> <span class='ocrx_word' id='word_1_396' title='bbox 951 4049 989 4118; x_wconf 74' lang='lat' dir='ltr'><strong>eit</strong></span> <span class='ocrx_word' id='word_1_397' title='bbox 1005 4061 1047 4114; x_wconf 87' lang='lat' dir='ltr'><strong>bld</strong></span> <span class='ocrx_word' id='word_1_398' title='bbox 1066 4069 1093 4116; x_wconf 86' lang='lat' dir='ltr'><strong>et</strong></span> <span class='ocrx_word' id='word_1_399' title='bbox 1111 4060 1310 4133; x_wconf 83' lang='lat' dir='ltr'><strong>Gratianopolit.</strong></span> 
     </span>
    </p>
   </div>
   <div class='ocr_carea' id='block_1_9' title="bbox 0 0 1446 4696">
    <p class='ocr_par' dir='ltr' id='par_1_9' title="bbox 0 0 1446 4696">
     <span class='ocr_line' id='line_1_39' title="bbox 0 0 1446 4696; baseline 0 0"><span class='ocrx_word' id='word_1_400' title='bbox 0 0 1446 4696; x_wconf 95' lang='lat' dir='ltr'><strong> </strong></span> 
     </span>
    </p>
   </div>
  </div>
 </body>
</html>
