2858 4688
623 386 696 486 ἰιι

158 595 269 641 oreore
291 577 453 660 pretiosam
477 578 515 644 de
539 579 701 660 quantitate
723 582 892 662 patrimonii
911 584 962 648 *sui
979 583 1049 648 dicit
1063 583 1176 650 debere

158 691 292 752 merceri.
314 731 318 742 ι
337 689 445 752 Simile
465 698 519 768 eet,
543 690 638 771 inquit
655 688 703 770 Η),
726 710 854 774 repetam
878 695 1037 760 aaetorcra
1059 697 1176 762 damini

157 800 534 884 nepotiataripcae'reati
556 801 656 882 ὁριιιιι
679 806 878 885 mosyen-itas.
927 805 984 869 Ubi
1005 804 1046 886 Ι1)
1075 817 1175 874 caten

157 917 279 980 irracait
296 915 471 995 pretiosam
493 915 714 996 rnarparitcm,
741 915 821 978 abiit
842 926 873 978 et
892 919 1038 980 vendidit
1059 923 1173 1000 amaia,

157 1049 239 1110 qaae
261 1029 379 1108 tradat,
402 1029 528 1091 eterni!
549 1023 644 1092 itiam.
688 1027 750 1092 Eos
774 1028 903 1111 denique
926 1037 955 1094 ct
978 1031 1117 1096 Abrahae
1138 1032 1176 1112 Ι1)

156 1143 233 1206 titios
257 1142 345 1222 dicit,
380 1159 456 1222 quos
481 1142 509 1204 in
531 1141 669 1205 iuvandis
695 1142 869 1223 alendisque
892 1145 1072 1226 pauperihus
1097 1163 1175 1228 ope·
1208 1193 1219 1216 .

95 1270 98 1277 ’
156 1255 253 1318 rarios
287 1253 390 1316 cernit.
444 1253 517 1316 Nem
551 1270 618 1315 curn
651 1251 819 1316 Zacchaeus
844 1251 881 1331 ¹⁴)
917 1255 1058 1322 dixisset:
1094 1258 1175 1322 Ecce

156 1369 319 1431 dimidient
342 1385 383 1428 ec
404 1359 585 1428 substantia
606 1385 674 1428 raca
696 1366 737 1428 da
760 1367 866 1448 operris
889 1376 919 1432 et
932 1369 962 1430 si
979 1371 1030 1432 cai
1044 1367 1084 1448 ¹⁶)
1100 1373 1176 1453 qaid
1231 1427 1237 1440 s

153 1483 317 1564 fraudavi,
340 1480 549 1562 quadruplam
564 1479 670 1556 reddo,
691 1480 847 1562 respondit
862 1480 963 1544 lesus:
988 1481 1072 1559 Quia
1086 1487 1189 1550 satas*

155 1597 249 1659 tradis
264 1592 302 1672 16)
327 1595 432 1658 domari
455 1595 528 1658 daie
549 1593 638 1675 sacta
661 1602 716 1670 est,
741 1595 888 1675 pacciano
910 1605 940 1658 et
961 1575 1013 1658 teia
1029 1599 1114 1677 fitius
1130 1608 1176 1664 ert

156 1693 313 1772 Abrahae.
350 1708 424 1772 Nam
448 1711 473 1770 si
488 1701 528 1784 Ι7)
548 1707 705 1799 Abrohom
719 1707 844 1771 credidit
867 1709 936 1789 deo,
959 1717 990 1772 et
1005 1707 1174 1803 deputatum

157 1829 202 1885 est
225 1823 254 1885 ei
268 1807 313 1886 ¹ad
336 1823 490 1900 iustitiam,
524 1823 626 1903 ntique
649 1824 700 1902 qui
723 1823 885 1888 seeundum
909 1832 1102 1906 praeceptum
1125 1826 1174 1892 dei

155 2053 340 2123 superscripto)
359 2051 408 2104 nb.
445 2051 472 2103 in
491 2051 602 2104 clausule
621 2055 687 2106 dicit
703 2055 774 2106 dedet
794 2051 856 2116 (sic)
876 2051 921 2105 Bb.
969 2056 1015 2125 11)
1039 2061 1124 2129 teperet
1147 2063 1172 2114 in

157 2140 190 2193 es
216 2144 335 2194 omissum
358 2139 389 2192 ab
414 2139 446 2190 al.
466 2155 497 2192 ιιι.
517 2137 664 2191 habetote.
699 2137 988 2205 Ἴίἀ.11ι111ι.13,15.
1026 2144 1087 2198 Vcc.
1108 2163 1172 2202 eae-

154 2233 241 2283 teram
264 2244 284 2280 r.
310 2245 341 2279 m.
368 2229 399 2280 od
425 2241 475 2294 rng.
501 2226 597 2278 addidit
620 2227 645 2276 in
664 2224 711 2277 iic.
748 2225 809 2278 tun
833 2232 977 2298 mpotiarrti
1001 2231 1172 2296 rennuenti.

156 2316 221 2367 Mbc.
241 2315 275 2366 Be
303 2313 367 2366 etd
394 2322 420 2364 et
444 2316 537 2367 ianam
560 2315 732 2384 marparitarn
757 2312 813 2364 dibc
837 2323 863 2366 et
882 2313 927 2366 Βι.
973 2317 1017 2381 12)
1038 2323 1109 2375 Atini
1127 2321 1172 2374 Bb,

155 2402 213 2455 Mox
231 2408 314 2458 tatiit
332 2403 369 2453 tta
389 2411 415 2453 et
438 2417 476 2469 pr.
497 2399 542 2452 Bb.
580 2399 628 2452 Pro
648 2418 713 2470 qaae
731 2403 757 2452 in
776 2402 835 2452 edd.
854 2411 916 2456 vett.
937 2412 963 2455 et
981 2403 1079 2458 Eresm.
1099 2407 1171 2460 Grae.

14 2499 15 2512 ¹
92 2502 97 2509 ’
151 2505 181 2541 ec
198 2489 294 2543 Morelt.
314 2491 408 2558 legitur
427 2488 503 2540 moda
522 2505 701 2558 quaecunque,
720 2488 798 2540 modo
817 2506 1001 2560 qaaecumque.
1038 2491 1089 2544 Sed
1108 2493 1172 2546 haec

150 2577 228 2628 lectio
249 2579 303 2628 iure
322 2585 440 2644 suspecta
459 2577 506 2628 init
526 2574 635 2642 Gravia,
662 2578 721 2645 qnia
739 2575 848 2647 syllabae
870 2591 972 2646 cunque
995 2580 1171 2634 minutioribus

150 2665 217 2730 typis
233 2664 422 2733 *exprimendas
446 2667 553 2716 curavit·
588 2663 687 2716 Deinde
706 2681 763 2718 eam
781 2679 827 2731 pro
847 2667 921 2718 tuam
940 2665 999 2715 dent
1018 2667 1172 2733 exemplaria

150 2756 211 2800 vett.
231 2758 257 2800 et
277 2747 390 2814 Ειιιιιι.;
417 2761 533 2803 neutrum
552 2752 629 2804 hebet
648 2749 695 2802 tta.
741 2751 786 2818 13)
805 2755 943 2806 Hairatae
961 2752 1000 2802 W.
1022 2753 1058 2804 Μι
1079 2763 1105 2806 et
1125 2753 1172 2820 Bb,

150 2835 256 2887 Hatrae
270 2835 317 2886 nte.
355 2837 479 2888 Statimd
498 2841 540 2902 (in
556 2839 663 2898 omissa)
681 2837 769 2887 scribit
785 2839 957 2900 adiuvantes,
978 2836 1014 2888 Bb
1032 2843 1062 2892 ιἰι
1081 2843 1169 2894 adico.
1230 2859 1232 2864 ·
1270 2886 1277 2891 .

150 2923 306 2988 alienisque
341 2921 390 2986 id)
410 2923 551 2977 Zaacteae
572 2921 622 2986 nb,
641 2925 767 2976 zacheae
781 2920 821 2971 W.
837 2921 916 2972 need.
932 2922 992 2973 Bab.
1010 2923 1032 2973 Α
1050 2933 1170 2978 veteres-

150 3021 201 3075 que
220 3006 290 3070 edd,
313 3011 455 3063 Zachaeus
474 3008 571 3060 Ειιιιιιι.
593 3017 618 3059 et
636 3009 792 3075 posteriores
813 3022 902 3059 omnes
921 3016 1029 3073 excepto
1048 3009 1169 3063 Moreitio.
1210 3013 1214 3018 ’

151 3090 206 3143 Vid.
227 3091 287 3144 Luc.
309 3095 356 3159 19,
375 3093 401 3146 8.
440 3095 484 3156 15)
505 3098 550 3148 cai
568 3110 618 3144 ιιιιι.
636 3093 683 3170 iib.
721 3091 783 3145 Turn
805 3097 906 3163 aliquid
923 3097 1064 3164 fraudavi,
1091 3101 1171 3152 reddo

149 3181 327 3248 quadrupedes
345 3181 449 3234 exhibet
469 3181 518 3232 Mb.
556 3178 629 3243 Quod
649 3187 708 3248 post
725 3184 805 3235 leem
824 3180 900 3248 vulgo
919 3181 1020 3233 additur
1043 3193 1067 3236 ct
1089 3180 1169 3248 distr,

94 3327 96 3334 Ι
148 3266 223 3316 codd.
244 3281 333 3319 omnen
351 3277 378 3320 et
396 3268 436 3318 ed.
458 3267 662 3332 nauseando
683 3270 816 3332 omittunt3
844 3277 882 3320 est
906 3269 973 3320 enirn
998 3269 1031 3320 nit
1055 3272 1101 3322 nisi
1127 3273 1168 3338 in-

148 3350 210 3402 ntite
223 3350 371 3418 glossatoris
384 3353 589 3404 additamentum.
627 3353 674 3423 16)
686 3358 761 3408 ttoriie
774 3356 798 3406 in
812 3354 834 3405 Α
847 3354 929 3406 decet.
952 3353 1011 3406 -Pro
1026 3355 1094 3426 vulg.
1107 3357 1170 3412 iaie

147 3438 238 3489 domui
255 3439 345 3506 scripsi
364 3442 454 3494 ι1ιιιιιιι·
465 3444 527 3494 iaie
540 3455 595 3492 can
609 3441 685 3492 codd.
699 3444 771 3504 meis,
790 3449 898 3508 excepto
911 3449 995 3492 temen
1011 3441 1060 3508 Md,
1080 3444 1105 3494 in
1119 3458 1169 3510 quo

147 3529 186 3572 est
203 3526 295 3578 domni
311 3529 374 3580 daia
392 3531 475 3582 nodie.
512 3527 611 3578 Verba:
629 3531 701 3596 facta
716 3537 757 3581 eet
773 3557 800 3565 -
817 3555 848 3564 —
864 3531 907 3580 dia
922 3531 995 3594 {ttius
1014 3543 1063 3578 orn.
1079 3528 1111 3592 Α,
1130 3539 1170 3582 eet

145 3611 219 3677 ptiar
238 3609 316 3664 hebet
332 3610 380 3678 Bb,
398 3617 472 3681 ptiar
490 3613 592 3677 sitite,
613 3616 750 3670 {latrat-ae
766 3613 815 3678 ide,
834 3617 939 3668 Hatrae
952 3613 998 3684 iiic.
1038 3615 1084 3682 17)
1103 3619 1170 3669 Nan

145 3705 170 3750 ct
189 3699 216 3750 ei
234 3699 264 3750 Α.
301 3698 363 3752 Turn
382 3705 532 3755 Hatratrarn
548 3699 597 3766 Me,
616 3705 748 3756 Hatraarn
764 3701 811 3752 tic.
849 3701 898 3753 Pro
917 3706 963 3756 dea
981 3699 1015 3752 Be
1035 3709 1060 3752 et
1077 3703 1098 3751 A
1117 3705 1168 3754 da-

144 3786 225 3852 mitta,
247 3785 350 3838 inverso
366 3788 456 3838 ordino
469 3797 493 3842 ct
505 3792 530 3842 ei
542 3791 691 3856 deputatum
703 3798 743 3842 aet
755 3787 786 3854 Α,
804 3797 953 3858 reputatam
967 3785 1004 3838 Bb
1017 3795 1169 3864 veteperque

146 3901 206 3954 cdd.
226 3919 249 3954 c.
271 3903 368 3961 Ειιιιιι,
389 3904 547 3972 senoreti,
573 3917 693 3976 putatam
711 3923 725 3958 a
745 3924 775 3958 nr.
797 3923 853 3974 pn,
880 3923 935 3958 ns.
955 3885 1101 3978 Νιιιιιιιιιιιιι
1121 3907 1167 3960 dic.

146 3984 202 4038 tid.
222 3987 284 4040 Gen.
301 3992 344 4056 15,
362 3992 386 4044 6.
424 3991 524 4044 Deinde
539 4004 679 4064 praecepta
698 3994 729 4061 Α,
750 3998 850 4050 damini
869 4011 915 4062 pro
934 4000 976 4049 dei
993 3997 1034 4062 W,
1054 4001 1168 4052 eteerno-

884 4083 960 4148 14*
