2834 4686
618 387 681 458 275

139 551 203 618 Neo
225 572 288 618 non
310 552 347 616 ad
371 554 452 616 varia
475 569 596 634 quoquo
623 550 723 618 carnis
754 549 940 614 incmrrmoda
972 557 1001 612 at
1034 547 1160 616 crebroo

140 667 277 748 corporis
300 665 453 745 durosque
476 663 644 742 cruciatus,
675 663 783 742 quium
801 659 842 738 ¹⁴)
874 663 1032 726 humanum
1062 679 1160 746 genus

141 779 250 844 cotidie
273 777 414 860 fatigator
436 784 465 843 at
487 776 625 857 quatitur,
648 775 789 857 patientia
806 775 977 840 necessaria
995 781 1048 838 eat.
1084 775 1160 840 Nam

141 910 207 956 eum
239 891 271 954 in
295 887 333 968 16)
367 890 415 954 illa
449 890 542 971 prima
570 888 820 971 transgressione
853 889 1006 969 praecepti
1038 887 1160 954 firmitas

142 1004 281 1087 corporis
296 1021 369 1068 cum
393 1003 600 1070 inmortalitate
625 1003 799 1067 discesserit
828 1007 858 1064 et
888 1019 955 1064 curn
984 1007 1079 1064 morte
1109 1002 1184 1084 in-¹

140 1117 261 1180 irmitm
284 1116 418 1193 venerit,
448 1133 507 1178 nec
529 1116 625 1197 possit
647 1115 767 1178 firmitas
791 1115 902 1196 recipi,
936 1113 994 1176 nial
1016 1131 1082 1180 cum
1105 1132 1161 1178 re-

141 1235 225 1312 cepta
249 1235 280 1290 et
302 1229 495 1292 imnortalitao
518 1227 618 1308 tuerit,
641 1232 761 1309 oportet
778 1227 808 1289 in
823 1225 883 1294 hae
896 1225 1055 1307 fragilitate
1071 1233 1160 1308 atquo

94 1363 98 1367 ·
141 1342 307 1406 infirmitate
340 1359 487 1426 corporee
520 1342 625 1407 luctari
658 1332 779 1422 sempor
813 1346 843 1402 et
876 1339 1030 1424 congredi.
1076 1341 1160 1414 Quae

141 1455 261 1520 luctatio
285 1464 315 1520 ot
338 1458 519 1540 congressio
550 1474 611 1518 noa
639 1456 697 1520 nisi
726 1455 886 1536 patientiae
915 1460 1018 1536 potest
1047 1455 1160 1520 virinus

141 1571 282 1632 amoueri
301 1565 349 1647 16).
393 1568 604 1632 Examicandis
634 1575 733 1632 autem
762 1568 849 1631 uobis
877 1574 968 1648 atquc
996 1567 1160 1648 exploran-

142 1680 187 1744 dis
204 1677 243 1753 Π)
269 1682 382 1748 diverti
404 1685 591 1766 inportantur
615 1683 737 1746 dolores
760 1687 790 1744 et
812 1681 966 1763 multiplex
987 1682 1160 1764 temptatio·

15 1857 16 1888 3
141 1813 210 1857 num
232 1795 359 1874 qualitas
380 1798 535 1879 irrogatur
554 1797 592 1860 de
606 1797 730 1860 motoris
747 1795 925 1874 facultatum,
949 1794 987 1856 de
1004 1794 1160 1858 ardoribus

15 1961 16 1990 ,
39 1930 49 1944 =
142 1907 285 1986 leonum,
308 1907 547 1971 decendentis
571 1908 744 1985 vulnerum,
767 1906 805 1968 do
828 1906 989 1995 amissione
1014 1924 1160 1970 carorum.

630 2105 668 2175 X.

228 2248 292 2312 Nec
314 2247 393 2310 aliud
414 2247 436 2324 ¹)
459 2248 555 2330 magis
577 2248 703 2310 iniustos
725 2202 867 2310 discernit
890 2253 921 2308 ct
942 2248 1049 2324 iustos,
1072 2266 1160 2329 quam

143 2361 222 2442 qnod
247 2361 276 2423 in
301 2362 436 2425 adversis
459 2379 515 2442 per
536 2361 735 2443 inpatientiam
767 2363 901 2441 queritur
924 2367 955 2422 et
976 2360 1162 2441 blasphemat

212 2568 258 2637 14)
277 2567 420 2621 Relativum
439 2584 489 2621 om.
504 2567 547 2620 Ba.
586 2567 633 2620 Pro
653 2574 769 2638 quatitur
788 2569 848 2621 edd.
866 2577 925 2620 vett.
947 2579 973 2622 et
985 2567 1082 2622 Eraam.
1102 2569 1161 2623 dant

139 2659 248 2724 patitur.
297 2657 340 2720 15)
365 2661 394 2710 in
420 2672 468 2709 om.
490 2655 539 2707 tto.
577 2655 634 2708 llox
660 2656 752 2708 verba:
781 2667 805 2711 ot
829 2675 888 2714 oum
912 2667 995 2712 morte
1018 2661 1160 2725 insternitur

140 2745 243 2794 venerit
269 2743 294 2793 in
318 2742 359 2794 lla
384 2745 483 2796 desunt.
520 2743 608 2794 Statim
635 2743 655 2795 tt
681 2760 814 2811 perperam
840 2762 888 2799 nec
909 2753 993 2814 pateat
1018 2747 1160 2814 irtfirmitaa

140 2828 240 2894 recipi,
268 2829 325 2879 niai
349 2836 472 2896 receptat.
510 2827 537 2877 ln
562 2843 634 2896 seqq.
661 2842 707 2892 pro
733 2845 859 2894 corporeo
880 2832 1026 2898 (corporali
1046 2829 1099 2898 lid)
1119 2848 1157 2900 ap.

142 2912 318 2980 Aupuatirmm
337 2921 423 2963 contra
444 2911 506 2962 duaa
525 2913 599 2978 epist.
620 2910 706 2978 Pelap.
727 2911 768 2962 tt.
781 2912 806 2964 8.
826 2915 851 2977 §.
866 2914 906 2964 22.
927 2913 953 2964 T.
967 2914 996 2964 x.
1016 2933 1043 2983 p.
1056 2917 1114 2970 481,
1129 2917 1157 2968 E.

140 2997 236 3064 legitur
255 3001 391 3068 emporia,
419 2998 486 3070 quod
513 2999 594 3063 primo
619 2996 730 3048 habebat
755 3000 830 3050 etiarn
853 2999 882 3049 Α.
920 2999 981 3051 Turn
1000 3005 1114 3056 allactari
1133 3005 1160 3072 (a

141 3083 212 3136 abr.
233 3102 265 3137 m.
286 3085 410 3151 praefixo)
431 3084 474 3135 dat
493 3084 549 3148 ttb,
577 3085 602 3140 iu
623 3083 661 3135 dli
683 3101 781 3136 eratum
802 3103 823 3139 e.
872 3085 916 3153 16)
942 3086 978 3138 lta
999 3087 1037 3136 W.
1059 3087 1157 3143 lllabcd.

142 3168 194 3222 Bab
214 3178 239 3222 at
253 3174 420 3241 deputatione
439 3171 456 3221 l.
470 3187 502 3234 c.,
521 3173 627 3224 oiriiua
644 3179 729 3239 pateat
747 3172 914 3226 ruotineriA
934 3181 959 3224 et
978 3175 1072 3245 vulgati
1090 3177 1158 3229 libri.

142 3258 187 3320 17)
204 3261 351 3327 protendit
370 3257 428 3308 cod.
448 3257 523 3321 Ver,
547 3261 720 3326 emptor-audie
738 3243 804 3309 a'm.
825 3275 874 3325 pr.,
893 3260 925 3312 ab
943 3275 996 3311 rec.
1014 3267 1160 3332 probandis

140 3340 190 3392 Mb.
229 3342 345 3394 Proxime
371 3345 476 3396 iudom
501 3357 548 3409 pro
573 3346 678 3397 doloret
704 3344 762 3395 edd.
788 3353 851 3395 vett.
879 3361 900 3396 e.
919 3345 1017 3399 Eraom.
1037 3346 1111 3402 Grav.
1133 3360 1159 3401 ot

141 3426 254 3493 hiereli,
281 3433 364 3481 atatim
392 3433 636 3499 ecritemptotionnan
662 3431 726 3498 (aie)
749 3432 786 3496 A,
815 3433 873 3483 dein
893 3437 1030 3502 qualitatis
1049 3435 1095 3487 lla.
1132 3436 1158 3488 ln

141 3531 212 3583 oeqq.
233 3519 264 3570 do
284 3521 404 3572 omniurn
422 3517 479 3570 add.
500 3526 563 3570 vett.
583 3525 609 3569 ct
629 3515 727 3568 Erarm.
893 3522 897 3525 ’

210 3601 240 3653 X.
275 3604 303 3671 1)
320 3607 421 3674 aliprtid
440 3605 470 3656 A.
505 3604 567 3656 'lum
586 3608 704 3659 initiator
722 3608 850 3660 diremit
867 3618 894 3660 et
912 3610 1001 3661 iactae
1019 3606 1101 3659 illabd.
1120 3607 1158 3659 ltb

141 3692 206 3740 atil
229 3706 252 3740 c.
271 3690 342 3743 libris
366 3701 424 3744 anta
441 3692 580 3744 Pamelinm
602 3693 694 3754 aditio,
722 3695 811 3746 ductor
829 3696 944 3747 dicem.
963 3705 988 3747 et
1005 3697 1097 3750 dtiuct.
1118 3694 1158 3744 W.

141 3773 180 3826 llo
199 3782 226 3826 ot
243 3779 355 3846 quinqua
374 3779 463 3848 tingi,
482 3781 657 3832 interiectae
674 3781 741 3832 diac.
761 3788 785 3831 et
801 3782 895 3833 iniurt.
916 3778 960 3844 ua,
978 3783 1047 3833 inter
1064 3783 1158 3834 iniust.

140 3865 206 3916 diac.
227 3873 252 3916 et
268 3868 333 3918 inat.
355 3881 371 3916 ο
389 3867 500 3935 quiaque
520 3865 596 3916 codd.
613 3865 709 3918 invexit
721 3862 847 3935 Pamplioo
862 3869 939 3935 eique
952 3867 1159 3932 obtemperarunt

141 3948 253 4002 editoroe
273 3952 437 4018 portarium.
475 3955 547 4006 lator
565 3952 589 4002 in
608 3950 649 4002 uu
667 3967 688 4003 r.
707 3968 740 4002 m.
759 3954 945 4020 ruparreriprit.
982 3951 1039 4004 llox
1064 3952 1158 4004 ibidem

877 4037 951 4104 18*
