2904 4692
660 395 721 460 105

180 549 353 631 frequenter
381 569 415 612 ec
448 567 569 631 semper
600 550 674 614 deus
705 552 812 614 debeat
843 551 981 632 odorari,
1019 560 1051 616 ut
1079 555 1129 635 qui
1166 554 1195 618 iu

180 662 315 739 Christo,
347 663 403 724 boc
428 668 489 739 est,
521 665 550 724 in
574 664 639 734 sole
664 671 694 725 et
716 665 745 734 in
770 663 818 726 die
841 683 914 727 vero
938 667 1050 744 sumus,
1074 667 1195 730 insiste-

181 794 245 868 mus
280 794 334 857 per
365 782 457 838 totum
495 775 571 839 diem
597 778 743 859 „precibus
775 784 805 838 ει
840 795 978 857 oremus,
1013 787 1044 840 et
1076 779 1196 860 quande

181 888 280 953 mundi
311 880 568 971 lege'deourrens
593 890 706 963 vicibus
730 891 851 952 stternis
875 908 937 952 non
960 892 1096 958 revolute
1120 910 1196 957 suc-.-

181 1001 276 1078 cedit,
309 1001 418 1064 notium
443 1002 480 1065 de
503 1006 657 1067 nocturnis
682 1005 813 1066 tenebris
842 1021 911 1066 esse
935 1006 1087 1068 urentibus
1110 1005 1196 1068 dern-

180 1132 249 1176 oum
271 1120 379 1196 potest,
404 1117 471 1196 quie
495 1115 561 1178 filiis
584 1116 658 1178 lucis
683 1123 713 1176 et
735 1118 871 1180 noctibus
888 1117 956 1180 dies
976 1126 1031 1180 est.
1069 1117 1196 1194 Quando

181 1229 257 1291 enirn
288 1229 354 1291 sine
388 1228 498 1290 iumine
530 1235 576 1291 εει
609 1230 657 1291 cui
695 1229 791 1292 lumen
831 1230 860 1292 in
897 1229 991 1294 eorde
1021 1231 1092 1292 est?
1137 1231 1197 1296 Aut

181 1339 299 1421 quondo
313 1337 339 1415 ²)
363 1341 409 1404 sot
434 1343 462 1402 ei
486 1348 516 1404 et
539 1341 603 1405 dies
628 1359 688 1403 non
712 1348 767 1420 est,
792 1343 839 1404 oui
863 1343 909 1406 sol
933 1349 963 1404 ει
979 1342 1044 1404 dies
1061 1341 1196 1406 Christus

180 1454 253 1517 esti
298 1455 356 1530 Qui
379 1461 476 1518 eutem
508 1456 538 1518 in
562 1454 698 1534 cbristo,
722 1454 779 1517 boc
803 1463 869 1534 est,
892 1456 922 1518 in
945 1455 1055 1518 lumine
1078 1471 1197 1537 semper

180 1584 297 1646 sumus,
322 1586 378 1630 nec
393 1563 420 1640 ³)
444 1568 583 1632 noctibus
607 1568 643 1630 eb
667 1568 805 1630 oratione
829 1585 991 1632 cessemus.
1038 1568 1088 1633 Sic
1110 1567 1196 1632 Anne

180 1681 268 1744 vidue
291 1683 356 1744 sine
384 1681 605 1744 intermissione
640 1698 753 1762 rogans
777 1699 897 1764 semper
920 1688 949 1743 et
973 1683 1099 1766 rigiiens
1121 1701 1196 1766 per-

179 1795 337 1860 severabot
360 1794 388 1854 in
414 1793 614 1874 promerendo
640 1793 697 1855 deo
712 1791 762 1875 ⁴),
786 1796 862 1857 sicut
884 1796 913 1858 in
935 1796 1093 1878 evangelio
1117 1796 1196 1858 scri·

126 1899 132 1906 ’
179 1914 259 1988 ptusu
282 1914 343 1969 est:
368 1907 436 1970 Non
458 1907 635 1982 recedebat,
652 1907 745 1987 inquit
759 1905 795 1983 ⁵),
819 1910 858 1970 sie
874 1910 987 1988 tempto
1011 1909 1143 1970 ieiuniis
1167 1917 1197 1970 ct

179 2095 247 2146 libris
267 2112 316 2146 rnss
345 2095 460 2148 omnibus
479 2104 581 2162 praeter
600 2097 641 2147 bii.
679 2096 794 2148 Proxime
813 2108 837 2151 et
854 2114 958 2167 semper
976 2112 1021 2165 pre
1041 2114 1072 2150 ac
1099 2098 1136 2161 (in
1156 2095 1196 2148 ub

179 2184 244 2236 mete
263 2183 383 2235 scribitur
400 2185 461 2246 itsc)
481 2201 584 2252 semper
602 2184 722 2236 exhibent
736 2183 771 2236 Bb
787 2193 814 2236 et
826 2185 855 2237 Α.
892 2185 957 2237 Abte
976 2187 1019 2238 siis
1035 2200 1099 2238 cero
1117 2199 1195 2250 pree-

178 2271 331 2336 positionem
351 2271 375 2320 iu
395 2270 415 2322 Α
436 2271 554 2322 emissem
574 2270 605 2322 ei.
627 2288 657 2322 nr.
677 2287 752 2336 supro
773 2270 869 2324 eddidit
889 2273 913 2324 ie
932 2271 980 2335 W,
1008 2272 1068 2323 item
1088 2288 1153 2326 cere
1171 2272 1196 2322 in

179 2356 228 2408 ue.
265 2357 324 2410 Post
341 2376 439 2414 snmus
456 2357 496 2408 W.
518 2355 556 2408 bie
576 2366 602 2410 et
620 2356 655 2409 ue
675 2360 835 2425 interponunt
853 2368 885 2412 et.
923 2362 1056 2414 instemus
1074 2357 1117 2408 det
1133 2354 1153 2408 C
1172 2365 1198 2408 et

174 2461 226 2512 ,rer
243 2455 322 2498 totssss
339 2448 407 2502 dieses
425 2443 475 2508 es,
502 2447 571 2499 siesse
590 2460 640 2496 om.
661 2442 697 2496 bc
716 2453 742 2497 et
762 2444 826 2496 bicd.
863 2442 924 2498 Post
942 2461 1051 2498 orestus
1067 2445 1196 2498 coniunct.

179 2541 203 2585 et
221 2516 253 2584 ei.
273 2549 304 2584 m.
325 2533 502 2600 superscripsit
520 2533 544 2582 in
565 2529 607 2595 W,
625 2529 684 2581 dein
704 2533 784 2598 tegens
802 2529 898 2582 bebect
918 2529 958 2580 W.
979 2529 1017 2580 bis
1035 2537 1062 2582 et
1080 2526 1126 2593 iis,
1145 2537 1197 2582 tum

179 2621 346 2674 murrensis
367 2619 440 2671 biberi
466 2627 493 2670 et
517 2617 553 2670 Bc
578 2633 687 2686 moxque
713 2621 832 2672 reroiute
850 2616 890 2668 W.
910 2615 974 2668 use.
994 2615 1029 2669 Be
1054 2625 1081 2668 et
1099 2615 1152 2668 Vet.
1172 2615 1196 2670 3.

178 2704 241 2758 item
266 2705 325 2758 edd.
349 2713 412 2758 vett.
432 2715 508 2775 etque
526 2705 623 2758 Essem.
660 2704 726 2757 inire
750 2709 889 2774 emonem
909 2702 971 2756 bbe.
991 2703 1063 2756 Medi
1085 2711 1111 2756 et
1130 2706 1151 2756 Α
1174 2719 1196 2756 c.

180 2791 220 2842 ed.
240 2791 303 2844 lter.
341 2792 406 2845 Dein
426 2797 472 2864 qni
489 2807 535 2858 pro
554 2797 616 2862 quia
636 2790 671 2842 bc
689 2800 715 2843 et
735 2791 813 2853 birds
834 2801 859 2845 et
882 2791 942 2844 deut
962 2793 987 2842 in
1008 2790 1047 2842 iic
1066 2797 1094 2841 et
1112 2793 1149 2852 Α,
1174 2799 1199 2844 ει

179 2881 303 2932 noctibus
323 2887 454 2947 praestent
472 2878 530 2929 Ver.
550 2879 589 2928 W.
610 2878 689 2928 biecd.
710 2875 763 2927 Bbc
782 2885 807 2928 et
826 2876 880 2928 Vnt.
897 2879 921 2926 t.
959 2875 1119 2928 Concordem
1139 2874 1197 2927 edd.

180 2971 241 3015 vett.
262 2972 290 3014 et
304 2963 400 3018 uersu.
437 2965 474 3016 its
493 2972 519 3014 et
533 2964 626 3015 Noster
645 2962 722 3030 pauiu
741 2969 813 3028 post:
832 2979 880 3015 nec
898 2965 1020 3014 nectibus
1037 2965 1068 3014 sis
1081 2963 1199 3013 cretione

181 3058 327 3104 meremus.
367 3054 401 3106 iit
420 3061 495 3105 necte
513 3049 639 3100 dederunt
658 3047 777 3099 Erremus
797 3056 822 3098 et
841 3045 963 3109 Gravius,
988 3057 1011 3100 st
1028 3050 1057 3098 in
1074 3049 1198 3100 nectitur

182 3135 320 3194 Manutius.
347 3135 472 3188 Pemeiius
497 3152 527 3187 ec
545 3137 710 3186 recentiores.
749 3131 811 3184 Cod.
832 3133 872 3184 bie
891 3134 915 3184 in
936 3140 1057 3186 contextu
1076 3129 1198 3184 mendose
1285 3178 1289 3184 .

180 3223 260 3275 hebet
277 3233 303 3278 et
319 3227 513 3290 innocentibus,
533 3225 558 3274 in
578 3238 626 3289 mg.
646 3231 729 3274 eutem
749 3239 762 3272 e
782 3238 802 3272 r.
822 3237 853 3274 nr.
873 3231 898 3274 et
907 3224 1046 3283 noctiios3
1064 3217 1100 3270 ur
1113 3217 1199 3270 scribit

179 3313 251 3378 iiius
275 3313 347 3364 tucis
372 3321 396 3364 et
419 3314 513 3363 noctis.
558 3309 588 3374 ι)
608 3312 731 3378 qrsommio
751 3309 808 3360 edd.
828 3317 889 3360 vett.
909 3323 931 3358 c.
951 3305 1048 3359 Essem.
1069 3315 1095 3358 et
1114 3303 1209 3369 Gran,-

181 3435 283 3499 ‚unse
300 3408 322 3437 ⁴⁸
339 3437 383 3487 sci
400 3432 439 3497 (ei
457 3424 489 3485 eb
508 3447 528 3485 r.
547 3449 580 3484 rn.
599 3434 739 3500 superser.)
757 3432 805 3485 bib.
842 3432 959 3485 Proxime
971 3440 1035 3500 pert.
1050 3441 1074 3485 et
1085 3445 1150 3484 corr.
1164 3445 1196 3482 re.

180 3519 246 3569 iuter
266 3519 345 3572 iiuess
364 3519 461 3572 eddidit
479 3521 503 3571 in
521 3518 575 3583 bie3
595 3524 696 3590 quaese
715 3523 757 3574 set
775 3531 797 3575 et
817 3523 874 3574 dier
893 3521 1021 3574 Obrutus
1038 3519 1098 3572 sesi
1116 3517 1197 3593 iuter·

181 3604 273 3656 inediis
298 3607 398 3658 emissis
423 3606 690 3660 exstimescentes.
712 3607 742 3658 Α.
788 3607 817 3672 3]
835 3624 867 3660 ne
885 3604 921 3657 uc
938 3614 965 3657 et
982 3603 1046 3657 biert.
1084 3602 1148 3656 Dein
1167 3606 1198 3658 si

180 3705 256 3756 suprs
283 3692 409 3745 adiectum
437 3696 461 3744 in
486 3692 537 3758 Βε,
564 3696 716 3748 ascesione
741 3708 787 3758 pro
814 3696 845 3746 ai
871 3701 938 3746 oret.
964 3690 1081 3743 scribitur
1107 3689 1132 3740 in
1157 3687 1197 3739 W.

179 3777 275 3850 tideo
294 3793 308 3828 e
328 3793 393 3831 corr.
415 3796 447 3832 m.
467 3782 641 3832 intercessus
659 3777 736 3831 bebet
756 3778 810 3840 ite,
833 3781 937 3832 domino
956 3775 1002 3828 Bb.
1039 3775 1102 3827 Dein
1127 3778 1199 3829 sieut

180 3874 204 3918 et
223 3865 297 3918 idem
323 3865 404 3931 liber,
432 3870 502 3922 sient
527 3870 657 3937 scriptum
682 3877 723 3920 est
745 3870 777 3918 in
803 3867 936 3934 menenio
962 3867 998 3925 Α,
1026 3865 1125 3916 dieitur
1151 3873 1197 3927 pro

180 3955 313 4021 scriptores
331 3963 372 4007 est
390 3953 439 4006 bib.
476 3953 507 4018 5)
526 3955 612 4022 inquit
631 3965 683 4004 om.
701 3949 729 4004 ὓ.
767 3950 823 4002 vic.
842 3949 901 4003 Luc.
920 3953 947 4016 2,
967 3951 1008 4001 iii.
