2880 4696
751 491 814 558 100

271 649 361 714 desso
383 647 463 732 quod
486 651 626 731 sumitur,
657 650 775 732 quando
804 651 900 736 gretia
929 649 1065 714 salutaris
1094 649 1125 712 in
1151 649 1285 712 cinerem

270 765 425 830 sanctitate
448 762 583 848 fugiente
598 757 626 842 ε)
649 770 786 830 mutetur.
832 765 926 841 Quam
948 763 1030 832 multi
1052 762 1160 828 cotidie
1176 759 1204 840 ⁹)
1232 763 1284 826 in-

267 879 384 943 mundis
405 878 556 959 spiritibus
579 875 781 962 adinplentur‚
806 898 893 962 quam
915 879 1113 961 molliusque
1136 877 1173 941 ad
1196 879 1283 942 insa-

266 992 344 1055 niam
367 993 474 1055 mentis
496 990 645 1055 excordes
669 991 836 1056 dementiae
859 992 963 1057 furore
986 993 1182 1074 quatiuntur?
1219 992 1284 1055 Nec

239 1124 393 1181 successe
416 1113 462 1170 est
484 1108 529 1169 ire
551 1125 605 1188 per
629 1109 725 1170 exitus
745 1103 784 1186 ¹⁰)
807 1108 1009 1192 singulorum,
1033 1125 1098 1171 curn
1120 1125 1177 1190 per
1200 1107 1282 1170 orbis
1334 1099 1341 1114 '

265 1220 459 1285 multiformes
481 1222 583 1284 ruinas
606 1227 663 1283 tam
687 1221 862 1286 delictorum
884 1239 982 1303 poena
1004 1222 1164 1301 sitieris,
1194 1239 1282 1302 quam

265 1336 496 1418 delinquentium
520 1333 674 1398 multitudo
697 1352 865 1398 numerosa.
910 1333 1120 1414 Unusquisque
1140 1331 1177 1412 ¹¹)
1202 1351 1282 1398 con-

264 1448 392 1528 sideret,
422 1465 483 1512 non
506 1446 576 1529 quid
599 1447 673 1510 alius
697 1464 801 1528 passus
824 1448 878 1525 sit,
909 1446 964 1510 sed
987 1445 1056 1528 quid
1079 1448 1140 1529 pati
1163 1449 1282 1530 etipse

264 1571 428 1642 mereatur,
451 1581 509 1626 nec
532 1559 666 1626 evasis'se
689 1578 724 1624 se
746 1560 864 1640 credat,
895 1559 921 1624 si
951 1578 1019 1624 eum
1041 1562 1159 1626 interim
1181 1580 1282 1646 poena

224 1705 251 1749 αα
264 1678 410 1742 distulerit
419 1726 435 1778 t
460 1697 527 1742 cum
548 1678 654 1742 timere
676 1677 743 1760 plus
766 1674 891 1757 debeat,
914 1695 1002 1758 quem
1026 1676 1082 1740 sibi
1105 1675 1153 1741 dei
1175 1676 1281 1742 iudicis

261 1796 306 1858 ira
327 1793 468 1858 servavit

712 1989 828 2060 imi

346 2135 411 2198 Nec
433 2134 506 2214 sibi,
530 2151 590 2214 quo
613 2134 709 2198 minus
732 2139 824 2218 agant
846 2133 1066 2216 paenitentiam,
1089 2134 1279 2200 blandiantur

329 2335 359 2405 8)
370 2345 464 2390 sancto
477 2334 530 2404 (pr.
539 2335 674 2399 coactum)
687 2336 803 2404 {icyictttc
815 2332 871 2386 cod.
881 2331 994 2403 Seguicr.
1018 2333 1085 2388 Dein
1096 2347 1216 2392 mactatur
1224 2335 1279 2390 sa-

258 2429 307 2481 lua.
320 2435 346 2479 et
357 2425 450 2479 Gotdh.
482 2423 511 2488 0)
529 2423 567 2475 lta
579 2422 620 2475 W.
633 2421 701 2474 ldbd.
724 2420 762 2473 Ba
781 2429 807 2474 et
825 2421 883 2476 edd.
897 2421 942 2476 Sl’.
955 2423 1046 2478 Venct.
1060 2424 1084 2475 1.
1098 2431 1125 2476 et
1142 2422 1279 2492 Dareum,

258 2517 362 2570 cottidie
371 2513 419 2564 lla.
429 2510 477 2577 Bb,
491 2513 615 2584 quottidie
629 2509 668 2561 lle
678 2526 700 2562 c.
714 2509 772 2562 edd.
784 2509 872 2564 leuet.
885 2510 910 2564 2.
921 2509 1001 2564 llunn.
1012 2510 1150 2578 Rembolt„
1163 2517 1281 2584 quotidie

257 2602 326 2656 Act
342 2600 461 2669 vulgares
478 2597 544 2650 libri,
580 2595 652 2660 Quae
677 2599 701 2649 iu
720 2597 779 2651 edd.
802 2597 894 2652 Manat.
913 2606 940 2650 et
962 2599 1127 2669 sequentibus
1150 2599 1280 2654 adduntur
1316 2636 1325 2643 -

257 2689 338 2744 verba
353 2689 537 2758 comitantiam
554 2703 607 2740 noa
624 2695 739 2756 cqcntcc,
759 2703 807 2739 occ
825 2689 915 2741 delicti
932 2691 978 2742 soi
996 2691 1186 2744 conscientiam
1208 2707 1278 2744 coat-

257 2784 357 2847 fiteatcc
381 2775 472 2828 absunt
495 2790 510 2825 a
528 2773 568 2826 W.
586 2773 684 2826 llebcd.
703 2771 748 2826 ba.
767 2771 849 2841 Ncep.
868 2773 885 2826 2
909 2781 935 2827 et
958 2773 1089 2828 sexdecim
1106 2774 1194 2830 Belua.
1231 2777 1278 2830 ln·

259 2865 395 2918 veniuntur
418 2865 444 2914 in
469 2862 566 2914 duobus
593 2869 689 2913 tantum
714 2878 746 2913 ex
770 2862 862 2914 nostris
888 2861 962 2914 codd.
982 2870 1008 2914 et
1030 2863 1111 2916 tribus
1135 2867 1279 2936 antiquleq

258 2951 362 3004 baluzio
381 2950 489 3016 collatis,
507 2966 591 3020 neque
609 2951 710 3002 omnino
729 2951 962 3016 recommissum,
981 2951 1003 3002 si
1021 2953 1142 3019 respicias
1159 2955 1277 3022 proxime

259 3039 444 3092 antecedentia.
480 3036 632 3089 Ecidcirco
651 3036 803 3090 eliminanda
822 3052 947 3090 essenon
971 3037 1092 3092 dubitavi.
1129 3040 1220 3095 Statim
1246 3047 1277 3098 ab

259 3128 296 3194 (in
314 3127 378 3195 ras.)
395 3129 530 3180 inmundis
553 3128 695 3196 cpia-itibus
719 3124 768 3176 lib.
804 3123 865 3176 l’ost
883 3141 946 3177 vero
971 3129 1002 3179 ab
1028 3126 1152 3180 subducte
1179 3129 1277 3185 lineola

258 3214 403 3282 insignitum
421 3221 468 3265 est.
499 3212 558 3265 Μαι
575 3215 600 3265 in
619 3212 711 3265 eodem
730 3210 795 3264 libro
814 3211 881 3264 male
894 3211 1012 3265 scribitur
1024 3233 1102 3284 quam
1114 3220 1193 3272 multi
1205 3221 1276 3273 coti-

258 3305 404 3370 dicasque,
415 3302 475 3354 item
488 3300 579 3354 deinde
595 3304 735 3355 clemencie
748 3302 774 3352 in
786 3300 817 3352 Α.
851 3299 896 3366 10)
908 3317 957 3369 per
968 3304 1072 3356 mum
1082 3299 1129 3355 Bb.
1158 3301 1277 3378 l’roxime

257 3387 408 3454 artistic,
433 3385 734 3454 crcumdantis.
771 3386 839 3441 Adv.
857 3397 911 3442 tam
934 3404 983 3440 om.
1003 3388 1034 3442 t.
1068 3387 1118 3442 Pro
1136 3395 1218 3446 caric
1235 3392 1277 3445 lid

256 3475 335 3529 babet
356 3481 452 3532 marta
476 3477 547 3542 (sic).
592 3475 635 3542 ll)
656 3479 795 3546 dcccque,
823 3475 914 3528 deinde
939 3479 994 3547 quit
1018 3491 1057 3544 pr.
1077 3476 1126 3542 W3
1152 3482 1222 3549 quoa
1245 3479 1276 3534 Α,

257 3563 315 3616 llox
334 3568 395 3636 quic
411 3568 467 3636 pati
484 3564 537 3628 llc3
563 3567 620 3633 ipsc
640 3568 695 3634 poti
715 3564 765 3616 lib.
800 3562 867 3617 lnira
887 3567 1029 3618 distulerat
1045 3562 1094 3616 blo.
1132 3565 1196 3618 Tum
1213 3571 1277 3636 plue

257 3655 349 3708 &merc
365 3653 406 3704 W.
450 3651 536 3705 Statim
563 3669 637 3720 quem
654 3651 694 3704 W.
712 3651 795 3704 blaed.
820 3649 883 3704 Bab.
902 3649 924 3703 A
943 3659 969 3703 ct
993 3653 1019 3703 in
1043 3667 1093 3704 ras.
1112 3650 1170 3719 dlb,
1198 3671 1277 3724 quam

257 3755 290 3791 ex
306 3754 357 3791 uno
376 3738 432 3791 cod.
451 3738 571 3792 Rcmerrsi
588 3735 613 3790 S.
632 3738 748 3806 Dionysii
767 3736 893 3803 baluzius,
912 3753 986 3806 quem
1004 3745 1106 3791 secutus
1125 3747 1165 3791 est
1184 3738 1276 3792 Goldb.

256 3825 305 3879 Pro
324 3831 365 3882 dci
382 3825 405 3879 A
423 3829 531 3881 domiai.
561 3824 706 3879 Lectioncm
723 3829 766 3880 irc
783 3840 830 3893 pro
847 3825 916 3894 vulg.
936 3843 1050 3881 censura
1068 3843 1084 3879 e
1101 3826 1195 3894 viginti
1212 3835 1277 3880 vett.

256 3912 327 3964 libris
345 3915 397 3965 suis
415 3921 442 3964 et
460 3920 518 3965 octo
536 3912 609 3982 Angl.
631 3930 645 3966 a
663 3912 767 3965 baluzio
785 3921 916 3982 receptam
934 3913 1081 3964 confirmant
1097 3914 1181 3966 nostri
1199 3914 1276 3966 codd.

257 4016 345 4054 omnes
363 4001 474 4069 itemque
493 4001 551 4053 Ver.
571 4001 595 4054 2.
634 4001 708 4066 Quod
730 4000 894 4069 subsequitur
917 4005 1036 4056 servavit
1062 4002 1086 4052 in
1105 3999 1147 4054 lllb
1173 4010 1277 4055 enatum

258 4095 298 4141 cst
315 4101 331 4139 e
348 4089 479 4142 ametor.
