<?xml version="1.0" encoding="UTF-8"?>
<!DOCTYPE html PUBLIC "-//W3C//DTD XHTML 1.0 Transitional//EN"
    "http://www.w3.org/TR/xhtml1/DTD/xhtml1-transitional.dtd">
<html xmlns="http://www.w3.org/1999/xhtml" xml:lang="en" lang="en">
 <head>
  <title>
</title>
<meta http-equiv="Content-Type" content="text/html;charset=utf-8" />
  <meta name='ocr-system' content='tesseract 3.04.00' />
  <meta name='ocr-capabilities' content='ocr_page ocr_carea ocr_par ocr_line ocrx_word'/>
</head>
<body>
  <div class='ocr_page' id='page_1' title='image "./libridecatholic00krabgoog_0166.png"; bbox 0 0 2880 4696; ppageno 0'>
   <div class='ocr_carea' id='block_1_1' title="bbox 665 435 727 500">
    <p class='ocr_par' dir='ltr' id='par_1_1' title="bbox 665 435 727 500">
     <span class='ocr_line' id='line_1_1' title="bbox 665 435 727 500; baseline 0 0"><span class='ocrx_word' id='word_1_1' title='bbox 665 435 727 500; x_wconf 75' lang='lat' dir='ltr'><strong>tto</strong></span> 
     </span>
    </p>
   </div>
   <div class='ocr_carea' id='block_1_2' title="bbox 164 591 1211 1366">
    <p class='ocr_par' dir='ltr' id='par_1_2' title="bbox 164 591 1211 1366">
     <span class='ocr_line' id='line_1_2' title="bbox 195 591 1211 680; baseline 0.002 -22"><span class='ocrx_word' id='word_1_2' title='bbox 195 593 270 658; x_wconf 84' lang='lat' dir='ltr'><strong>filias</strong></span> <span class='ocrx_word' id='word_1_3' title='bbox 294 591 366 660; x_wconf 88' lang='lat' dir='ltr'><strong>Sion</strong></span> <span class='ocrx_word' id='word_1_4' title='bbox 389 609 463 656; x_wconf 89' lang='lat' dir='ltr'><strong>auro</strong></span> <span class='ocrx_word' id='word_1_5' title='bbox 494 599 525 656; x_wconf 90' lang='lat' dir='ltr'><strong>ct</strong></span> <span class='ocrx_word' id='word_1_6' title='bbox 552 597 638 656; x_wconf 89' lang='lat' dir='ltr'><strong>veste</strong></span> <span class='ocrx_word' id='word_1_7' title='bbox 668 599 824 676; x_wconf 85' lang='lat' dir='ltr'><strong>corruptae</strong></span> <span class='ocrx_word' id='word_1_8' title='bbox 852 593 987 678; x_wconf 77' lang='lat' dir='ltr'>increpat</span> <span class='ocrx_word' id='word_1_9' title='bbox 1015 602 1045 658; x_wconf 92' lang='lat' dir='ltr'><strong>et</strong></span> <span class='ocrx_word' id='word_1_10' title='bbox 1073 596 1211 680; x_wconf 74' lang='lat' dir='ltr'><strong>obiurgat</strong></span> 
     </span>
     <span class='ocr_line' id='line_1_3' title="bbox 192 705 1210 791; baseline 0.004 -19"><span class='ocrx_word' id='word_1_11' title='bbox 192 708 372 790; x_wconf 84' lang='lat' dir='ltr'><strong>perniciosis</strong></span> <span class='ocrx_word' id='word_1_12' title='bbox 395 706 502 788; x_wconf 90' lang='lat' dir='ltr'><strong>opibus</strong></span> <span class='ocrx_word' id='word_1_13' title='bbox 526 705 684 770; x_wconf 84' lang='lat' dir='ltr'><strong>effluentes</strong></span> <span class='ocrx_word' id='word_1_14' title='bbox 709 714 740 770; x_wconf 90' lang='lat' dir='ltr'><strong>et</strong></span> <span class='ocrx_word' id='word_1_15' title='bbox 762 727 778 771; x_wconf 89' lang='lat' dir='ltr'><strong>a</strong></span> <span class='ocrx_word' id='word_1_16' title='bbox 801 706 860 773; x_wconf 89' lang='lat' dir='ltr'><strong>deo</strong></span> <span class='ocrx_word' id='word_1_17' title='bbox 882 727 938 791; x_wconf 89' lang='lat' dir='ltr'><strong>per</strong></span> <span class='ocrx_word' id='word_1_18' title='bbox 960 711 1073 790; x_wconf 87' lang='lat' dir='ltr'><strong>saeculi</strong></span> <span class='ocrx_word' id='word_1_19' title='bbox 1090 710 1210 776; x_wconf 79' lang='lat' dir='ltr'><strong>delicias</strong></span> 
     </span>
     <span class='ocr_line' id='line_1_4' title="bbox 191 820 1209 904; baseline 0.004 -20"><span class='ocrx_word' id='word_1_20' title='bbox 191 821 378 886; x_wconf 81' lang='lat' dir='ltr'><strong>recedentes.</strong></span> <span class='ocrx_word' id='word_1_21' title='bbox 423 821 595 896; x_wconf 82' lang='lat' dir='ltr'><strong>Eualtntue</strong></span> <span class='ocrx_word' id='word_1_22' title='bbox 618 831 702 900; x_wconf 86' lang='lat' dir='ltr'><strong>sunt,</strong></span> <span class='ocrx_word' id='word_1_23' title='bbox 726 820 815 903; x_wconf 73' lang='lat' dir='ltr'><strong>eit3),</strong></span> <span class='ocrx_word' id='word_1_24' title='bbox 837 825 923 904; x_wconf 72' lang='lat' dir='ltr'><strong>filiae</strong></span> <span class='ocrx_word' id='word_1_25' title='bbox 945 825 1024 890; x_wconf 83' lang='lat' dir='ltr'><strong>Sion</strong></span> <span class='ocrx_word' id='word_1_26' title='bbox 1047 835 1080 888; x_wconf 88' lang='lat' dir='ltr'><strong>et</strong></span> <span class='ocrx_word' id='word_1_27' title='bbox 1100 826 1209 890; x_wconf 85' lang='lat' dir='ltr'><strong>ambu-</strong></span> 
     </span>
     <span class='ocr_line' id='line_1_5' title="bbox 190 936 1210 1028; baseline 0.002 -28"><span class='ocrx_word' id='word_1_28' title='bbox 190 939 336 1000; x_wconf 85' lang='lat' dir='ltr'><strong>laverunt</strong></span> <span class='ocrx_word' id='word_1_29' title='bbox 364 937 428 998; x_wconf 87' lang='lat' dir='ltr'><strong>alto</strong></span> <span class='ocrx_word' id='word_1_30' title='bbox 459 936 538 1000; x_wconf 90' lang='lat' dir='ltr'><strong>colla</strong></span> <span class='ocrx_word' id='word_1_31' title='bbox 567 943 598 999; x_wconf 90' lang='lat' dir='ltr'><strong>et</strong></span> <span class='ocrx_word' id='word_1_32' title='bbox 618 945 696 1000; x_wconf 90' lang='lat' dir='ltr'><strong>nutu</strong></span> <span class='ocrx_word' id='word_1_33' title='bbox 717 939 875 1004; x_wconf 78' lang='lat' dir='ltr'><strong>occulorum</strong></span> <span class='ocrx_word' id='word_1_34' title='bbox 899 949 929 1002; x_wconf 88' lang='lat' dir='ltr'><strong>et</strong></span> <span class='ocrx_word' id='word_1_35' title='bbox 950 942 1078 1005; x_wconf 76' lang='lat' dir='ltr'><strong>incessu</strong></span> <span class='ocrx_word' id='word_1_36' title='bbox 1096 942 1210 1028; x_wconf 81' lang='lat' dir='ltr'><strong>pedum</strong></span> 
     </span>
     <span class='ocr_line' id='line_1_6' title="bbox 164 1051 1208 1131; baseline 0.01 -20"><span class='ocrx_word' id='word_1_37' title='bbox 164 1052 347 1114; x_wconf 78' lang='lat' dir='ltr'><strong>strabentes</strong></span> <span class='ocrx_word' id='word_1_38' title='bbox 377 1051 501 1114; x_wconf 67' lang='lat' dir='ltr'><strong>unicas</strong></span> <span class='ocrx_word' id='word_1_39' title='bbox 530 1051 711 1131; x_wconf 85' lang='lat' dir='ltr'><strong>etpedibus</strong></span> <span class='ocrx_word' id='word_1_40' title='bbox 733 1053 826 1116; x_wconf 88' lang='lat' dir='ltr'><strong>simul</strong></span> <span class='ocrx_word' id='word_1_41' title='bbox 847 1054 995 1119; x_wconf 83' lang='lat' dir='ltr'><strong>ludentes.</strong></span> <span class='ocrx_word' id='word_1_42' title='bbox 1040 1057 1081 1120; x_wconf 82' lang='lat' dir='ltr'><strong>Et</strong></span> <span class='ocrx_word' id='word_1_43' title='bbox 1103 1056 1208 1120; x_wconf 87' lang='lat' dir='ltr'><strong>burni-</strong></span> 
     </span>
     <span class='ocr_line' id='line_1_7' title="bbox 190 1153 1208 1246; baseline 0.005 -15"><span class='ocrx_word' id='word_1_44' title='bbox 190 1164 321 1243; x_wconf 81' lang='lat' dir='ltr'><strong>liobit⁴)</strong></span> <span class='ocrx_word' id='word_1_45' title='bbox 343 1167 421 1230; x_wconf 83' lang='lat' dir='ltr'><strong>deus</strong></span> <span class='ocrx_word' id='word_1_46' title='bbox 439 1166 634 1246; x_wconf 73' lang='lat' dir='ltr'><strong>principales</strong></span> <span class='ocrx_word' id='word_1_47' title='bbox 655 1153 739 1246; x_wconf 71' lang='lat' dir='ltr'><strong>filias</strong></span> <span class='ocrx_word' id='word_1_48' title='bbox 754 1167 832 1232; x_wconf 86' lang='lat' dir='ltr'><strong>Sion</strong></span> <span class='ocrx_word' id='word_1_49' title='bbox 847 1179 878 1232; x_wconf 87' lang='lat' dir='ltr'><strong>et</strong></span> <span class='ocrx_word' id='word_1_50' title='bbox 893 1171 1044 1234; x_wconf 76' lang='lat' dir='ltr'><strong>revelabit</strong></span> <span class='ocrx_word' id='word_1_51' title='bbox 1065 1171 1208 1236; x_wconf 85' lang='lat' dir='ltr'><strong>dominus</strong></span> 
     </span>
     <span class='ocr_line' id='line_1_8' title="bbox 189 1279 1206 1366; baseline 0.003 -20"><span class='ocrx_word' id='word_1_52' title='bbox 189 1282 328 1346; x_wconf 81' lang='lat' dir='ltr'><strong>babitare</strong></span> <span class='ocrx_word' id='word_1_53' title='bbox 349 1300 472 1359; x_wconf 84' lang='lat' dir='ltr'><strong>aarum,</strong></span> <span class='ocrx_word' id='word_1_54' title='bbox 498 1290 529 1342; x_wconf 85' lang='lat' dir='ltr'><strong>et</strong></span> <span class='ocrx_word' id='word_1_55' title='bbox 550 1279 674 1358; x_wconf 80' lang='lat' dir='ltr'><strong>auferet</strong></span> <span class='ocrx_word' id='word_1_56' title='bbox 696 1282 839 1346; x_wconf 81' lang='lat' dir='ltr'><strong>dominus</strong></span> <span class='ocrx_word' id='word_1_57' title='bbox 860 1282 993 1366; x_wconf 71' lang='lat' dir='ltr'><strong>plor-iarn</strong></span> <span class='ocrx_word' id='word_1_58' title='bbox 1013 1286 1111 1350; x_wconf 82' lang='lat' dir='ltr'><strong>neatis</strong></span> <span class='ocrx_word' id='word_1_59' title='bbox 1133 1286 1206 1349; x_wconf 85' lang='lat' dir='ltr'><strong>illa·</strong></span> 
     </span>
    </p>
   </div>
   <div class='ocr_carea' id='block_1_3' title="bbox 190 1463 395 1476">
    <p class='ocr_par' dir='ltr' id='par_1_3' title="bbox 190 1463 395 1476">
     <span class='ocr_line' id='line_1_9' title="bbox 190 1463 395 1476; baseline 0 -2"><span class='ocrx_word' id='word_1_60' title='bbox 190 1463 395 1476; x_wconf 55' lang='grc' dir='ltr'><strong>μ-..ο-ω-,υ-</strong></span> 
     </span>
    </p>
   </div>
   <div class='ocr_carea' id='block_1_4' title="bbox 188 1561 1202 1702">
    <p class='ocr_par' dir='ltr' id='par_1_4' title="bbox 188 1561 1202 1702">
     <span class='ocr_line' id='line_1_10' title="bbox 188 1561 1202 1702; baseline 0.003 -19"><span class='ocrx_word' id='word_1_61' title='bbox 188 1647 252 1684; x_wconf 85' lang='lat' dir='ltr'><strong>unus</strong></span> <span class='ocrx_word' id='word_1_62' title='bbox 269 1561 401 1702; x_wconf 38' lang='lat' dir='ltr'><strong>Argum</strong></span> <span class='ocrx_word' id='word_1_63' title='bbox 414 1562 524 1686; x_wconf 49' lang='lat' dir='ltr'><strong>Jews:</strong></span> <span class='ocrx_word' id='word_1_64' title='bbox 542 1629 578 1695; x_wconf 85' lang='lat' dir='ltr'><strong>B,</strong></span> <span class='ocrx_word' id='word_1_65' title='bbox 603 1632 714 1685; x_wconf 68' lang='lat' dir='ltr'><strong>ilicibus</strong></span> <span class='ocrx_word' id='word_1_66' title='bbox 739 1629 850 1698; x_wconf 82' lang='lat' dir='ltr'><strong>(duobus</strong></span> <span class='ocrx_word' id='word_1_67' title='bbox 876 1632 976 1698; x_wconf 78' lang='lat' dir='ltr'><strong>pucelle</strong></span> <span class='ocrx_word' id='word_1_68' title='bbox 1000 1647 1075 1701; x_wconf 80' lang='lat' dir='ltr'><strong>supra</strong></span> <span class='ocrx_word' id='word_1_69' title='bbox 1098 1633 1202 1702; x_wconf 83' lang='lat' dir='ltr'><strong>positis)</strong></span> 
     </span>
    </p>
   </div>
   <div class='ocr_carea' id='block_1_5' title="bbox 183 1717 1205 4069">
    <p class='ocr_par' dir='ltr' id='par_1_5' title="bbox 183 1717 1205 4069">
     <span class='ocr_line' id='line_1_11' title="bbox 188 1717 1205 1790; baseline 0.004 -18"><span class='ocrx_word' id='word_1_70' title='bbox 188 1720 235 1774; x_wconf 86' lang='lat' dir='ltr'><strong>blo.</strong></span> <span class='ocrx_word' id='word_1_71' title='bbox 271 1719 299 1786; x_wconf 88' lang='grc'><strong>3)</strong></span> <span class='ocrx_word' id='word_1_72' title='bbox 317 1724 353 1774; x_wconf 86' lang='lat' dir='ltr'><strong>ait</strong></span> <span class='ocrx_word' id='word_1_73' title='bbox 371 1737 420 1774; x_wconf 88' lang='lat' dir='ltr'><strong>om.</strong></span> <span class='ocrx_word' id='word_1_74' title='bbox 439 1718 487 1772; x_wconf 85' lang='lat' dir='ltr'><strong>bib.</strong></span> <span class='ocrx_word' id='word_1_75' title='bbox 517 1717 859 1790; x_wconf 77' lang='lat' dir='ltr'><strong>viu.11esai.3‚16.saqq.</strong></span> <span class='ocrx_word' id='word_1_76' title='bbox 889 1719 955 1772; x_wconf 87' lang='lat' dir='ltr'><strong>Dein</strong></span> <span class='ocrx_word' id='word_1_77' title='bbox 973 1739 1040 1790; x_wconf 80' lang='lat' dir='ltr'><strong>syon</strong></span> <span class='ocrx_word' id='word_1_78' title='bbox 1061 1719 1205 1776; x_wconf 64' lang='lat' dir='ltr'><strong>street</strong></span> 
     </span>
     <span class='ocr_line' id='line_1_12' title="bbox 188 1805 1205 1876; baseline 0 -14"><span class='ocrx_word' id='word_1_79' title='bbox 188 1819 213 1862; x_wconf 90' lang='lat' dir='ltr'><strong>et</strong></span> <span class='ocrx_word' id='word_1_80' title='bbox 232 1810 273 1862; x_wconf 87' lang='lat' dir='ltr'><strong>eb.</strong></span> <span class='ocrx_word' id='word_1_81' title='bbox 291 1808 420 1874; x_wconf 68' lang='lat' dir='ltr'><strong>Dureau,</strong></span> <span class='ocrx_word' id='word_1_82' title='bbox 439 1809 552 1876; x_wconf 78' lang='lat' dir='ltr'><strong>itemque</strong></span> <span class='ocrx_word' id='word_1_83' title='bbox 569 1806 641 1859; x_wconf 86' lang='lat' dir='ltr'><strong>inire.</strong></span> <span class='ocrx_word' id='word_1_84' title='bbox 671 1805 720 1858; x_wconf 90' lang='lat' dir='ltr'><strong>Pro</strong></span> <span class='ocrx_word' id='word_1_85' title='bbox 739 1810 939 1862; x_wconf 78' lang='lat' dir='ltr'><strong>ambulaverunt</strong></span> <span class='ocrx_word' id='word_1_86' title='bbox 957 1811 1008 1862; x_wconf 89' lang='lat' dir='ltr'><strong>alto</strong></span> <span class='ocrx_word' id='word_1_87' title='bbox 1030 1812 1098 1863; x_wconf 85' lang='lat' dir='ltr'><strong>collo</strong></span> <span class='ocrx_word' id='word_1_88' title='bbox 1114 1809 1205 1862; x_wconf 84' lang='lat' dir='ltr'><strong>Benc-</strong></span> 
     </span>
     <span class='ocr_line' id='line_1_13' title="bbox 187 1893 1204 1965; baseline 0 -13"><span class='ocrx_word' id='word_1_89' title='bbox 187 1906 256 1952; x_wconf 86' lang='lat' dir='ltr'><strong>vent.</strong></span> <span class='ocrx_word' id='word_1_90' title='bbox 280 1901 451 1953; x_wconf 81' lang='lat' dir='ltr'><strong>irtaaaserunt</strong></span> <span class='ocrx_word' id='word_1_91' title='bbox 473 1899 527 1954; x_wconf 89' lang='lat' dir='ltr'><strong>atta</strong></span> <span class='ocrx_word' id='word_1_92' title='bbox 551 1899 668 1965; x_wconf 83' lang='lat' dir='ltr'><strong>cornico,</strong></span> <span class='ocrx_word' id='word_1_93' title='bbox 697 1893 778 1962; x_wconf 84' lang='lat' dir='ltr'><strong>lieap.</strong></span> <span class='ocrx_word' id='word_1_94' title='bbox 799 1906 993 1965; x_wconf 76' lang='lat' dir='ltr'><strong>procurrerant</strong></span> <span class='ocrx_word' id='word_1_95' title='bbox 1015 1901 1070 1954; x_wconf 90' lang='lat' dir='ltr'><strong>atta</strong></span> <span class='ocrx_word' id='word_1_96' title='bbox 1094 1903 1204 1954; x_wconf 71' lang='lat' dir='ltr'><strong>cubica.</strong></span> 
     </span>
     <span class='ocr_line' id='line_1_14' title="bbox 187 1981 1204 2054; baseline 0.001 -16"><span class='ocrx_word' id='word_1_97' title='bbox 187 1985 250 2038; x_wconf 83' lang='lat' dir='ltr'><strong>Turn</strong></span> <span class='ocrx_word' id='word_1_98' title='bbox 270 1990 375 2040; x_wconf 83' lang='lat' dir='ltr'><strong>incestu</strong></span> <span class='ocrx_word' id='word_1_99' title='bbox 392 1983 415 2034; x_wconf 86' lang='grc' dir='ltr'><strong>Α</strong></span> <span class='ocrx_word' id='word_1_100' title='bbox 433 1991 459 2036; x_wconf 88' lang='lat' dir='ltr'><strong>et</strong></span> <span class='ocrx_word' id='word_1_101' title='bbox 475 1998 513 2051; x_wconf 91' lang='lat' dir='ltr'><strong>pr.</strong></span> <span class='ocrx_word' id='word_1_102' title='bbox 526 1982 565 2036; x_wconf 87' lang='lat' dir='ltr'><strong>W.</strong></span> <span class='ocrx_word' id='word_1_103' title='bbox 602 1981 660 2035; x_wconf 84' lang='lat' dir='ltr'><strong>tlcx</strong></span> <span class='ocrx_word' id='word_1_104' title='bbox 677 1985 760 2037; x_wconf 81' lang='lat' dir='ltr'><strong>sistat</strong></span> <span class='ocrx_word' id='word_1_105' title='bbox 778 1987 910 2038; x_wconf 78' lang='lat' dir='ltr'><strong>trabentes</strong></span> <span class='ocrx_word' id='word_1_106' title='bbox 927 1981 1067 2037; x_wconf 78' lang='lat' dir='ltr'><strong>benevent.</strong></span> <span class='ocrx_word' id='word_1_107' title='bbox 1086 1994 1112 2036; x_wconf 88' lang='lat' dir='ltr'><strong>et</strong></span> <span class='ocrx_word' id='word_1_108' title='bbox 1125 1985 1204 2054; x_wconf 82' lang='lat' dir='ltr'><strong>Neap.</strong></span> 
     </span>
     <span class='ocr_line' id='line_1_15' title="bbox 186 2067 1204 2140; baseline 0 -16"><span class='ocrx_word' id='word_1_109' title='bbox 186 2074 216 2138; x_wconf 83' lang='lat' dir='ltr'><strong>t)</strong></span> <span class='ocrx_word' id='word_1_110' title='bbox 241 2074 390 2127; x_wconf 83' lang='lat' dir='ltr'><strong>bamitiaait</strong></span> <span class='ocrx_word' id='word_1_111' title='bbox 413 2070 452 2120; x_wconf 86' lang='lat' dir='ltr'><strong>W.</strong></span> <span class='ocrx_word' id='word_1_112' title='bbox 479 2068 560 2121; x_wconf 84' lang='lat' dir='ltr'><strong>blabc.</strong></span> <span class='ocrx_word' id='word_1_113' title='bbox 607 2067 673 2121; x_wconf 84' lang='lat' dir='ltr'><strong>Dein</strong></span> <span class='ocrx_word' id='word_1_114' title='bbox 700 2073 825 2124; x_wconf 72' lang='lat' dir='ltr'><strong>dominus</strong></span> <span class='ocrx_word' id='word_1_115' title='bbox 850 2068 908 2121; x_wconf 81' lang='lat' dir='ltr'><strong>libri</strong></span> <span class='ocrx_word' id='word_1_116' title='bbox 935 2079 993 2122; x_wconf 86' lang='lat' dir='ltr'><strong>ento</strong></span> <span class='ocrx_word' id='word_1_117' title='bbox 1019 2070 1113 2126; x_wconf 81' lang='lat' dir='ltr'><strong>Manat.</strong></span> <span class='ocrx_word' id='word_1_118' title='bbox 1137 2075 1204 2140; x_wconf 85' lang='lat' dir='ltr'><strong>typis</strong></span> 
     </span>
     <span class='ocr_line' id='line_1_16' title="bbox 187 2155 1205 2226; baseline 0.003 -14"><span class='ocrx_word' id='word_1_119' title='bbox 187 2159 306 2226; x_wconf 78' lang='lat' dir='ltr'><strong>exscripti</strong></span> <span class='ocrx_word' id='word_1_120' title='bbox 330 2165 356 2210; x_wconf 89' lang='lat' dir='ltr'><strong>et</strong></span> <span class='ocrx_word' id='word_1_121' title='bbox 381 2155 479 2210; x_wconf 89' lang='lat' dir='ltr'><strong>blorell.</strong></span> <span class='ocrx_word' id='word_1_122' title='bbox 522 2155 600 2209; x_wconf 84' lang='lat' dir='ltr'><strong>Paulo</strong></span> <span class='ocrx_word' id='word_1_123' title='bbox 624 2166 682 2225; x_wconf 89' lang='lat' dir='ltr'><strong>post</strong></span> <span class='ocrx_word' id='word_1_124' title='bbox 704 2161 833 2211; x_wconf 78' lang='lat' dir='ltr'><strong>renatavit</strong></span> <span class='ocrx_word' id='word_1_125' title='bbox 850 2156 890 2208; x_wconf 87' lang='lat' dir='ltr'><strong>W.</strong></span> <span class='ocrx_word' id='word_1_126' title='bbox 916 2156 981 2210; x_wconf 84' lang='lat' dir='ltr'><strong>blab.</strong></span> <span class='ocrx_word' id='word_1_127' title='bbox 1027 2158 1088 2211; x_wconf 85' lang='lat' dir='ltr'><strong>Turn</strong></span> <span class='ocrx_word' id='word_1_128' title='bbox 1112 2177 1205 2215; x_wconf 83' lang='lat' dir='ltr'><strong>aarum</strong></span> 
     </span>
     <span class='ocr_line' id='line_1_17' title="bbox 187 2243 1204 2314; baseline 0 -13"><span class='ocrx_word' id='word_1_129' title='bbox 187 2251 305 2302; x_wconf 79' lang='lat' dir='ltr'><strong>babitans</strong></span> <span class='ocrx_word' id='word_1_130' title='bbox 323 2245 371 2297; x_wconf 82' lang='lat' dir='ltr'><strong>llo.</strong></span> <span class='ocrx_word' id='word_1_131' title='bbox 390 2243 428 2310; x_wconf 73' lang='lat' dir='ltr'><strong>A,</strong></span> <span class='ocrx_word' id='word_1_132' title='bbox 453 2247 569 2298; x_wconf 80' lang='lat' dir='ltr'><strong>tabitam</strong></span> <span class='ocrx_word' id='word_1_133' title='bbox 593 2262 687 2298; x_wconf 88' lang='lat' dir='ltr'><strong>earum</strong></span> <span class='ocrx_word' id='word_1_134' title='bbox 709 2249 737 2298; x_wconf 88' lang='lat' dir='ltr'><strong>iu</strong></span> <span class='ocrx_word' id='word_1_135' title='bbox 763 2247 811 2297; x_wconf 84' lang='lat' dir='ltr'><strong>illa</strong></span> <span class='ocrx_word' id='word_1_136' title='bbox 836 2248 877 2299; x_wconf 79' lang='lat' dir='ltr'><strong>alie</strong></span> <span class='ocrx_word' id='word_1_137' title='bbox 895 2244 944 2298; x_wconf 82' lang='lat' dir='ltr'><strong>Mb.</strong></span> <span class='ocrx_word' id='word_1_138' title='bbox 981 2243 1068 2298; x_wconf 84' lang='lat' dir='ltr'><strong>Statim</strong></span> <span class='ocrx_word' id='word_1_139' title='bbox 1086 2251 1204 2314; x_wconf 69' lang='lat' dir='ltr'><strong>auferret</strong></span> 
     </span>
     <span class='ocr_line' id='line_1_18' title="bbox 187 2331 1203 2402; baseline -0.001 -17"><span class='ocrx_word' id='word_1_140' title='bbox 187 2333 237 2399; x_wconf 86' lang='lat' dir='ltr'><strong>lla,</strong></span> <span class='ocrx_word' id='word_1_141' title='bbox 256 2337 342 2402; x_wconf 73' lang='lat' dir='ltr'><strong>aufert</strong></span> <span class='ocrx_word' id='word_1_142' title='bbox 359 2335 390 2385; x_wconf 82' lang='grc' dir='ltr'><strong>Α.</strong></span> <span class='ocrx_word' id='word_1_143' title='bbox 420 2332 470 2384; x_wconf 88' lang='lat' dir='ltr'><strong>Pro</strong></span> <span class='ocrx_word' id='word_1_144' title='bbox 487 2335 598 2386; x_wconf 85' lang='lat' dir='ltr'><strong>illarum</strong></span> <span class='ocrx_word' id='word_1_145' title='bbox 616 2332 638 2384; x_wconf 82' lang='grc' dir='ltr'>Α</span> <span class='ocrx_word' id='word_1_146' title='bbox 656 2349 757 2402; x_wconf 82' lang='lat' dir='ltr'><strong>aarum,</strong></span> <span class='ocrx_word' id='word_1_147' title='bbox 777 2333 836 2385; x_wconf 87' lang='lat' dir='ltr'><strong>dela</strong></span> <span class='ocrx_word' id='word_1_148' title='bbox 855 2340 1014 2401; x_wconf 82' lang='lat' dir='ltr'><strong>pro‘aaram</strong></span> <span class='ocrx_word' id='word_1_149' title='bbox 1026 2331 1065 2385; x_wconf 85' lang='lat' dir='ltr'><strong>lle</strong></span> <span class='ocrx_word' id='word_1_150' title='bbox 1084 2336 1203 2388; x_wconf 82' lang='lat' dir='ltr'><strong>illarum.</strong></span> 
     </span>
     <span class='ocr_line' id='line_1_19' title="bbox 186 2421 1203 2494; baseline -0.001 -16"><span class='ocrx_word' id='word_1_151' title='bbox 186 2424 246 2494; x_wconf 86' lang='lat' dir='ltr'><strong>Seq.</strong></span> <span class='ocrx_word' id='word_1_152' title='bbox 265 2435 290 2478; x_wconf 91' lang='lat' dir='ltr'><strong>et</strong></span> <span class='ocrx_word' id='word_1_153' title='bbox 306 2440 356 2476; x_wconf 87' lang='lat' dir='ltr'><strong>om.</strong></span> <span class='ocrx_word' id='word_1_154' title='bbox 374 2422 424 2476; x_wconf 89' lang='lat' dir='ltr'><strong>lllb.</strong></span> <span class='ocrx_word' id='word_1_155' title='bbox 460 2421 518 2474; x_wconf 82' lang='lat' dir='ltr'><strong>lllox</strong></span> <span class='ocrx_word' id='word_1_156' title='bbox 537 2425 631 2476; x_wconf 79' lang='lat' dir='ltr'><strong>cirtica</strong></span> <span class='ocrx_word' id='word_1_157' title='bbox 649 2432 676 2476; x_wconf 85' lang='lat' dir='ltr'><strong>ct</strong></span> <span class='ocrx_word' id='word_1_158' title='bbox 697 2425 806 2476; x_wconf 84' lang='lat' dir='ltr'><strong>turrulos</strong></span> <span class='ocrx_word' id='word_1_159' title='bbox 825 2421 885 2490; x_wconf 81' lang='lat' dir='ltr'><strong>(sic)</strong></span> <span class='ocrx_word' id='word_1_160' title='bbox 904 2422 942 2489; x_wconf 82' lang='grc' dir='ltr'><strong>Α,</strong></span> <span class='ocrx_word' id='word_1_161' title='bbox 963 2425 1073 2477; x_wconf 80' lang='lat' dir='ltr'><strong>tunam</strong></span> <span class='ocrx_word' id='word_1_162' title='bbox 1090 2437 1137 2490; x_wconf 89' lang='lat' dir='ltr'><strong>pro</strong></span> <span class='ocrx_word' id='word_1_163' title='bbox 1155 2425 1203 2477; x_wconf 89' lang='lat' dir='ltr'><strong>tu-</strong></span> 
     </span>
     <span class='ocr_line' id='line_1_20' title="bbox 185 2507 1202 2579; baseline -0.004 -13"><span class='ocrx_word' id='word_1_164' title='bbox 185 2516 266 2566; x_wconf 83' lang='lat' dir='ltr'><strong>rtulas</strong></span> <span class='ocrx_word' id='word_1_165' title='bbox 280 2509 327 2564; x_wconf 85' lang='lat' dir='ltr'><strong>lle.</strong></span> <span class='ocrx_word' id='word_1_166' title='bbox 357 2511 406 2563; x_wconf 88' lang='lat' dir='ltr'><strong>Pro</strong></span> <span class='ocrx_word' id='word_1_167' title='bbox 425 2509 523 2579; x_wconf 80' lang='lat' dir='ltr'><strong>vulgari</strong></span> <span class='ocrx_word' id='word_1_168' title='bbox 542 2508 654 2562; x_wconf 88' lang='lat' dir='ltr'><strong>lectione</strong></span> <span class='ocrx_word' id='word_1_169' title='bbox 682 2513 877 2564; x_wconf 76' lang='lat' dir='ltr'><strong>discriminalia</strong></span> <span class='ocrx_word' id='word_1_170' title='bbox 895 2507 1085 2563; x_wconf 80' lang='lat' dir='ltr'><strong>Gronovius</strong></span> <span class='ocrx_word' id='word_1_171' title='bbox 1103 2509 1202 2563; x_wconf 85' lang='lat' dir='ltr'><strong>Obser-</strong></span> 
     </span>
     <span class='ocr_line' id='line_1_21' title="bbox 186 2597 1202 2670; baseline -0.004 -15"><span class='ocrx_word' id='word_1_172' title='bbox 186 2611 247 2655; x_wconf 82' lang='lat' dir='ltr'><strong>vett.</strong></span> <span class='ocrx_word' id='word_1_173' title='bbox 266 2620 290 2670; x_wconf 93' lang='lat' dir='ltr'><strong>p.</strong></span> <span class='ocrx_word' id='word_1_174' title='bbox 311 2601 369 2653; x_wconf 87' lang='grc'>321.</span> <span class='ocrx_word' id='word_1_175' title='bbox 389 2600 500 2651; x_wconf 84' lang='lat' dir='ltr'><strong>correxit</strong></span> <span class='ocrx_word' id='word_1_176' title='bbox 524 2601 682 2667; x_wconf 80' lang='lat' dir='ltr'><strong>discrimen,</strong></span> <span class='ocrx_word' id='word_1_177' title='bbox 710 2597 827 2668; x_wconf 86' lang='lat' dir='ltr'><strong>hancque</strong></span> <span class='ocrx_word' id='word_1_178' title='bbox 854 2600 1004 2666; x_wconf 82' lang='lat' dir='ltr'><strong>scripturam</strong></span> <span class='ocrx_word' id='word_1_179' title='bbox 1027 2606 1128 2651; x_wconf 86' lang='lat' dir='ltr'><strong>tuentur</strong></span> <span class='ocrx_word' id='word_1_180' title='bbox 1153 2615 1202 2651; x_wconf 77' lang='lat' dir='ltr'><strong>una</strong></span> 
     </span>
     <span class='ocr_line' id='line_1_22' title="bbox 186 2684 1203 2756; baseline -0.002 -15"><span class='ocrx_word' id='word_1_181' title='bbox 186 2706 243 2742; x_wconf 87' lang='lat' dir='ltr'><strong>cum</strong></span> <span class='ocrx_word' id='word_1_182' title='bbox 270 2688 325 2741; x_wconf 89' lang='lat' dir='ltr'><strong>cod.</strong></span> <span class='ocrx_word' id='word_1_183' title='bbox 351 2689 411 2740; x_wconf 78' lang='lat' dir='ltr'><strong>Ver.</strong></span> <span class='ocrx_word' id='word_1_184' title='bbox 437 2689 514 2740; x_wconf 85' lang='lat' dir='ltr'><strong>nostri</strong></span> <span class='ocrx_word' id='word_1_185' title='bbox 536 2687 595 2738; x_wconf 88' lang='lat' dir='ltr'><strong>libri</strong></span> <span class='ocrx_word' id='word_1_186' title='bbox 613 2702 710 2741; x_wconf 87' lang='lat' dir='ltr'><strong>omnes.</strong></span> <span class='ocrx_word' id='word_1_187' title='bbox 757 2684 798 2738; x_wconf 76' lang='lat' dir='ltr'><strong>Ad</strong></span> <span class='ocrx_word' id='word_1_188' title='bbox 815 2702 873 2739; x_wconf 86' lang='lat' dir='ltr'><strong>roc.</strong></span> <span class='ocrx_word' id='word_1_189' title='bbox 895 2690 1105 2756; x_wconf 75' lang='lat' dir='ltr'><strong>discriminatia,</strong></span> <span class='ocrx_word' id='word_1_190' title='bbox 1133 2689 1203 2740; x_wconf 89' lang='lat' dir='ltr'><strong>cuius</strong></span> 
     </span>
     <span class='ocr_line' id='line_1_23' title="bbox 185 2773 1201 2842; baseline -0.001 -13"><span class='ocrx_word' id='word_1_191' title='bbox 185 2777 244 2831; x_wconf 92' lang='lat' dir='ltr'><strong>loco</strong></span> <span class='ocrx_word' id='word_1_192' title='bbox 266 2777 406 2830; x_wconf 78' lang='lat' dir='ltr'><strong>benevent.</strong></span> <span class='ocrx_word' id='word_1_193' title='bbox 432 2773 674 2842; x_wconf 70' lang='lat' dir='ltr'><strong>anacephaleon</strong></span> <span class='ocrx_word' id='word_1_194' title='bbox 696 2777 876 2839; x_wconf 75' lang='lat' dir='ltr'><strong>redimicula,</strong></span> <span class='ocrx_word' id='word_1_195' title='bbox 905 2774 964 2826; x_wconf 83' lang='lat' dir='ltr'><strong>edd.</strong></span> <span class='ocrx_word' id='word_1_196' title='bbox 984 2784 1046 2829; x_wconf 84' lang='lat' dir='ltr'><strong>vett.</strong></span> <span class='ocrx_word' id='word_1_197' title='bbox 1067 2784 1092 2828; x_wconf 87' lang='lat' dir='ltr'><strong>et</strong></span> <span class='ocrx_word' id='word_1_198' title='bbox 1111 2775 1201 2829; x_wconf 79' lang='lat' dir='ltr'><strong>Romb.</strong></span> 
     </span>
     <span class='ocr_line' id='line_1_24' title="bbox 184 2860 1202 2935; baseline -0.002 -17"><span class='ocrx_word' id='word_1_199' title='bbox 184 2865 281 2918; x_wconf 82' lang='lat' dir='ltr'><strong>Erasm.</strong></span> <span class='ocrx_word' id='word_1_200' title='bbox 299 2872 375 2935; x_wconf 89' lang='lat' dir='ltr'><strong>atque</strong></span> <span class='ocrx_word' id='word_1_201' title='bbox 388 2864 485 2915; x_wconf 88' lang='lat' dir='ltr'><strong>blorell.</strong></span> <span class='ocrx_word' id='word_1_202' title='bbox 504 2863 599 2914; x_wconf 88' lang='lat' dir='ltr'><strong>addunt</strong></span> <span class='ocrx_word' id='word_1_203' title='bbox 618 2873 642 2915; x_wconf 87' lang='lat' dir='ltr'><strong>ct</strong></span> <span class='ocrx_word' id='word_1_204' title='bbox 661 2865 804 2916; x_wconf 75' lang='lat' dir='ltr'><strong>dextralia.</strong></span> <span class='ocrx_word' id='word_1_205' title='bbox 840 2860 902 2913; x_wconf 87' lang='lat' dir='ltr'><strong>Tum</strong></span> <span class='ocrx_word' id='word_1_206' title='bbox 925 2867 1089 2918; x_wconf 76' lang='lat' dir='ltr'><strong>botronatum</strong></span> <span class='ocrx_word' id='word_1_207' title='bbox 1107 2880 1202 2932; x_wconf 88' lang='lat' dir='ltr'><strong>opera·</strong></span> 
     </span>
     <span class='ocr_line' id='line_1_25' title="bbox 185 2948 1203 3014; baseline -0.004 -8"><span class='ocrx_word' id='word_1_208' title='bbox 185 2971 239 3006; x_wconf 89' lang='lat' dir='ltr'><strong>rum</strong></span> <span class='ocrx_word' id='word_1_209' title='bbox 266 2953 340 3008; x_wconf 73' lang='lat' dir='ltr'><strong>vitio,</strong></span> <span class='ocrx_word' id='word_1_210' title='bbox 356 2951 414 3004; x_wconf 86' lang='lat' dir='ltr'><strong>edd.</strong></span> <span class='ocrx_word' id='word_1_211' title='bbox 443 2951 533 3004; x_wconf 81' lang='lat' dir='ltr'><strong>Venct</strong></span> <span class='ocrx_word' id='word_1_212' title='bbox 560 2952 583 3002; x_wconf 89' lang='lat' dir='ltr'><strong>l.</strong></span> <span class='ocrx_word' id='word_1_213' title='bbox 608 2951 633 3003; x_wconf 86' lang='lat'><strong>2.</strong></span> <span class='ocrx_word' id='word_1_214' title='bbox 663 2949 744 3002; x_wconf 84' lang='lat' dir='ltr'><strong>Kurra.</strong></span> <span class='ocrx_word' id='word_1_215' title='bbox 771 2948 875 3014; x_wconf 70' lang='lat' dir='ltr'><strong>tiemo,</strong></span> <span class='ocrx_word' id='word_1_216' title='bbox 909 2953 1083 3004; x_wconf 88' lang='lat' dir='ltr'><strong>botrionatum</strong></span> <span class='ocrx_word' id='word_1_217' title='bbox 1116 2951 1203 3003; x_wconf 87' lang='lat' dir='ltr'><strong>scribit</strong></span> 
     </span>
     <span class='ocr_line' id='line_1_26' title="bbox 184 3036 1199 3108; baseline -0.002 -14"><span class='ocrx_word' id='word_1_218' title='bbox 184 3041 214 3108; x_wconf 89' lang='lat' dir='ltr'><strong>B,</strong></span> <span class='ocrx_word' id='word_1_219' title='bbox 233 3046 400 3097; x_wconf 76' lang='lat' dir='ltr'><strong>botronatum</strong></span> <span class='ocrx_word' id='word_1_220' title='bbox 418 3038 473 3105; x_wconf 83' lang='lat' dir='ltr'><strong>lib,</strong></span> <span class='ocrx_word' id='word_1_221' title='bbox 493 3042 662 3103; x_wconf 83' lang='lat' dir='ltr'><strong>baccuaturu,</strong></span> <span class='ocrx_word' id='word_1_222' title='bbox 680 3037 773 3089; x_wconf 89' lang='lat' dir='ltr'><strong>deiude</strong></span> <span class='ocrx_word' id='word_1_223' title='bbox 792 3039 942 3090; x_wconf 68' lang='lat' dir='ltr'><strong>doctoralia</strong></span> <span class='ocrx_word' id='word_1_224' title='bbox 960 3036 991 3089; x_wconf 83' lang='grc' dir='ltr'><strong>Α.</strong></span> <span class='ocrx_word' id='word_1_225' title='bbox 1027 3037 1107 3106; x_wconf 87' lang='lat' dir='ltr'><strong>Supra</strong></span> <span class='ocrx_word' id='word_1_226' title='bbox 1127 3042 1199 3093; x_wconf 78' lang='lat' dir='ltr'><strong>alax-</strong></span> 
     </span>
     <span class='ocr_line' id='line_1_27' title="bbox 184 3123 1198 3194; baseline -0.006 -10"><span class='ocrx_word' id='word_1_227' title='bbox 184 3133 264 3184; x_wconf 82' lang='lat' dir='ltr'><strong>tratr&#39;a</strong></span> <span class='ocrx_word' id='word_1_228' title='bbox 282 3127 322 3180; x_wconf 85' lang='lat' dir='ltr'><strong>blo</strong></span> <span class='ocrx_word' id='word_1_229' title='bbox 341 3143 355 3178; x_wconf 82' lang='lat' dir='ltr'><strong>a</strong></span> <span class='ocrx_word' id='word_1_230' title='bbox 374 3143 394 3178; x_wconf 93' lang='lat' dir='ltr'><strong>r.</strong></span> <span class='ocrx_word' id='word_1_231' title='bbox 413 3141 446 3177; x_wconf 89' lang='lat' dir='ltr'><strong>nr.</strong></span> <span class='ocrx_word' id='word_1_232' title='bbox 464 3125 544 3177; x_wconf 83' lang='lat' dir='ltr'><strong>habet</strong></span> <span class='ocrx_word' id='word_1_233' title='bbox 560 3141 632 3178; x_wconf 84' lang='lat' dir='ltr'><strong>voco.</strong></span> <span class='ocrx_word' id='word_1_234' title='bbox 651 3127 759 3194; x_wconf 80' lang='lat' dir='ltr'><strong>specula</strong></span> <span class='ocrx_word' id='word_1_235' title='bbox 777 3133 815 3190; x_wconf 86' lang='lat' dir='ltr'><strong>at,</strong></span> <span class='ocrx_word' id='word_1_236' title='bbox 836 3131 863 3175; x_wconf 90' lang='lat' dir='ltr'><strong>ut</strong></span> <span class='ocrx_word' id='word_1_237' title='bbox 881 3131 940 3175; x_wconf 80' lang='lat' dir='ltr'><strong>ente</strong></span> <span class='ocrx_word' id='word_1_238' title='bbox 959 3123 1027 3176; x_wconf 86' lang='lat' dir='ltr'><strong>illam</strong></span> <span class='ocrx_word' id='word_1_239' title='bbox 1045 3140 1137 3177; x_wconf 86' lang='lat' dir='ltr'><strong>vocem</strong></span> <span class='ocrx_word' id='word_1_240' title='bbox 1155 3127 1198 3178; x_wconf 87' lang='lat' dir='ltr'><strong>in-</strong></span> 
     </span>
     <span class='ocr_line' id='line_1_28' title="bbox 184 3209 1200 3282; baseline -0.002 -13"><span class='ocrx_word' id='word_1_241' title='bbox 184 3216 298 3270; x_wconf 81' lang='lat' dir='ltr'><strong>serenda.</strong></span> <span class='ocrx_word' id='word_1_242' title='bbox 328 3213 377 3267; x_wconf 89' lang='lat' dir='ltr'><strong>Pro</strong></span> <span class='ocrx_word' id='word_1_243' title='bbox 390 3222 415 3266; x_wconf 88' lang='lat' dir='ltr'><strong>et</strong></span> <span class='ocrx_word' id='word_1_244' title='bbox 427 3217 560 3268; x_wconf 75' lang='lat' dir='ltr'><strong>dante-alia</strong></span> <span class='ocrx_word' id='word_1_245' title='bbox 573 3212 621 3281; x_wconf 83' lang='lat' dir='ltr'><strong>(ita</strong></span> <span class='ocrx_word' id='word_1_246' title='bbox 634 3214 709 3265; x_wconf 83' lang='lat' dir='ltr'><strong>etiem</strong></span> <span class='ocrx_word' id='word_1_247' title='bbox 719 3211 777 3264; x_wconf 79' lang='lat' dir='ltr'><strong>Ver.</strong></span> <span class='ocrx_word' id='word_1_248' title='bbox 792 3219 818 3263; x_wconf 90' lang='lat' dir='ltr'><strong>et</strong></span> <span class='ocrx_word' id='word_1_249' title='bbox 828 3209 922 3279; x_wconf 84' lang='lat' dir='ltr'><strong>Ncep.)</strong></span> <span class='ocrx_word' id='word_1_250' title='bbox 936 3211 1081 3266; x_wconf 80' lang='lat' dir='ltr'><strong>Manutiena</strong></span> <span class='ocrx_word' id='word_1_251' title='bbox 1093 3214 1200 3282; x_wconf 87' lang='lat' dir='ltr'><strong>praebet</strong></span> 
     </span>
     <span class='ocr_line' id='line_1_29' title="bbox 184 3289 1200 3375; baseline -0.006 -15"><span class='ocrx_word' id='word_1_252' title='bbox 184 3315 209 3360; x_wconf 90' lang='lat' dir='ltr'><strong>et</strong></span> <span class='ocrx_word' id='word_1_253' title='bbox 225 3307 347 3375; x_wconf 84' lang='lat' dir='ltr'><strong>specula,</strong></span> <span class='ocrx_word' id='word_1_254' title='bbox 373 3310 401 3353; x_wconf 90' lang='lat' dir='ltr'><strong>ut</strong></span> <span class='ocrx_word' id='word_1_255' title='bbox 423 3301 518 3371; x_wconf 80' lang='lat' dir='ltr'><strong>legitur</strong></span> <span class='ocrx_word' id='word_1_256' title='bbox 541 3303 565 3352; x_wconf 90' lang='lat' dir='ltr'><strong>in</strong></span> <span class='ocrx_word' id='word_1_257' title='bbox 588 3301 646 3354; x_wconf 86' lang='lat' dir='ltr'><strong>edd.</strong></span> <span class='ocrx_word' id='word_1_258' title='bbox 665 3310 744 3367; x_wconf 80' lang='lat' dir='ltr'><strong>vett,</strong></span> <span class='ocrx_word' id='word_1_259' title='bbox 769 3301 830 3352; x_wconf 87' lang='lat' dir='ltr'><strong>item</strong></span> <span class='ocrx_word' id='word_1_260' title='bbox 854 3301 878 3350; x_wconf 87' lang='lat' dir='ltr'><strong>iu</strong></span> <span class='ocrx_word' id='word_1_261' title='bbox 897 3289 1104 3354; x_wconf 64' lang='lat' dir='ltr'><strong>llemeErasm.</strong></span> <span class='ocrx_word' id='word_1_262' title='bbox 1125 3299 1200 3354; x_wconf 81' lang='lat' dir='ltr'><strong>Grau.</strong></span> 
     </span>
     <span class='ocr_line' id='line_1_30' title="bbox 185 3385 1200 3456; baseline 0 -14"><span class='ocrx_word' id='word_1_263' title='bbox 185 3391 281 3444; x_wconf 87' lang='lat' dir='ltr'><strong>blorell.</strong></span> <span class='ocrx_word' id='word_1_264' title='bbox 312 3389 400 3443; x_wconf 76' lang='lat' dir='ltr'><strong>Statim</strong></span> <span class='ocrx_word' id='word_1_265' title='bbox 418 3399 442 3443; x_wconf 88' lang='lat' dir='ltr'><strong>at</strong></span> <span class='ocrx_word' id='word_1_266' title='bbox 460 3393 555 3443; x_wconf 78' lang='lat' dir='ltr'><strong>anulos</strong></span> <span class='ocrx_word' id='word_1_267' title='bbox 573 3388 605 3440; x_wconf 84' lang='lat' dir='ltr'><strong>al.</strong></span> <span class='ocrx_word' id='word_1_268' title='bbox 618 3406 649 3442; x_wconf 91' lang='lat' dir='ltr'><strong>m.</strong></span> <span class='ocrx_word' id='word_1_269' title='bbox 668 3389 848 3456; x_wconf 71' lang='lat' dir='ltr'><strong>superscripsit</strong></span> <span class='ocrx_word' id='word_1_270' title='bbox 862 3389 887 3440; x_wconf 91' lang='lat' dir='ltr'><strong>in</strong></span> <span class='ocrx_word' id='word_1_271' title='bbox 897 3386 939 3439; x_wconf 87' lang='lat' dir='ltr'><strong>W.</strong></span> <span class='ocrx_word' id='word_1_272' title='bbox 968 3385 1086 3442; x_wconf 83' lang='lat' dir='ltr'><strong>Ceterum</strong></span> <span class='ocrx_word' id='word_1_273' title='bbox 1105 3393 1200 3446; x_wconf 79' lang='lat' dir='ltr'><strong>anulos</strong></span> 
     </span>
     <span class='ocr_line' id='line_1_31' title="bbox 186 3473 1199 3546; baseline -0.002 -19"><span class='ocrx_word' id='word_1_274' title='bbox 186 3476 247 3528; x_wconf 88' lang='lat' dir='ltr'><strong>dent</strong></span> <span class='ocrx_word' id='word_1_275' title='bbox 264 3479 340 3528; x_wconf 80' lang='lat' dir='ltr'><strong>etiam</strong></span> <span class='ocrx_word' id='word_1_276' title='bbox 352 3475 436 3542; x_wconf 80' lang='lat' dir='ltr'><strong>liabd,</strong></span> <span class='ocrx_word' id='word_1_277' title='bbox 456 3480 570 3530; x_wconf 73' lang='lat' dir='ltr'><strong>muratos</strong></span> <span class='ocrx_word' id='word_1_278' title='bbox 588 3475 653 3541; x_wconf 87' lang='lat' dir='ltr'><strong>rell,</strong></span> <span class='ocrx_word' id='word_1_279' title='bbox 671 3484 698 3528; x_wconf 89' lang='lat' dir='ltr'><strong>ut</strong></span> <span class='ocrx_word' id='word_1_280' title='bbox 716 3476 785 3527; x_wconf 90' lang='lat' dir='ltr'><strong>editi.</strong></span> <span class='ocrx_word' id='word_1_281' title='bbox 818 3473 858 3526; x_wconf 88' lang='lat' dir='ltr'><strong>Do</strong></span> <span class='ocrx_word' id='word_1_282' title='bbox 877 3483 983 3546; x_wconf 85' lang='lat' dir='ltr'><strong>utreque</strong></span> <span class='ocrx_word' id='word_1_283' title='bbox 1002 3479 1125 3544; x_wconf 84' lang='lat' dir='ltr'><strong>scriptura</strong></span> <span class='ocrx_word' id='word_1_284' title='bbox 1145 3474 1199 3526; x_wconf 84' lang='lat' dir='ltr'><strong>vid.</strong></span> 
     </span>
     <span class='ocr_line' id='line_1_32' title="bbox 187 3559 1197 3627; baseline 0.001 -14"><span class='ocrx_word' id='word_1_285' title='bbox 187 3559 215 3616; x_wconf 79' lang='grc' dir='ltr'><strong>Ο.</strong></span> <span class='ocrx_word' id='word_1_286' title='bbox 234 3563 260 3614; x_wconf 88' lang='lat' dir='ltr'><strong>b.</strong></span> <span class='ocrx_word' id='word_1_287' title='bbox 286 3562 501 3616; x_wconf 87' lang='lat' dir='ltr'><strong>Schneider.</strong></span> <span class='ocrx_word' id='word_1_288' title='bbox 520 3564 546 3614; x_wconf 87' lang='lat' dir='ltr'><strong>iu</strong></span> <span class='ocrx_word' id='word_1_289' title='bbox 570 3561 651 3627; x_wconf 85' lang='lat' dir='ltr'><strong>libro,</strong></span> <span class='ocrx_word' id='word_1_290' title='bbox 680 3563 720 3614; x_wconf 90' lang='lat' dir='ltr'><strong>cui</strong></span> <span class='ocrx_word' id='word_1_291' title='bbox 745 3562 831 3615; x_wconf 87' lang='lat' dir='ltr'><strong>titulus</strong></span> <span class='ocrx_word' id='word_1_292' title='bbox 856 3571 910 3615; x_wconf 85' lang='lat' dir='ltr'><strong>est:</strong></span> <span class='ocrx_word' id='word_1_293' title='bbox 936 3561 1062 3618; x_wconf 78' lang='lat' dir='ltr'><strong>Auslbhrl.</strong></span> <span class='ocrx_word' id='word_1_294' title='bbox 1083 3563 1197 3614; x_wconf 81' lang='lat' dir='ltr'><strong>verbera.</strong></span> 
     </span>
     <span class='ocr_line' id='line_1_33' title="bbox 186 3647 1200 3721; baseline 0 -20"><span class='ocrx_word' id='word_1_295' title='bbox 186 3647 319 3702; x_wconf 82' lang='lat' dir='ltr'><strong>Grcmmet.</strong></span> <span class='ocrx_word' id='word_1_296' title='bbox 339 3649 362 3702; x_wconf 80' lang='lat' dir='ltr'><strong>(l.</strong></span> <span class='ocrx_word' id='word_1_297' title='bbox 386 3649 429 3703; x_wconf 85' lang='lat' dir='ltr'><strong>lat.</strong></span> <span class='ocrx_word' id='word_1_298' title='bbox 454 3649 496 3720; x_wconf 80' lang='lat' dir='ltr'><strong>sp.</strong></span> <span class='ocrx_word' id='word_1_299' title='bbox 514 3649 541 3703; x_wconf 77' lang='lat' dir='ltr'><strong>t.</strong></span> <span class='ocrx_word' id='word_1_300' title='bbox 562 3650 585 3702; x_wconf 88' lang='lat'><strong>1.</strong></span> <span class='ocrx_word' id='word_1_301' title='bbox 604 3649 630 3702; x_wconf 89' lang='lat' dir='ltr'><strong>T.</strong></span> <span class='ocrx_word' id='word_1_302' title='bbox 650 3649 681 3701; x_wconf 90' lang='lat' dir='ltr'><strong>ll.</strong></span> <span class='ocrx_word' id='word_1_303' title='bbox 698 3667 724 3718; x_wconf 94' lang='lat' dir='ltr'><strong>p.</strong></span> <span class='ocrx_word' id='word_1_304' title='bbox 741 3649 802 3718; x_wconf 82' lang='grc' dir='ltr'><strong>Ι422.</strong></span> <span class='ocrx_word' id='word_1_305' title='bbox 844 3649 904 3721; x_wconf 87' lang='lat' dir='ltr'><strong>Seq.</strong></span> <span class='ocrx_word' id='word_1_306' title='bbox 929 3659 952 3704; x_wconf 90' lang='lat' dir='ltr'><strong>et</strong></span> <span class='ocrx_word' id='word_1_307' title='bbox 977 3651 1027 3702; x_wconf 77' lang='lat' dir='ltr'><strong>oin.</strong></span> <span class='ocrx_word' id='word_1_308' title='bbox 1045 3649 1076 3700; x_wconf 82' lang='lat' dir='ltr'><strong>ll.</strong></span> <span class='ocrx_word' id='word_1_309' title='bbox 1121 3647 1200 3701; x_wconf 86' lang='lat' dir='ltr'><strong>Peulo</strong></span> 
     </span>
     <span class='ocr_line' id='line_1_34' title="bbox 183 3733 1199 3806; baseline -0.004 -17"><span class='ocrx_word' id='word_1_310' title='bbox 183 3745 243 3806; x_wconf 87' lang='lat' dir='ltr'><strong>post</strong></span> <span class='ocrx_word' id='word_1_311' title='bbox 260 3739 391 3791; x_wconf 82' lang='lat' dir='ltr'><strong>biacirtato</strong></span> <span class='ocrx_word' id='word_1_312' title='bbox 409 3735 448 3803; x_wconf 79' lang='lat' dir='ltr'><strong>A,</strong></span> <span class='ocrx_word' id='word_1_313' title='bbox 473 3740 586 3791; x_wconf 85' lang='lat' dir='ltr'><strong>iacincto</strong></span> <span class='ocrx_word' id='word_1_314' title='bbox 604 3734 625 3786; x_wconf 88' lang='lat' dir='ltr'>B</span> <span class='ocrx_word' id='word_1_315' title='bbox 644 3744 671 3787; x_wconf 89' lang='lat' dir='ltr'><strong>et</strong></span> <span class='ocrx_word' id='word_1_316' title='bbox 689 3735 731 3788; x_wconf 85' lang='lat' dir='ltr'><strong>Md</strong></span> <span class='ocrx_word' id='word_1_317' title='bbox 750 3753 772 3790; x_wconf 90' lang='lat' dir='ltr'><strong>c.</strong></span> <span class='ocrx_word' id='word_1_318' title='bbox 791 3736 833 3788; x_wconf 85' lang='lat' dir='ltr'><strong>eb.</strong></span> <span class='ocrx_word' id='word_1_319' title='bbox 851 3735 987 3802; x_wconf 81' lang='lat' dir='ltr'><strong>Deventr.,</strong></span> <span class='ocrx_word' id='word_1_320' title='bbox 1010 3739 1140 3791; x_wconf 83' lang='lat' dir='ltr'><strong>iaciuotbo</strong></span> <span class='ocrx_word' id='word_1_321' title='bbox 1158 3733 1199 3802; x_wconf 83' lang='lat' dir='ltr'><strong>W,</strong></span> 
     </span>
     <span class='ocr_line' id='line_1_35' title="bbox 183 3822 1199 3894; baseline -0.003 -13"><span class='ocrx_word' id='word_1_322' title='bbox 183 3829 300 3881; x_wconf 87' lang='lat' dir='ltr'><strong>iacintbo</strong></span> <span class='ocrx_word' id='word_1_323' title='bbox 319 3823 392 3890; x_wconf 86' lang='lat' dir='ltr'><strong>lllbc,</strong></span> <span class='ocrx_word' id='word_1_324' title='bbox 416 3828 538 3893; x_wconf 78' lang='lat' dir='ltr'><strong>pacintbo</strong></span> <span class='ocrx_word' id='word_1_325' title='bbox 557 3823 604 3876; x_wconf 89' lang='lat' dir='ltr'><strong>lla.</strong></span> <span class='ocrx_word' id='word_1_326' title='bbox 641 3822 726 3875; x_wconf 81' lang='lat' dir='ltr'><strong>Verba</strong></span> <span class='ocrx_word' id='word_1_327' title='bbox 751 3833 776 3878; x_wconf 79' lang='lat' dir='ltr'><strong>et</strong></span> <span class='ocrx_word' id='word_1_328' title='bbox 798 3828 880 3894; x_wconf 76' lang='lat' dir='ltr'><strong>bysso</strong></span> <span class='ocrx_word' id='word_1_329' title='bbox 906 3833 972 3878; x_wconf 90' lang='lat' dir='ltr'><strong>torto</strong></span> <span class='ocrx_word' id='word_1_330' title='bbox 991 3834 1015 3877; x_wconf 86' lang='lat' dir='ltr'><strong>at</strong></span> <span class='ocrx_word' id='word_1_331' title='bbox 1036 3840 1113 3877; x_wconf 85' lang='lat' dir='ltr'><strong>cocco</strong></span> <span class='ocrx_word' id='word_1_332' title='bbox 1130 3831 1199 3890; x_wconf 82' lang='lat' dir='ltr'><strong>nato,</strong></span> 
     </span>
     <span class='ocr_line' id='line_1_36' title="bbox 183 3909 1198 3986; baseline -0.002 -22"><span class='ocrx_word' id='word_1_333' title='bbox 183 3919 250 3982; x_wconf 82' lang='lat' dir='ltr'><strong>queo</strong></span> <span class='ocrx_word' id='word_1_334' title='bbox 267 3921 327 3981; x_wconf 87' lang='lat' dir='ltr'><strong>post</strong></span> <span class='ocrx_word' id='word_1_335' title='bbox 351 3915 491 3982; x_wconf 58' lang='lat' dir='ltr'><strong>Qucuttba</strong></span> <span class='ocrx_word' id='word_1_336' title='bbox 519 3911 614 3964; x_wconf 85' lang='lat' dir='ltr'><strong>adiecit</strong></span> <span class='ocrx_word' id='word_1_337' title='bbox 639 3910 723 3963; x_wconf 86' lang='lat' dir='ltr'><strong>editor</strong></span> <span class='ocrx_word' id='word_1_338' title='bbox 740 3909 915 3986; x_wconf 76' lang='lat' dir='ltr'><strong>Manutiaupc,</strong></span> <span class='ocrx_word' id='word_1_339' title='bbox 941 3926 1025 3979; x_wconf 87' lang='lat' dir='ltr'><strong>neque</strong></span> <span class='ocrx_word' id='word_1_340' title='bbox 1052 3911 1078 3960; x_wconf 91' lang='lat' dir='ltr'><strong>iu</strong></span> <span class='ocrx_word' id='word_1_341' title='bbox 1105 3911 1198 3964; x_wconf 84' lang='lat' dir='ltr'><strong>uostris</strong></span> 
     </span>
     <span class='ocr_line' id='line_1_37' title="bbox 184 3997 806 4069; baseline -0.002 -18"><span class='ocrx_word' id='word_1_342' title='bbox 184 3999 258 4054; x_wconf 84' lang='lat' dir='ltr'><strong>codd.</strong></span> <span class='ocrx_word' id='word_1_343' title='bbox 276 4002 446 4069; x_wconf 83' lang='lat' dir='ltr'><strong>reperiuntur,</strong></span> <span class='ocrx_word' id='word_1_344' title='bbox 465 4014 550 4069; x_wconf 86' lang='lat' dir='ltr'><strong>neque</strong></span> <span class='ocrx_word' id='word_1_345' title='bbox 567 4001 593 4051; x_wconf 86' lang='lat' dir='ltr'><strong>in</strong></span> <span class='ocrx_word' id='word_1_346' title='bbox 612 4007 731 4068; x_wconf 88' lang='lat' dir='ltr'><strong>quattuor</strong></span> <span class='ocrx_word' id='word_1_347' title='bbox 748 3997 806 4051; x_wconf 71' lang='lat' dir='ltr'><strong>lat.</strong></span> 
     </span>
    </p>
   </div>
   <div class='ocr_carea' id='block_1_6' title="bbox 0 0 1444 4696">
    <p class='ocr_par' dir='ltr' id='par_1_6' title="bbox 0 0 1444 4696">
     <span class='ocr_line' id='line_1_38' title="bbox 0 0 1444 4696; baseline 0 2"><span class='ocrx_word' id='word_1_348' title='bbox 0 0 1444 4696; x_wconf 95' lang='lat' dir='ltr'><strong> </strong></span> 
     </span>
    </p>
   </div>
  </div>
 </body>
</html>
