<?xml version="1.0" encoding="UTF-8"?>
<!DOCTYPE html PUBLIC "-//W3C//DTD XHTML 1.0 Transitional//EN"
    "http://www.w3.org/TR/xhtml1/DTD/xhtml1-transitional.dtd">
<html xmlns="http://www.w3.org/1999/xhtml" xml:lang="en" lang="en">
 <head>
  <title>
</title>
<meta http-equiv="Content-Type" content="text/html;charset=utf-8" />
  <meta name='ocr-system' content='tesseract 3.04.00' />
  <meta name='ocr-capabilities' content='ocr_page ocr_carea ocr_par ocr_line ocrx_word'/>
</head>
<body>
  <div class='ocr_page' id='page_1' title='image "./libridecatholic00krabgoog_0389.png"; bbox 0 0 2858 4688; ppageno 0'>
   <div class='ocr_carea' id='block_1_1' title="bbox 731 395 793 462">
    <p class='ocr_par' dir='ltr' id='par_1_1' title="bbox 731 395 793 462">
     <span class='ocr_line' id='line_1_1' title="bbox 731 395 793 462; baseline 0 0"><span class='ocrx_word' id='word_1_1' title='bbox 731 395 793 462; x_wconf 75' lang='grc'><strong>176</strong></span> 
     </span>
    </p>
   </div>
   <div class='ocr_carea' id='block_1_2' title="bbox 251 552 1272 1653">
    <p class='ocr_par' dir='ltr' id='par_1_2' title="bbox 251 552 1272 1653">
     <span class='ocr_line' id='line_1_2' title="bbox 253 552 1270 638; baseline -0.004 -18"><span class='ocrx_word' id='word_1_2' title='bbox 253 563 371 620; x_wconf 88' lang='lat' dir='ltr'><strong>terrena</strong></span> <span class='ocrx_word' id='word_1_3' title='bbox 395 556 542 638; x_wconf 85' lang='lat' dir='ltr'><strong>captivum</strong></span> <span class='ocrx_word' id='word_1_4' title='bbox 566 571 675 637; x_wconf 85' lang='lat' dir='ltr'><strong>corpus</strong></span> <span class='ocrx_word' id='word_1_5' title='bbox 699 553 863 618; x_wconf 85' lang='lat' dir='ltr'><strong>incurvas?</strong></span> <span class='ocrx_word' id='word_1_6' title='bbox 907 552 1031 617; x_wconf 85' lang='lat' dir='ltr'><strong>Rectum</strong></span> <span class='ocrx_word' id='word_1_7' title='bbox 1052 561 1082 617; x_wconf 91' lang='lat' dir='ltr'><strong>te</strong></span> <span class='ocrx_word' id='word_1_8' title='bbox 1099 554 1173 618; x_wconf 90' lang='lat' dir='ltr'><strong>deus</strong></span> <span class='ocrx_word' id='word_1_9' title='bbox 1190 552 1270 632; x_wconf 80' lang='lat' dir='ltr'><strong>iecit,</strong></span> 
     </span>
     <span class='ocr_line' id='line_1_3' title="bbox 251 667 1271 752; baseline -0.001 -19"><span class='ocrx_word' id='word_1_10' title='bbox 251 677 369 733; x_wconf 91' lang='lat' dir='ltr'><strong>etcum</strong></span> <span class='ocrx_word' id='word_1_11' title='bbox 394 677 492 734; x_wconf 90' lang='lat' dir='ltr'><strong>cetera</strong></span> <span class='ocrx_word' id='word_1_12' title='bbox 508 669 650 734; x_wconf 82' lang='lat' dir='ltr'><strong>‚animalia</strong></span> <span class='ocrx_word' id='word_1_13' title='bbox 677 683 771 750; x_wconf 92' lang='lat' dir='ltr'><strong>prona</strong></span> <span class='ocrx_word' id='word_1_14' title='bbox 797 667 884 730; x_wconf 91' lang='lat' dir='ltr'><strong>etad</strong></span> <span class='ocrx_word' id='word_1_15' title='bbox 909 675 1018 731; x_wconf 87' lang='lat' dir='ltr'><strong>terram</strong></span> <span class='ocrx_word' id='word_1_16' title='bbox 1042 669 1098 732; x_wconf 90' lang='lat' dir='ltr'><strong>situ</strong></span> <span class='ocrx_word' id='word_1_17' title='bbox 1121 675 1271 752; x_wconf 78' lang='lat' dir='ltr'><strong>vergente</strong></span> 
     </span>
     <span class='ocr_line' id='line_1_4' title="bbox 252 778 1271 864; baseline 0 -20"><span class='ocrx_word' id='word_1_18' title='bbox 252 781 394 864; x_wconf 90' lang='lat' dir='ltr'><strong>depressa</strong></span> <span class='ocrx_word' id='word_1_19' title='bbox 418 782 474 844; x_wconf 89' lang='lat' dir='ltr'><strong>sint</strong></span> <span class='ocrx_word' id='word_1_20' title='bbox 491 778 536 860; x_wconf 81' lang='lat'><strong>⁶),</strong></span> <span class='ocrx_word' id='word_1_21' title='bbox 568 781 620 844; x_wconf 90' lang='lat' dir='ltr'><strong>tibi</strong></span> <span class='ocrx_word' id='word_1_22' title='bbox 649 780 780 843; x_wconf 85' lang='lat' dir='ltr'><strong>sublimis</strong></span> <span class='ocrx_word' id='word_1_23' title='bbox 811 785 902 842; x_wconf 81' lang='lat' dir='ltr'><strong>satus</strong></span> <span class='ocrx_word' id='word_1_24' title='bbox 931 779 1019 842; x_wconf 89' lang='lat' dir='ltr'><strong>etad</strong></span> <span class='ocrx_word' id='word_1_25' title='bbox 1044 781 1156 844; x_wconf 89' lang='lat' dir='ltr'><strong>eaelum</strong></span> <span class='ocrx_word' id='word_1_26' title='bbox 1181 788 1271 862; x_wconf 86' lang='lat' dir='ltr'><strong>atque</strong></span> 
     </span>
     <span class='ocr_line' id='line_1_5' title="bbox 251 885 1271 973; baseline 0 -16"><span class='ocrx_word' id='word_1_27' title='bbox 251 894 287 957; x_wconf 88' lang='lat' dir='ltr'><strong>ad</strong></span> <span class='ocrx_word' id='word_1_28' title='bbox 314 895 401 958; x_wconf 89' lang='lat' dir='ltr'><strong>deum</strong></span> <span class='ocrx_word' id='word_1_29' title='bbox 432 913 549 958; x_wconf 84' lang='lat' dir='ltr'><strong>sursunt</strong></span> <span class='ocrx_word' id='word_1_30' title='bbox 578 885 676 956; x_wconf 85' lang='lat' dir='ltr'><strong>vuitus</strong></span> <span class='ocrx_word' id='word_1_31' title='bbox 699 899 819 956; x_wconf 89' lang='lat' dir='ltr'><strong>erectus</strong></span> <span class='ocrx_word' id='word_1_32' title='bbox 842 899 896 956; x_wconf 88' lang='lat' dir='ltr'><strong>est.</strong></span> <span class='ocrx_word' id='word_1_33' title='bbox 941 893 1012 956; x_wconf 87' lang='lat' dir='ltr'><strong>illuc</strong></span> <span class='ocrx_word' id='word_1_34' title='bbox 1033 895 1169 973; x_wconf 91' lang='lat' dir='ltr'><strong>intuere,</strong></span> <span class='ocrx_word' id='word_1_35' title='bbox 1201 893 1271 958; x_wconf 90' lang='lat' dir='ltr'><strong>iiiuc</strong></span> 
     </span>
     <span class='ocr_line' id='line_1_6' title="bbox 252 988 1272 1088; baseline -0.002 -16"><span class='ocrx_word' id='word_1_36' title='bbox 252 1008 357 1072; x_wconf 84' lang='lat' dir='ltr'><strong>oculos</strong></span> <span class='ocrx_word' id='word_1_37' title='bbox 381 1017 448 1072; x_wconf 88' lang='lat' dir='ltr'><strong>tuos</strong></span> <span class='ocrx_word' id='word_1_38' title='bbox 473 1007 567 1088; x_wconf 77' lang='lat' dir='ltr'><strong>erige,</strong></span> <span class='ocrx_word' id='word_1_39' title='bbox 583 988 625 1068; x_wconf 58' lang='lat' dir='ltr'><strong>&#39;in</strong></span> <span class='ocrx_word' id='word_1_40' title='bbox 645 1008 783 1088; x_wconf 89' lang='lat' dir='ltr'><strong>supernis</strong></span> <span class='ocrx_word' id='word_1_41' title='bbox 806 1005 893 1070; x_wconf 88' lang='lat' dir='ltr'><strong>deum</strong></span> <span class='ocrx_word' id='word_1_42' title='bbox 915 1025 1036 1087; x_wconf 86' lang='lat' dir='ltr'><strong>quaere.</strong></span> <span class='ocrx_word' id='word_1_43' title='bbox 1075 1007 1112 1070; x_wconf 88' lang='lat' dir='ltr'><strong>Ut</strong></span> <span class='ocrx_word' id='word_1_44' title='bbox 1128 1001 1272 1084; x_wconf 75' lang='lat' dir='ltr'><strong>carere⁷)</strong></span> 
     </span>
     <span class='ocr_line' id='line_1_7' title="bbox 252 1119 1270 1201; baseline 0 -19"><span class='ocrx_word' id='word_1_45' title='bbox 252 1120 358 1184; x_wconf 87' lang='lat' dir='ltr'><strong>inieris</strong></span> <span class='ocrx_word' id='word_1_46' title='bbox 381 1121 490 1201; x_wconf 89' lang='lat' dir='ltr'><strong>possis,</strong></span> <span class='ocrx_word' id='word_1_47' title='bbox 514 1119 550 1182; x_wconf 88' lang='lat' dir='ltr'><strong>ad</strong></span> <span class='ocrx_word' id='word_1_48' title='bbox 571 1119 627 1182; x_wconf 83' lang='lat' dir='ltr'><strong>utta</strong></span> <span class='ocrx_word' id='word_1_49' title='bbox 645 1125 675 1180; x_wconf 91' lang='lat' dir='ltr'><strong>et</strong></span> <span class='ocrx_word' id='word_1_50' title='bbox 690 1119 829 1182; x_wconf 86' lang='lat' dir='ltr'><strong>caelestia</strong></span> <span class='ocrx_word' id='word_1_51' title='bbox 845 1136 1022 1200; x_wconf 88' lang='lat' dir='ltr'><strong>suspensum</strong></span> <span class='ocrx_word' id='word_1_52' title='bbox 1039 1128 1145 1200; x_wconf 84' lang='lat' dir='ltr'><strong>pectus</strong></span> <span class='ocrx_word' id='word_1_53' title='bbox 1160 1119 1270 1182; x_wconf 87' lang='lat' dir='ltr'><strong>attolle.</strong></span> 
     </span>
     <span class='ocr_line' id='line_1_8' title="bbox 252 1231 1271 1313; baseline 0 -19"><span class='ocrx_word' id='word_1_54' title='bbox 252 1231 329 1308; x_wconf 80' lang='lat' dir='ltr'><strong>Quid</strong></span> <span class='ocrx_word' id='word_1_55' title='bbox 353 1239 384 1296; x_wconf 90' lang='lat' dir='ltr'><strong>te</strong></span> <span class='ocrx_word' id='word_1_56' title='bbox 406 1232 565 1313; x_wconf 86' lang='lat' dir='ltr'><strong>inlapsum</strong></span> <span class='ocrx_word' id='word_1_57' title='bbox 582 1231 685 1294; x_wconf 86' lang='lat' dir='ltr'><strong>mortis</strong></span> <span class='ocrx_word' id='word_1_58' title='bbox 702 1248 767 1292; x_wconf 78' lang='lat' dir='ltr'><strong>cuna</strong></span> <span class='ocrx_word' id='word_1_59' title='bbox 783 1236 923 1312; x_wconf 73' lang='lat' dir='ltr'>serpente</span> <span class='ocrx_word' id='word_1_60' title='bbox 939 1249 1027 1311; x_wconf 83' lang='lat' dir='ltr'><strong>quern</strong></span> <span class='ocrx_word' id='word_1_61' title='bbox 1045 1233 1120 1294; x_wconf 88' lang='lat' dir='ltr'><strong>colis</strong></span> <span class='ocrx_word' id='word_1_62' title='bbox 1135 1232 1271 1296; x_wconf 82' lang='lat' dir='ltr'><strong>sternis?</strong></span> 
     </span>
     <span class='ocr_line' id='line_1_9' title="bbox 252 1327 1272 1429; baseline 0.001 -22"><span class='ocrx_word' id='word_1_63' title='bbox 252 1327 329 1420; x_wconf 84' lang='lat' dir='ltr'><strong>Ouid</strong></span> <span class='ocrx_word' id='word_1_64' title='bbox 359 1347 389 1408; x_wconf 93' lang='lat' dir='ltr'><strong>in</strong></span> <span class='ocrx_word' id='word_1_65' title='bbox 419 1346 534 1408; x_wconf 81' lang='lat' dir='ltr'><strong>ruinam</strong></span> <span class='ocrx_word' id='word_1_66' title='bbox 550 1339 577 1418; x_wconf 79' lang='lat'><strong>⁸)</strong></span> <span class='ocrx_word' id='word_1_67' title='bbox 606 1343 714 1406; x_wconf 87' lang='lat' dir='ltr'><strong>diaboii</strong></span> <span class='ocrx_word' id='word_1_68' title='bbox 736 1361 791 1424; x_wconf 90' lang='lat' dir='ltr'><strong>per</strong></span> <span class='ocrx_word' id='word_1_69' title='bbox 814 1345 908 1426; x_wconf 87' lang='lat' dir='ltr'><strong>ipsum</strong></span> <span class='ocrx_word' id='word_1_70' title='bbox 932 1350 961 1406; x_wconf 94' lang='lat' dir='ltr'><strong>et</strong></span> <span class='ocrx_word' id='word_1_71' title='bbox 985 1364 1050 1407; x_wconf 86' lang='lat' dir='ltr'><strong>cum</strong></span> <span class='ocrx_word' id='word_1_72' title='bbox 1073 1346 1140 1429; x_wconf 92' lang='lat' dir='ltr'><strong>ipsc</strong></span> <span class='ocrx_word' id='word_1_73' title='bbox 1163 1346 1272 1408; x_wconf 84' lang='lat' dir='ltr'><strong>cadis?</strong></span> 
     </span>
     <span class='ocr_line' id='line_1_10' title="bbox 252 1439 1270 1540; baseline -0.002 -16"><span class='ocrx_word' id='word_1_74' title='bbox 252 1459 463 1525; x_wconf 81' lang='lat' dir='ltr'><strong>Sublimitatero</strong></span> <span class='ocrx_word' id='word_1_75' title='bbox 487 1475 585 1536; x_wconf 83' lang='lat' dir='ltr'><strong>serva,</strong></span> <span class='ocrx_word' id='word_1_76' title='bbox 609 1476 667 1538; x_wconf 89' lang='lat' dir='ltr'><strong>qua</strong></span> <span class='ocrx_word' id='word_1_77' title='bbox 690 1464 777 1520; x_wconf 83' lang='lat' dir='ltr'><strong>natus</strong></span> <span class='ocrx_word' id='word_1_78' title='bbox 794 1475 827 1520; x_wconf 88' lang='lat' dir='ltr'><strong>es</strong></span> <span class='ocrx_word' id='word_1_79' title='bbox 838 1451 873 1533; x_wconf 72' lang='grc'><strong>9).</strong></span> <span class='ocrx_word' id='word_1_80' title='bbox 911 1457 1076 1522; x_wconf 76' lang='lat' dir='ltr'><strong>Persevera</strong></span> <span class='ocrx_word' id='word_1_81' title='bbox 1092 1439 1158 1524; x_wconf 73' lang='lat' dir='ltr'><strong>talis</strong></span> <span class='ocrx_word' id='word_1_82' title='bbox 1175 1459 1270 1540; x_wconf 88' lang='lat' dir='ltr'><strong>quatis</strong></span> 
     </span>
     <span class='ocr_line' id='line_1_11' title="bbox 252 1565 1270 1653; baseline 0.002 -20"><span class='ocrx_word' id='word_1_83' title='bbox 252 1591 269 1634; x_wconf 98' lang='lat' dir='ltr'><strong>a</strong></span> <span class='ocrx_word' id='word_1_84' title='bbox 293 1571 350 1633; x_wconf 88' lang='lat' dir='ltr'><strong>deo</strong></span> <span class='ocrx_word' id='word_1_85' title='bbox 375 1570 469 1633; x_wconf 88' lang='lat' dir='ltr'><strong>iactos</strong></span> <span class='ocrx_word' id='word_1_86' title='bbox 493 1587 526 1632; x_wconf 87' lang='lat' dir='ltr'><strong>es</strong></span> <span class='ocrx_word' id='word_1_87' title='bbox 548 1565 596 1644; x_wconf 79' lang='lat'><strong>¹⁰).</strong></span> <span class='ocrx_word' id='word_1_88' title='bbox 642 1567 714 1631; x_wconf 82' lang='lat' dir='ltr'><strong>Cum</strong></span> <span class='ocrx_word' id='word_1_89' title='bbox 737 1575 815 1632; x_wconf 87' lang='lat' dir='ltr'><strong>statu</strong></span> <span class='ocrx_word' id='word_1_90' title='bbox 838 1570 900 1632; x_wconf 89' lang='lat' dir='ltr'><strong>oris</strong></span> <span class='ocrx_word' id='word_1_91' title='bbox 923 1575 953 1632; x_wconf 86' lang='lat' dir='ltr'><strong>et</strong></span> <span class='ocrx_word' id='word_1_92' title='bbox 976 1571 1113 1653; x_wconf 87' lang='lat' dir='ltr'><strong>corporis</strong></span> <span class='ocrx_word' id='word_1_93' title='bbox 1141 1573 1270 1635; x_wconf 85' lang='lat' dir='ltr'><strong>animum</strong></span> 
     </span>
    </p>
   </div>
   <div class='ocr_carea' id='block_1_3' title="bbox 162 1681 1270 1768">
    <p class='ocr_par' dir='ltr' id='par_1_3' title="bbox 162 1681 1270 1768">
     <span class='ocr_line' id='line_1_12' title="bbox 162 1681 1270 1768; baseline 0.001 -23"><span class='ocrx_word' id='word_1_94' title='bbox 162 1724 172 1732; x_wconf 91' lang='lat'>-</span> <span class='ocrx_word' id='word_1_95' title='bbox 252 1690 333 1746; x_wconf 88' lang='lat' dir='ltr'><strong>tuom</strong></span> <span class='ocrx_word' id='word_1_96' title='bbox 349 1689 454 1746; x_wconf 88' lang='lat' dir='ltr'><strong>statue.</strong></span> <span class='ocrx_word' id='word_1_97' title='bbox 488 1681 525 1745; x_wconf 90' lang='lat' dir='ltr'><strong>Ut</strong></span> <span class='ocrx_word' id='word_1_98' title='bbox 540 1699 729 1764; x_wconf 76' lang='lat' dir='ltr'><strong>cognoscere</strong></span> <span class='ocrx_word' id='word_1_99' title='bbox 745 1681 833 1745; x_wconf 90' lang='lat' dir='ltr'><strong>deurn</strong></span> <span class='ocrx_word' id='word_1_100' title='bbox 848 1683 957 1764; x_wconf 86' lang='lat' dir='ltr'><strong>pdssis,</strong></span> <span class='ocrx_word' id='word_1_101' title='bbox 975 1691 1005 1747; x_wconf 86' lang='grc' dir='ltr'><strong>ιε</strong></span> <span class='ocrx_word' id='word_1_102' title='bbox 1020 1693 1089 1747; x_wconf 90' lang='lat' dir='ltr'><strong>anta</strong></span> <span class='ocrx_word' id='word_1_103' title='bbox 1103 1701 1270 1768; x_wconf 79' lang='lat' dir='ltr'><strong>cognosce.</strong></span> 
     </span>
    </p>
   </div>
   <div class='ocr_carea' id='block_1_4' title="bbox 252 1795 1270 2106">
    <p class='ocr_par' dir='ltr' id='par_1_4' title="bbox 252 1795 1270 2106">
     <span class='ocr_line' id='line_1_13' title="bbox 252 1795 1270 1877; baseline 0.002 -19"><span class='ocrx_word' id='word_1_104' title='bbox 252 1795 398 1876; x_wconf 78' lang='lat' dir='ltr'><strong>Relinque</strong></span> <span class='ocrx_word' id='word_1_105' title='bbox 428 1795 506 1859; x_wconf 89' lang='lat' dir='ltr'><strong>idola</strong></span> <span class='ocrx_word' id='word_1_106' title='bbox 539 1814 616 1877; x_wconf 89' lang='lat' dir='ltr'><strong>qnae</strong></span> <span class='ocrx_word' id='word_1_107' title='bbox 646 1797 790 1860; x_wconf 86' lang='lat' dir='ltr'><strong>humanus</strong></span> <span class='ocrx_word' id='word_1_108' title='bbox 821 1815 908 1859; x_wconf 89' lang='lat' dir='ltr'><strong>error</strong></span> <span class='ocrx_word' id='word_1_109' title='bbox 938 1797 1058 1863; x_wconf 87' lang='lat' dir='ltr'><strong>invenit.</strong></span> <span class='ocrx_word' id='word_1_110' title='bbox 1105 1797 1152 1862; x_wconf 81' lang='lat' dir='ltr'><strong>Ad</strong></span> <span class='ocrx_word' id='word_1_111' title='bbox 1182 1796 1270 1860; x_wconf 84' lang='lat' dir='ltr'><strong>deum</strong></span> 
     </span>
     <span class='ocr_line' id='line_1_14' title="bbox 253 1909 1270 2008; baseline -0.002 -34"><span class='ocrx_word' id='word_1_112' title='bbox 253 1916 433 1975; x_wconf 82' lang='lat' dir='ltr'><strong>convertere</strong></span> <span class='ocrx_word' id='word_1_113' title='bbox 441 1931 450 1987; x_wconf 92' lang='lat'>;</span> <span class='ocrx_word' id='word_1_114' title='bbox 482 1927 569 1991; x_wconf 83' lang='lat' dir='ltr'><strong>quern</strong></span> <span class='ocrx_word' id='word_1_115' title='bbox 598 1910 625 1973; x_wconf 91' lang='lat' dir='ltr'><strong>si</strong></span> <span class='ocrx_word' id='word_1_116' title='bbox 653 1910 869 1990; x_wconf 85' lang='lat' dir='ltr'><strong>inploraveris‚</strong></span> <span class='ocrx_word' id='word_1_117' title='bbox 902 1911 1041 1973; x_wconf 73' lang='lat' dir='ltr'><strong>subvenit</strong></span> <span class='ocrx_word' id='word_1_118' title='bbox 1057 1909 1107 1987; x_wconf 88' lang='lat'>¹¹).</span> <span class='ocrx_word' id='word_1_119' title='bbox 1153 1910 1270 2008; x_wconf 75' lang='lat' dir='ltr'><strong>Christe</strong></span> 
     </span>
     <span class='ocr_line' id='line_1_15' title="bbox 252 2020 1269 2106; baseline -0.002 -18"><span class='ocrx_word' id='word_1_120' title='bbox 252 2023 344 2091; x_wconf 88' lang='lat' dir='ltr'><strong>erede</strong></span> <span class='ocrx_word' id='word_1_121' title='bbox 367 2041 456 2103; x_wconf 86' lang='lat' dir='ltr'><strong>quem</strong></span> <span class='ocrx_word' id='word_1_122' title='bbox 480 2023 666 2094; x_wconf 80' lang='lat' dir='ltr'><strong>vivificandis</strong></span> <span class='ocrx_word' id='word_1_123' title='bbox 684 2041 719 2086; x_wconf 87' lang='lat' dir='ltr'><strong>ao</strong></span> <span class='ocrx_word' id='word_1_124' title='bbox 732 2020 771 2097; x_wconf 59' lang='grc' dir='ltr'><strong>ι1)</strong></span> <span class='ocrx_word' id='word_1_125' title='bbox 787 2023 962 2105; x_wconf 79' lang='lat' dir='ltr'><strong>reparandis</strong></span> <span class='ocrx_word' id='word_1_126' title='bbox 978 2023 1066 2088; x_wconf 83' lang='lat' dir='ltr'><strong>nobis</strong></span> <span class='ocrx_word' id='word_1_127' title='bbox 1081 2022 1269 2106; x_wconf 70' lang='lat' dir='ltr'><strong>paterinisit.</strong></span> 
     </span>
    </p>
   </div>
   <div class='ocr_carea' id='block_1_5' title="bbox 722 2183 889 2292">
    <p class='ocr_par' dir='ltr' id='par_1_5' title="bbox 722 2183 889 2292">
     <span class='ocr_line' id='line_1_16' title="bbox 722 2183 889 2292; baseline 0 0"><span class='ocrx_word' id='word_1_128' title='bbox 722 2221 797 2292; x_wconf 81' lang='lat' dir='ltr'><strong>nt.</strong></span> <span class='ocrx_word' id='word_1_129' title='bbox 887 2183 889 2186; x_wconf 68' lang='grc'><strong>’</strong></span> 
     </span>
    </p>
   </div>
   <div class='ocr_carea' id='block_1_6' title="bbox 188 2359 1271 2671">
    <p class='ocr_par' dir='ltr' id='par_1_6' title="bbox 188 2359 1271 2671">
     <span class='ocr_line' id='line_1_17' title="bbox 338 2359 1271 2444; baseline -0.001 -17"><span class='ocrx_word' id='word_1_130' title='bbox 338 2365 474 2428; x_wconf 85' lang='lat' dir='ltr'><strong>Laedere</strong></span> <span class='ocrx_word' id='word_1_131' title='bbox 505 2381 611 2427; x_wconf 88' lang='lat' dir='ltr'><strong>servos</strong></span> <span class='ocrx_word' id='word_1_132' title='bbox 642 2363 691 2426; x_wconf 86' lang='lat' dir='ltr'><strong>dei</strong></span> <span class='ocrx_word' id='word_1_133' title='bbox 715 2359 753 2426; x_wconf 74' lang='lat' dir='ltr'><strong>&#39;et</strong></span> <span class='ocrx_word' id='word_1_134' title='bbox 784 2362 893 2426; x_wconf 83' lang='lat' dir='ltr'><strong>Christi</strong></span> <span class='ocrx_word' id='word_1_135' title='bbox 921 2364 1180 2444; x_wconf 78' lang='lat' dir='ltr'><strong>persecutionibus</strong></span> <span class='ocrx_word' id='word_1_136' title='bbox 1214 2365 1271 2444; x_wconf 80' lang='lat' dir='ltr'><strong>tuis</strong></span> 
     </span>
     <span class='ocr_line' id='line_1_18' title="bbox 188 2465 1269 2575; baseline -0.001 -36"><span class='ocrx_word' id='word_1_137' title='bbox 188 2465 197 2478; x_wconf 79' lang='lat'>&#39;</span> <span class='ocrx_word' id='word_1_138' title='bbox 252 2478 365 2557; x_wconf 90' lang='lat' dir='ltr'><strong>desine,</strong></span> <span class='ocrx_word' id='word_1_139' title='bbox 390 2496 466 2559; x_wconf 91' lang='lat' dir='ltr'><strong>quos</strong></span> <span class='ocrx_word' id='word_1_140' title='bbox 489 2478 598 2575; x_wconf 84' lang='lat' dir='ltr'><strong>laesos</strong></span> <span class='ocrx_word' id='word_1_141' title='bbox 613 2479 685 2540; x_wconf 89' lang='lat' dir='ltr'><strong>ultio</strong></span> <span class='ocrx_word' id='word_1_142' title='bbox 706 2478 804 2540; x_wconf 89' lang='lat' dir='ltr'><strong>divina</strong></span> <span class='ocrx_word' id='word_1_143' title='bbox 821 2476 961 2540; x_wconf 82' lang='lat' dir='ltr'><strong>defendit.</strong></span> <span class='ocrx_word' id='word_1_144' title='bbox 1001 2477 1072 2540; x_wconf 87' lang='lat' dir='ltr'><strong>inde</strong></span> <span class='ocrx_word' id='word_1_145' title='bbox 1088 2485 1133 2540; x_wconf 88' lang='lat' dir='ltr'><strong>est</strong></span> <span class='ocrx_word' id='word_1_146' title='bbox 1151 2478 1227 2539; x_wconf 87' lang='lat' dir='ltr'><strong>enim</strong></span> <span class='ocrx_word' id='word_1_147' title='bbox 1243 2476 1269 2552; x_wconf 87' lang='lat'><strong>¹)</strong></span> 
     </span>
     <span class='ocr_line' id='line_1_19' title="bbox 252 2589 1270 2671; baseline -0.003 -18"><span class='ocrx_word' id='word_1_148' title='bbox 252 2591 332 2670; x_wconf 88' lang='lat' dir='ltr'><strong>quod</strong></span> <span class='ocrx_word' id='word_1_149' title='bbox 364 2591 452 2652; x_wconf 79' lang='lat' dir='ltr'><strong>nemo</strong></span> <span class='ocrx_word' id='word_1_150' title='bbox 484 2596 635 2667; x_wconf 86' lang='lat' dir='ltr'><strong>nostrum,</strong></span> <span class='ocrx_word' id='word_1_151' title='bbox 669 2589 788 2669; x_wconf 90' lang='lat' dir='ltr'><strong>quando</strong></span> <span class='ocrx_word' id='word_1_152' title='bbox 818 2589 1066 2671; x_wconf 87' lang='lat' dir='ltr'><strong>apprehenditur,</strong></span> <span class='ocrx_word' id='word_1_153' title='bbox 1097 2589 1270 2668; x_wconf 83' lang='lat' dir='ltr'><strong>retactatur,</strong></span> 
     </span>
    </p>
   </div>
   <div class='ocr_carea' id='block_1_7' title="bbox 321 2855 1269 2925">
    <p class='ocr_par' dir='ltr' id='par_1_7' title="bbox 321 2855 1269 2925">
     <span class='ocr_line' id='line_1_20' title="bbox 321 2855 1269 2925; baseline 0.002 -17"><span class='ocrx_word' id='word_1_154' title='bbox 321 2857 350 2925; x_wconf 88' lang='grc'><strong>6)</strong></span> <span class='ocrx_word' id='word_1_155' title='bbox 369 2855 501 2924; x_wconf 76' lang='lat' dir='ltr'><strong>Respexit,</strong></span> <span class='ocrx_word' id='word_1_156' title='bbox 521 2863 548 2907; x_wconf 92' lang='lat' dir='ltr'><strong>ut</strong></span> <span class='ocrx_word' id='word_1_157' title='bbox 568 2855 680 2921; x_wconf 84' lang='lat' dir='ltr'><strong>videtur,</strong></span> <span class='ocrx_word' id='word_1_158' title='bbox 699 2859 802 2912; x_wconf 77' lang='lat' dir='ltr'><strong>Saturi.</strong></span> <span class='ocrx_word' id='word_1_159' title='bbox 822 2855 895 2909; x_wconf 80' lang='lat' dir='ltr'><strong>Cant.</strong></span> <span class='ocrx_word' id='word_1_160' title='bbox 916 2873 971 2924; x_wconf 88' lang='lat' dir='ltr'><strong>cap.</strong></span> <span class='ocrx_word' id='word_1_161' title='bbox 991 2857 1009 2909; x_wconf 93' lang='grc'><strong>1.</strong></span> <span class='ocrx_word' id='word_1_162' title='bbox 1029 2866 1072 2909; x_wconf 91' lang='lat' dir='ltr'><strong>aut</strong></span> <span class='ocrx_word' id='word_1_163' title='bbox 1090 2857 1191 2912; x_wconf 83' lang='lat' dir='ltr'><strong>Salustii</strong></span> <span class='ocrx_word' id='word_1_164' title='bbox 1209 2861 1269 2911; x_wconf 89' lang='lat' dir='ltr'><strong>imi-</strong></span> 
     </span>
    </p>
   </div>
   <div class='ocr_carea' id='block_1_8' title="bbox 251 2942 1269 3012">
    <p class='ocr_par' dir='ltr' id='par_1_8' title="bbox 251 2942 1269 3012">
     <span class='ocr_line' id='line_1_21' title="bbox 251 2942 1269 3012; baseline 0 -16"><span class='ocrx_word' id='word_1_165' title='bbox 251 2952 374 3010; x_wconf 85' lang='lat' dir='ltr'><strong>tatorem,</strong></span> <span class='ocrx_word' id='word_1_166' title='bbox 401 2947 500 2999; x_wconf 83' lang='lat' dir='ltr'><strong>Minoe.</strong></span> <span class='ocrx_word' id='word_1_167' title='bbox 521 2947 601 2997; x_wconf 66' lang='lat' dir='ltr'><strong>taetre.</strong></span> <span class='ocrx_word' id='word_1_168' title='bbox 622 2942 710 2996; x_wconf 87' lang='lat' dir='ltr'><strong>Octav.</strong></span> <span class='ocrx_word' id='word_1_169' title='bbox 731 2961 785 3012; x_wconf 88' lang='lat' dir='ltr'><strong>cap.</strong></span> <span class='ocrx_word' id='word_1_170' title='bbox 805 2943 880 2995; x_wconf 88' lang='lat' dir='ltr'><strong>Xth.</strong></span> <span class='ocrx_word' id='word_1_171' title='bbox 907 2947 931 3010; x_wconf 73' lang='grc' dir='ltr'><strong>ς.</strong></span> <span class='ocrx_word' id='word_1_172' title='bbox 951 2945 976 2996; x_wconf 88' lang='grc'><strong>3.</strong></span> <span class='ocrx_word' id='word_1_173' title='bbox 1013 2944 1074 2997; x_wconf 84' lang='lat' dir='ltr'><strong>Tum</strong></span> <span class='ocrx_word' id='word_1_174' title='bbox 1100 2949 1210 3000; x_wconf 80' lang='lat' dir='ltr'><strong>aotlimi</strong></span> <span class='ocrx_word' id='word_1_175' title='bbox 1234 2945 1269 2996; x_wconf 90' lang='lat' dir='ltr'><strong>Ba</strong></span> 
     </span>
    </p>
   </div>
   <div class='ocr_carea' id='block_1_9' title="bbox 252 3037 1271 3151">
    <p class='ocr_par' dir='ltr' id='par_1_9' title="bbox 252 3037 1271 3151">
     <span class='ocr_line' id='line_1_22' title="bbox 252 3037 1271 3151; baseline 0.002 -15"><span class='ocrx_word' id='word_1_176' title='bbox 252 3093 278 3136; x_wconf 88' lang='lat' dir='ltr'><strong>at</strong></span> <span class='ocrx_word' id='word_1_177' title='bbox 295 3101 310 3135; x_wconf 82' lang='lat' dir='ltr'><strong>a</strong></span> <span class='ocrx_word' id='word_1_178' title='bbox 328 3101 361 3136; x_wconf 87' lang='lat' dir='ltr'><strong>rn.</strong></span> <span class='ocrx_word' id='word_1_179' title='bbox 381 3099 418 3151; x_wconf 89' lang='lat' dir='ltr'><strong>pr.</strong></span> <span class='ocrx_word' id='word_1_180' title='bbox 437 3082 485 3134; x_wconf 77' lang='lat' dir='ltr'><strong>Mc.</strong></span> <span class='ocrx_word' id='word_1_181' title='bbox 523 3083 581 3134; x_wconf 79' lang='lat' dir='ltr'><strong>dios</strong></span> <span class='ocrx_word' id='word_1_182' title='bbox 599 3087 633 3137; x_wconf 83' lang='lat' dir='ltr'><strong>ad</strong></span> <span class='ocrx_word' id='word_1_183' title='bbox 650 3086 784 3138; x_wconf 81' lang='lat' dir='ltr'><strong>dominum</strong></span> <span class='ocrx_word' id='word_1_184' title='bbox 803 3037 950 3149; x_wconf 47' lang='grc'><strong>11111111,</strong></span> <span class='ocrx_word' id='word_1_185' title='bbox 980 3089 1013 3138; x_wconf 87' lang='lat' dir='ltr'><strong>od</strong></span> <span class='ocrx_word' id='word_1_186' title='bbox 1036 3089 1168 3140; x_wconf 81' lang='lat' dir='ltr'><strong>dominum</strong></span> <span class='ocrx_word' id='word_1_187' title='bbox 1189 3101 1271 3139; x_wconf 80' lang='lat' dir='ltr'><strong>ruunt</strong></span> 
     </span>
    </p>
   </div>
   <div class='ocr_carea' id='block_1_10' title="bbox 251 3168 1271 3500">
    <p class='ocr_par' dir='ltr' id='par_1_10' title="bbox 251 3168 1271 3500">
     <span class='ocr_line' id='line_1_23' title="bbox 252 3168 1269 3234; baseline 0.002 -14"><span class='ocrx_word' id='word_1_188' title='bbox 252 3170 352 3234; x_wconf 72' lang='lat' dir='ltr'><strong>diaboti,</strong></span> <span class='ocrx_word' id='word_1_189' title='bbox 372 3172 500 3223; x_wconf 80' lang='lat' dir='ltr'><strong>addeum</strong></span> <span class='ocrx_word' id='word_1_190' title='bbox 518 3177 591 3224; x_wconf 82' lang='lat' dir='ltr'><strong>tuum</strong></span> <span class='ocrx_word' id='word_1_191' title='bbox 609 3169 669 3220; x_wconf 88' lang='lat' dir='ltr'><strong>edd.</strong></span> <span class='ocrx_word' id='word_1_192' title='bbox 689 3177 750 3220; x_wconf 85' lang='lat' dir='ltr'><strong>vett.</strong></span> <span class='ocrx_word' id='word_1_193' title='bbox 771 3184 793 3219; x_wconf 90' lang='lat' dir='ltr'><strong>c.</strong></span> <span class='ocrx_word' id='word_1_194' title='bbox 814 3168 910 3223; x_wconf 80' lang='lat' dir='ltr'><strong>Ernsrn.</strong></span> <span class='ocrx_word' id='word_1_195' title='bbox 929 3170 1003 3223; x_wconf 86' lang='lat' dir='ltr'><strong>Grav.</strong></span> <span class='ocrx_word' id='word_1_196' title='bbox 1023 3180 1049 3223; x_wconf 87' lang='lat' dir='ltr'><strong>et</strong></span> <span class='ocrx_word' id='word_1_197' title='bbox 1067 3171 1166 3222; x_wconf 80' lang='lat' dir='ltr'><strong>dioreii.</strong></span> <span class='ocrx_word' id='word_1_198' title='bbox 1203 3169 1269 3223; x_wconf 77' lang='lat' dir='ltr'><strong>cor-</strong></span> 
     </span>
     <span class='ocr_line' id='line_1_24' title="bbox 252 3253 1271 3322; baseline -0.002 -10"><span class='ocrx_word' id='word_1_199' title='bbox 252 3257 316 3312; x_wconf 83' lang='lat' dir='ltr'><strong>rexit</strong></span> <span class='ocrx_word' id='word_1_200' title='bbox 334 3255 465 3306; x_wconf 83' lang='lat' dir='ltr'><strong>Manutius.</strong></span> <span class='ocrx_word' id='word_1_201' title='bbox 502 3259 620 3310; x_wconf 75' lang='lat' dir='ltr'><strong>Seruum</strong></span> <span class='ocrx_word' id='word_1_202' title='bbox 639 3271 688 3306; x_wconf 84' lang='lat' dir='ltr'><strong>our.</strong></span> <span class='ocrx_word' id='word_1_203' title='bbox 704 3253 749 3306; x_wconf 86' lang='lat' dir='ltr'><strong>Bb.</strong></span> <span class='ocrx_word' id='word_1_204' title='bbox 787 3256 815 3322; x_wconf 82' lang='grc'><strong>7)</strong></span> <span class='ocrx_word' id='word_1_205' title='bbox 834 3256 1004 3312; x_wconf 76' lang='lat' dir='ltr'><strong>carceralia.</strong></span> <span class='ocrx_word' id='word_1_206' title='bbox 1041 3258 1106 3310; x_wconf 86' lang='lat' dir='ltr'><strong>Dein</strong></span> <span class='ocrx_word' id='word_1_207' title='bbox 1124 3267 1148 3311; x_wconf 83' lang='lat' dir='ltr'><strong>ct</strong></span> <span class='ocrx_word' id='word_1_208' title='bbox 1166 3260 1200 3310; x_wconf 81' lang='lat' dir='ltr'><strong>od</strong></span> <span class='ocrx_word' id='word_1_209' title='bbox 1217 3260 1271 3310; x_wconf 81' lang='lat' dir='ltr'><strong>cita</strong></span> 
     </span>
     <span class='ocr_line' id='line_1_25' title="bbox 251 3339 1271 3412; baseline 0.005 -21"><span class='ocrx_word' id='word_1_210' title='bbox 251 3341 283 3392; x_wconf 81' lang='grc' dir='ltr'><strong>Α.</strong></span> <span class='ocrx_word' id='word_1_211' title='bbox 320 3339 438 3392; x_wconf 80' lang='lat' dir='ltr'><strong>Proxime</strong></span> <span class='ocrx_word' id='word_1_212' title='bbox 458 3345 552 3396; x_wconf 79' lang='lat' dir='ltr'><strong>odiottc</strong></span> <span class='ocrx_word' id='word_1_213' title='bbox 571 3343 601 3393; x_wconf 91' lang='lat' dir='ltr'>W</span> <span class='ocrx_word' id='word_1_214' title='bbox 620 3351 647 3394; x_wconf 86' lang='lat' dir='ltr'><strong>et</strong></span> <span class='ocrx_word' id='word_1_215' title='bbox 665 3341 726 3393; x_wconf 91' lang='lat' dir='ltr'><strong>Bab.</strong></span> <span class='ocrx_word' id='word_1_216' title='bbox 771 3343 801 3411; x_wconf 84' lang='lat'><strong>8)</strong></span> <span class='ocrx_word' id='word_1_217' title='bbox 819 3349 849 3397; x_wconf 79' lang='lat' dir='ltr'><strong>in</strong></span> <span class='ocrx_word' id='word_1_218' title='bbox 868 3350 965 3400; x_wconf 72' lang='lat' dir='ltr'><strong>ruinae</strong></span> <span class='ocrx_word' id='word_1_219' title='bbox 985 3345 1034 3396; x_wconf 84' lang='lat' dir='ltr'><strong>tto.</strong></span> <span class='ocrx_word' id='word_1_220' title='bbox 1071 3344 1132 3396; x_wconf 87' lang='lat' dir='ltr'><strong>Turn</strong></span> <span class='ocrx_word' id='word_1_221' title='bbox 1156 3348 1186 3398; x_wconf 79' lang='lat' dir='ltr'><strong>in</strong></span> <span class='ocrx_word' id='word_1_222' title='bbox 1208 3347 1271 3412; x_wconf 79' lang='lat' dir='ltr'><strong>ipro</strong></span> 
     </span>
     <span class='ocr_line' id='line_1_26' title="bbox 253 3426 1270 3500; baseline 0.001 -18"><span class='ocrx_word' id='word_1_223' title='bbox 253 3432 342 3483; x_wconf 83' lang='lat' dir='ltr'><strong>cordia</strong></span> <span class='ocrx_word' id='word_1_224' title='bbox 361 3426 407 3481; x_wconf 90' lang='lat' dir='ltr'><strong>Bb.</strong></span> <span class='ocrx_word' id='word_1_225' title='bbox 443 3429 471 3492; x_wconf 86' lang='grc'><strong>9)</strong></span> <span class='ocrx_word' id='word_1_226' title='bbox 490 3448 519 3483; x_wconf 82' lang='lat' dir='ltr'><strong>aa</strong></span> <span class='ocrx_word' id='word_1_227' title='bbox 538 3429 571 3480; x_wconf 89' lang='lat' dir='ltr'><strong>al.</strong></span> <span class='ocrx_word' id='word_1_228' title='bbox 591 3446 623 3481; x_wconf 84' lang='lat' dir='ltr'><strong>an.</strong></span> <span class='ocrx_word' id='word_1_229' title='bbox 645 3429 741 3482; x_wconf 84' lang='lat' dir='ltr'><strong>addidit</strong></span> <span class='ocrx_word' id='word_1_230' title='bbox 761 3432 786 3481; x_wconf 90' lang='lat' dir='ltr'><strong>in</strong></span> <span class='ocrx_word' id='word_1_231' title='bbox 807 3431 852 3482; x_wconf 85' lang='lat' dir='ltr'><strong>Mc.</strong></span> <span class='ocrx_word' id='word_1_232' title='bbox 898 3432 943 3500; x_wconf 88' lang='grc'><strong>10)</strong></span> <span class='ocrx_word' id='word_1_233' title='bbox 963 3430 1017 3484; x_wconf 84' lang='lat' dir='ltr'><strong>Oro.</strong></span> <span class='ocrx_word' id='word_1_234' title='bbox 1039 3433 1103 3483; x_wconf 84' lang='lat' dir='ltr'><strong>haec</strong></span> <span class='ocrx_word' id='word_1_235' title='bbox 1121 3429 1153 3482; x_wconf 77' lang='grc' dir='ltr'><strong>Α.</strong></span> <span class='ocrx_word' id='word_1_236' title='bbox 1190 3429 1270 3490; x_wconf 78' lang='lat' dir='ltr'><strong>Prae-</strong></span> 
     </span>
    </p>
   </div>
   <div class='ocr_carea' id='block_1_11' title="bbox 158 3515 1328 3670">
    <p class='ocr_par' dir='ltr' id='par_1_11' title="bbox 158 3515 1328 3670">
     <span class='ocr_line' id='line_1_27' title="bbox 252 3515 1328 3588; baseline 0.001 -22"><span class='ocrx_word' id='word_1_237' title='bbox 252 3517 404 3584; x_wconf 82' lang='lat' dir='ltr'><strong>positionem</strong></span> <span class='ocrx_word' id='word_1_238' title='bbox 423 3524 482 3568; x_wconf 86' lang='lat' dir='ltr'><strong>ante</strong></span> <span class='ocrx_word' id='word_1_239' title='bbox 503 3518 549 3569; x_wconf 84' lang='lat' dir='ltr'><strong>deo</strong></span> <span class='ocrx_word' id='word_1_240' title='bbox 569 3515 601 3567; x_wconf 85' lang='lat' dir='ltr'><strong>ai.</strong></span> <span class='ocrx_word' id='word_1_241' title='bbox 621 3531 654 3567; x_wconf 87' lang='lat' dir='ltr'><strong>m.</strong></span> <span class='ocrx_word' id='word_1_242' title='bbox 674 3519 852 3585; x_wconf 84' lang='lat' dir='ltr'><strong>superscripsit</strong></span> <span class='ocrx_word' id='word_1_243' title='bbox 871 3521 894 3569; x_wconf 91' lang='lat' dir='ltr'><strong>in</strong></span> <span class='ocrx_word' id='word_1_244' title='bbox 915 3519 963 3572; x_wconf 82' lang='lat' dir='ltr'><strong>dib.</strong></span> <span class='ocrx_word' id='word_1_245' title='bbox 1013 3520 1056 3588; x_wconf 87' lang='grc'><strong>11)</strong></span> <span class='ocrx_word' id='word_1_246' title='bbox 1077 3523 1216 3574; x_wconf 81' lang='lat' dir='ltr'><strong>auiaeniet</strong></span> <span class='ocrx_word' id='word_1_247' title='bbox 1234 3515 1270 3568; x_wconf 84' lang='lat' dir='ltr'><strong>Bb</strong></span> <span class='ocrx_word' id='word_1_248' title='bbox 1323 3529 1328 3540; x_wconf 87' lang='lat'><strong>·</strong></span> 
     </span>
     <span class='ocr_line' id='line_1_28' title="bbox 158 3603 776 3670; baseline 0.005 -16"><span class='ocrx_word' id='word_1_249' title='bbox 158 3656 164 3665; x_wconf 72' lang='grc'><strong>,</strong></span> <span class='ocrx_word' id='word_1_250' title='bbox 252 3603 472 3656; x_wconf 84' lang='lat' dir='ltr'><strong>etas.rn.Mb.</strong></span> <span class='ocrx_word' id='word_1_251' title='bbox 512 3603 556 3669; x_wconf 82' lang='grc'><strong>12)</strong></span> <span class='ocrx_word' id='word_1_252' title='bbox 578 3606 608 3657; x_wconf 86' lang='lat' dir='ltr'><strong>de</strong></span> <span class='ocrx_word' id='word_1_253' title='bbox 628 3620 675 3670; x_wconf 91' lang='lat' dir='ltr'><strong>pro</strong></span> <span class='ocrx_word' id='word_1_254' title='bbox 694 3621 726 3657; x_wconf 85' lang='lat' dir='ltr'><strong>cc</strong></span> <span class='ocrx_word' id='word_1_255' title='bbox 745 3605 776 3657; x_wconf 87' lang='lat' dir='ltr'><strong>tt.</strong></span> 
     </span>
    </p>
   </div>
   <div class='ocr_carea' id='block_1_12' title="bbox 252 3697 1271 4038">
    <p class='ocr_par' dir='ltr' id='par_1_12' title="bbox 252 3697 1271 4038">
     <span class='ocr_line' id='line_1_29' title="bbox 322 3697 1270 3768; baseline 0.005 -13"><span class='ocrx_word' id='word_1_256' title='bbox 322 3705 386 3757; x_wconf 87' lang='lat' dir='ltr'><strong>XiV.</strong></span> <span class='ocrx_word' id='word_1_257' title='bbox 409 3707 433 3768; x_wconf 92' lang='grc'><strong>1)</strong></span> <span class='ocrx_word' id='word_1_258' title='bbox 447 3704 482 3756; x_wconf 85' lang='lat' dir='ltr'><strong>ita</strong></span> <span class='ocrx_word' id='word_1_259' title='bbox 495 3705 570 3756; x_wconf 87' lang='lat' dir='ltr'><strong>codd.</strong></span> <span class='ocrx_word' id='word_1_260' title='bbox 581 3706 621 3759; x_wconf 94' lang='lat' dir='ltr'><strong>W.</strong></span> <span class='ocrx_word' id='word_1_261' title='bbox 636 3706 716 3758; x_wconf 83' lang='lat' dir='ltr'><strong>Mabc.</strong></span> <span class='ocrx_word' id='word_1_262' title='bbox 731 3697 784 3760; x_wconf 76' lang='lat' dir='ltr'><strong>tat</strong></span> <span class='ocrx_word' id='word_1_263' title='bbox 798 3717 823 3759; x_wconf 92' lang='lat' dir='ltr'><strong>et</strong></span> <span class='ocrx_word' id='word_1_264' title='bbox 837 3707 858 3760; x_wconf 77' lang='grc' dir='ltr'><strong>Α</strong></span> <span class='ocrx_word' id='word_1_265' title='bbox 874 3725 896 3760; x_wconf 84' lang='grc' dir='ltr'><strong>ε.</strong></span> <span class='ocrx_word' id='word_1_266' title='bbox 910 3709 969 3762; x_wconf 88' lang='lat' dir='ltr'><strong>edd.</strong></span> <span class='ocrx_word' id='word_1_267' title='bbox 980 3707 1053 3760; x_wconf 78' lang='lat' dir='ltr'><strong>Grau.</strong></span> <span class='ocrx_word' id='word_1_268' title='bbox 1066 3709 1158 3762; x_wconf 78' lang='lat' dir='ltr'><strong>dieunt.</strong></span> <span class='ocrx_word' id='word_1_269' title='bbox 1173 3706 1270 3760; x_wconf 73' lang='lat' dir='ltr'><strong>Mersit.</strong></span> 
     </span>
     <span class='ocr_line' id='line_1_30' title="bbox 252 3790 1271 3860; baseline 0 -16"><span class='ocrx_word' id='word_1_270' title='bbox 252 3791 345 3844; x_wconf 80' lang='lat' dir='ltr'><strong>Parnoi.</strong></span> <span class='ocrx_word' id='word_1_271' title='bbox 357 3791 448 3860; x_wconf 74' lang='lat' dir='ltr'><strong>Rigalt.</strong></span> <span class='ocrx_word' id='word_1_272' title='bbox 460 3799 534 3859; x_wconf 85' lang='lat' dir='ltr'><strong>atque</strong></span> <span class='ocrx_word' id='word_1_273' title='bbox 543 3790 632 3859; x_wconf 75' lang='lat' dir='ltr'><strong>Onon,</strong></span> <span class='ocrx_word' id='word_1_274' title='bbox 649 3798 718 3847; x_wconf 83' lang='lat' dir='ltr'><strong>enim</strong></span> <span class='ocrx_word' id='word_1_275' title='bbox 731 3809 779 3846; x_wconf 86' lang='lat' dir='ltr'><strong>ont.</strong></span> <span class='ocrx_word' id='word_1_276' title='bbox 792 3794 840 3845; x_wconf 83' lang='lat' dir='ltr'><strong>tta.</strong></span> <span class='ocrx_word' id='word_1_277' title='bbox 853 3795 916 3846; x_wconf 82' lang='lat' dir='ltr'><strong>Dav.</strong></span> <span class='ocrx_word' id='word_1_278' title='bbox 928 3794 1024 3846; x_wconf 78' lang='lat' dir='ltr'><strong>Erasrn</strong></span> <span class='ocrx_word' id='word_1_279' title='bbox 1035 3794 1119 3847; x_wconf 80' lang='lat' dir='ltr'><strong>Baton.</strong></span> <span class='ocrx_word' id='word_1_280' title='bbox 1131 3803 1158 3846; x_wconf 84' lang='lat' dir='ltr'><strong>et</strong></span> <span class='ocrx_word' id='word_1_281' title='bbox 1169 3792 1271 3859; x_wconf 82' lang='lat' dir='ltr'><strong>Goidit.‚</strong></span> 
     </span>
     <span class='ocr_line' id='line_1_31' title="bbox 252 3879 1271 3936; baseline 0.001 -3"><span class='ocrx_word' id='word_1_282' title='bbox 252 3891 338 3933; x_wconf 80' lang='lat' dir='ltr'><strong>tamon</strong></span> <span class='ocrx_word' id='word_1_283' title='bbox 357 3889 396 3933; x_wconf 83' lang='lat' dir='ltr'><strong>eat</strong></span> <span class='ocrx_word' id='word_1_284' title='bbox 414 3879 475 3930; x_wconf 81' lang='lat' dir='ltr'><strong>dant</strong></span> <span class='ocrx_word' id='word_1_285' title='bbox 493 3879 552 3930; x_wconf 87' lang='lat' dir='ltr'><strong>edd.</strong></span> <span class='ocrx_word' id='word_1_286' title='bbox 568 3881 624 3932; x_wconf 86' lang='lat' dir='ltr'><strong>reli.</strong></span> <span class='ocrx_word' id='word_1_287' title='bbox 663 3881 750 3933; x_wconf 87' lang='lat' dir='ltr'><strong>Statirn</strong></span> <span class='ocrx_word' id='word_1_288' title='bbox 770 3893 793 3936; x_wconf 88' lang='lat' dir='ltr'><strong>ct</strong></span> <span class='ocrx_word' id='word_1_289' title='bbox 810 3899 884 3935; x_wconf 83' lang='lat' dir='ltr'><strong>aterno</strong></span> <span class='ocrx_word' id='word_1_290' title='bbox 905 3882 1016 3934; x_wconf 75' lang='lat' dir='ltr'><strong>acdbunt</strong></span> <span class='ocrx_word' id='word_1_291' title='bbox 1029 3882 1068 3933; x_wconf 88' lang='lat' dir='ltr'><strong>W.</strong></span> <span class='ocrx_word' id='word_1_292' title='bbox 1083 3882 1156 3935; x_wconf 75' lang='lat' dir='ltr'><strong>Mabc</strong></span> <span class='ocrx_word' id='word_1_293' title='bbox 1170 3881 1271 3935; x_wconf 83' lang='lat' dir='ltr'><strong>etBab.</strong></span> 
     </span>
     <span class='ocr_line' id='line_1_32' title="bbox 252 3965 1270 4038; baseline 0.003 -19"><span class='ocrx_word' id='word_1_294' title='bbox 252 3965 301 4019; x_wconf 87' lang='lat' dir='ltr'><strong>Pro</strong></span> <span class='ocrx_word' id='word_1_295' title='bbox 325 3969 427 4036; x_wconf 75' lang='lat' dir='ltr'><strong>quondo</strong></span> <span class='ocrx_word' id='word_1_296' title='bbox 448 3965 489 4018; x_wconf 79' lang='lat' dir='ltr'><strong>tto</strong></span> <span class='ocrx_word' id='word_1_297' title='bbox 513 3965 591 4018; x_wconf 85' lang='lat' dir='ltr'><strong>habat</strong></span> <span class='ocrx_word' id='word_1_298' title='bbox 614 3985 689 4036; x_wconf 77' lang='lat' dir='ltr'><strong>euna,</strong></span> <span class='ocrx_word' id='word_1_299' title='bbox 717 3969 777 4020; x_wconf 91' lang='lat' dir='ltr'><strong>dein</strong></span> <span class='ocrx_word' id='word_1_300' title='bbox 802 3972 1005 4038; x_wconf 72' lang='lat' dir='ltr'><strong>adprehenditur</strong></span> <span class='ocrx_word' id='word_1_301' title='bbox 1028 3969 1123 4021; x_wconf 81' lang='lat' dir='ltr'><strong>habent</strong></span> <span class='ocrx_word' id='word_1_302' title='bbox 1141 3969 1181 4022; x_wconf 89' lang='lat' dir='ltr'><strong>W.</strong></span> <span class='ocrx_word' id='word_1_303' title='bbox 1203 3968 1270 4022; x_wconf 79' lang='lat' dir='ltr'><strong>nat.</strong></span> 
     </span>
    </p>
   </div>
   <div class='ocr_carea' id='block_1_13' title="bbox 0 0 1434 4688">
    <p class='ocr_par' dir='ltr' id='par_1_13' title="bbox 0 0 1434 4688">
     <span class='ocr_line' id='line_1_33' title="bbox 0 0 1434 4688; baseline 0 0"><span class='ocrx_word' id='word_1_304' title='bbox 0 0 1434 4688; x_wconf 95' lang='lat' dir='ltr'><strong> </strong></span> 
     </span>
    </p>
   </div>
  </div>
 </body>
</html>
