2880 4696
721 373 842 442 ,¹18

313 553 382 602 nam
399 503 427 615 i)
456 531 579 620 perfidia
612 534 793 618 praevenit?
850 533 914 600 Neo
947 539 1072 600 excusat
1107 529 1339 618 oppressoru')
1431 512 1432 540 i

313 649 480 712 necessitas
507 647 654 728 criminis,
686 648 737 712 ubi
767 647 879 710 crimen
902 653 948 710 est
970 647 1139 712 voluntatis.
1184 648 1252 712 Nec
1271 649 1338 742 'hoc

313 781 352 826 eo
363 759 391 840 ⁴)
414 761 498 840 dico,
520 768 553 823 ut
576 759 698 826 fratrum
722 777 826 824 causes
849 777 990 841 onerem,
1014 761 1069 824 sed
1091 768 1123 825 ut
1145 763 1244 846 magis
1269 763 1339 828 fra·

313 883 375 940 tres
390 876 427 940 ad
449 893 570 960 precem
593 874 804 940 satisfactionis
825 876 973 959 instigem.
1011 875 1086 940 Nam
1104 872 1133 955 ⁵)
1158 894 1228 938 curn
1251 877 1339 940 scri-

286 998 396 1072 tptum
417 993 469 1054 sit:
494 990 554 1068 Oui
575 1011 631 1056 cos
646 987 674 1070 6)
694 993 804 1074 felices
827 991 940 1070 dicent,
962 993 996 1053 in
1019 1011 1156 1055 errorem
1178 1010 1238 1055 eos
1260 994 1338 1054 mit·
1431 1001 1432 1010 ’

314 1115 390 1185 tunt,
415 1116 444 1170 et
464 1109 601 1170 semitono
616 1108 730 1188 pedem
744 1114 914 1171 vestrorum
929 1105 1062 1185 urbane,
1086 1107 1137 1188 qui
1152 1113 1340 1188 peccantem
1431 1095 1432 1098 ¹

314 1219 520 1284 blandimentis
538 1215 563 1298 7)
587 1221 771 1308 adulantibus
794 1221 907 1303 palpat,
929 1219 1073 1300 peccandi
1096 1219 1231 1284 fomitem
1257 1221 1339 1284 sub-

314 1330 468 1413 ministrat,
491 1353 549 1398 nec
572 1335 728 1417 conprimit
750 1332 856 1396 delicta
878 1333 937 1414 ille,
961 1333 1016 1396 sed
1038 1335 1137 1396 nutrit.
1177 1334 1218 1397 At
1242 1335 1297 1416 qui
1325 1339 1340 1413 )

294 1447 446 1534 ‚consiliis
469 1446 643 1512 fortioribus
665 1445 820 1530 redarguit
842 1446 928 1510 simui
950 1453 1038 1528 atque
1060 1448 1181 1510 instruit
1199 1447 1340 1528 fratrem,

275 1568 474 1646 repromovet
504 1560 541 1624 ad
571 1560 705 1624 salutem.
757 1557 844 1634 Qeos
872 1559 985 1641 diupo,
1014 1561 1108 1642 inquit
1136 1560 1279 1624 dominus
1299 1555 1340 1641 9),

312 1679 470 1760 redcrpoo
501 1682 531 1739 et
561 1675 688 1754 costipo.
740 1673 788 1738 Sic
816 1680 934 1754 oportet
967 1668 1030 1754 (¹⁰)
1059 1673 1108 1738 dei
1137 1674 1338 1740 sacerdotem
1354 1682 1391 1726 ¹8⁶

383 1937 413 2007 2)
432 1937 618 2007 conpressiore
629 1931 673 1984 Ba.
709 1931 738 1999 3)
757 1936 897 1988 obsessum
909 1932 940 1986 Α.
977 1931 1039 1987 Turn
1056 1939 1158 1991 eristen
1176 1947 1219 1992 est
1237 1947 1264 1992 et
1282 1955 1340 1994 eo-

312 2099 404 2152 dontos
421 2097 491 2158 dus,
508 2093 535 2143 in
553 2102 607 2158 ηις.Ι
622 2095 706 2140 sutem
723 2103 746 2140 s.
764 2103 784 2139 r.
803 2103 836 2141 m.
854 2023 1000 2144 :divertatis
1018 2107 1065 2158 pro
1083 2101 1108 2146 et
1124 2095 1255 2147 colantes
1274 2097 1342 2149 eires

313 2185 363 2236 die.
414 2183 443 2245 4)
469 2179 506 2232 lta
526 2178 567 2230 W.
586 2176 638 2241 Bo,
661 2191 698 2243 pr.
721 2175 761 2227 dia
787 2184 815 2227 et
835 2175 893 2228 edd.
911 2176 1009 2230 Erasm.
1033 2177 1108 2231 Grau.
1133 2187 1212 2248 atque
1231 2180 1345 2247 Manus,
1433 2227 1434 2232 ,

313 2290 350 2327 em
367 2287 397 2324 eo
413 2267 455 2320 Md
472 2275 626 2334 veteresque
644 2261 702 2315 edd.
720 2279 743 2314 c.
761 2262 901 2329 nemeen,
927 2281 973 2334 epo
991 2265 1042 2318 dib.
1062 2265 1100 2319 Bb
1119 2275 1146 2320 et
1169 2285 1209 2336 pr.
1228 2267 1289 2336 iic,
1315 2271 1344 2321 in

313 2405 365 2462 quo
382 2388 488 2458 posthac
506 2393 647 2439 correctum
664 2391 702 2435 est
719 2401 763 2446 ⁶⁰3
784 2353 842 2438 uec
860 2400 892 2436 ex
910 2393 969 2437 mut.
988 2402 1008 2438 r.
1022 2403 1054 2439 m.
1069 2368 1201 2453 tissime
1221 2389 1256 2456 A,
1277 2393 1345 2444 item

313 2470 711 2539 edd.iioreil.1’amel.liigalt.
735 2469 816 2524 Oxou.
841 2471 926 2526 Baius.
950 2472 1040 2526 Goldh.
1076 2475 1105 2528 iu
1129 2492 1203 2546 seqq.
1231 2495 1342 2534 coisses

312 2570 430 2636 fratrum
450 2561 494 2613 Ba.
534 2559 562 2625 5)
583 2556 637 2610 Om.
656 2556 721 2608 man.
756 2558 822 2611 Dein
847 2563 977 2632 scriptum
1001 2573 1043 2617 est
1067 2563 1172 2626 exhibet
1191 2563 1240 2618 Mc.
1281 2565 1343 2619 Vid-

312 2651 374 2704 fles.
392 2650 423 2714 3,
443 2649 484 2701 12,
526 2645 555 2714 6)
573 2650 649 2713 Qrses
670 2659 718 2712 pro
742 2649 787 2714 pos'
810 2664 860 2700 ens
879 2645 916 2698 Ba
939 2656 964 2699 et
988 2649 1037 2700 Me.
1074 2650 1155 2703 Abest
1179 2669 1232 2706 eos
1258 2653 1342 2707 aW.

312 2737 381 2790 Dein
399 2752 445 2804 pro
463 2737 572 2789 semitas
595 2733 684 2799 scripsi
708 2736 827 2786 semitono
852 2731 908 2799 (τὸν
933 2737 1030 2802 τρίβον)
1057 2739 1205 2792 auctoribus
1224 2741 1288 2794 Mes.
1308 2747 1344 2797 W

313 2834 340 2878 „t
358 2823 439 2876 Mabc.
474 2821 656 2884 Praetereunt,
679 2819 748 2888 quod
766 2820 877 2872 firmatur
895 2819 993 2874 Graeco
1012 2823 1183 2890 ταράσσουσιν,
1210 2829 1262 2884 nib.
1302 2831 1345 2886 Ba

312 2920 339 2964 et
357 2911 379 2961 A
398 2909 517 2962 exhibeat
540 2909 701 2960 conturbant.
746 2906 774 2972 7)
794 2904 848 2959 0m.
876 2909 906 2959 Α.
947 2906 1025 2962 Paulo
1050 2920 1109 2978 post
1133 2921 1346 2976 sumministrat

311 3000 374 3052 dant
393 2997 424 3048 W
443 3005 468 3048 et
485 2995 535 3047 Md.
570 2992 636 3045 Dein
654 2997 799 3062 eonprr'mot
816 2992 902 3045 scribit
919 2993 950 3046 Α.
986 2994 1091 3049 inverso
1109 3001 1201 3054 ordine
1220 3007 1269 3060 ille
1289 3011 1344 3061 de-

311 3084 436 3142 uoradib.
461 3083 491 3151 8)
501 3082 633 3153 Aequitio.
660 3080 937 3135 Statimeoscitiisiid.
962 3082 1149 3152 Tumsostidns
1159 3091 1244 3160 Neap.
1273 3093 1346 3149 Dein

312 3178 484 3244 „damnetur
500 3171 533 3223 W
551 3179 577 3224 et
593 3169 643 3234 13³3
663 3177 803 3220 correctum
821 3176 908 3220 tamen
928 3178 967 3222 est
985 3173 1010 3222 iu
1028 3189 1079 3242 mg.
1098 3178 1191 3244 prioris
1209 3179 1270 3233 iibri
1291 3202 1345 3238 re-

313 3266 428 3333 pwyupr,
463 3261 522 3313 Mox
537 3267 670 3330 premonet
687 3260 722 3310 ud
737 3259 848 3310 aeduum
865 3257 957 3310 vniose
980 3259 1074 3328 legitur
1092 3263 1119 3314 in
1132 3266 1164 3318 Α.
1195 3265 1347 3339 Praeposit.

313 3355 349 3408 aa
372 3366 387 3402 a
411 3367 429 3402 r.
455 3366 487 3401 m.
504 3346 582 3399 hahet
604 3345 663 3397 cod.
682 3342 721 3395 W.
763 3343 791 3408 9)
810 3347 899 3410 Quos,
924 3349 1010 3415 iuquit
1034 3352 1176 3417 demissos,
1202 3357 1290 3426 ditipo
1311 3359 1345 3412 A.

313 3437 373 3490 vm·
391 3435 472 3502 ΛΡΜ.
490 3434 516 3500 3,
536 3433 576 3484 19,
614 3430 659 3498 10)
677 3429 767 3483 Partic.
787 3440 818 3494 et,
838 3447 903 3498 quae
923 3432 990 3501 vulg.
1010 3435 1128 3502 additur,
1148 3445 1346 3506 praeeuntibus

313 3525 386 3579 libris
396 3523 434 3576 W.
448 3522 528 3574 Mecd.
539 3519 576 3571 Bb
591 3526 616 3571 et
628 3518 649 3568 A
663 3517 853 3585 expungendam
866 3521 960 3571 censui.
989 3519 1158 3577 Consentiunt
1171 3527 1232 3580 edd.
1247 3529 1346 3584 Manu-

313 3615 410 3666 tianam
422 3608 604 3661 antecedentes
617 3612 643 3656 et
652 3603 806 3656 Morelliana.
831 3603 966 3656 Munatium
977 3612 1059 3659 secuti
1068 3619 1125 3662 sunt
1134 3609 1279 3682 Pamelius‚
1295 3617 1346 3670 Ri-

313 3699 406 3771 grdtius
425 3697 562 3763 ceterique.
588 3691 636 3742 Pro
655 3694 697 3745 ‹tes‘
707 3693 867 3744 socer-dotem
879 3689 935 3744 Ver.
950 3691 988 3745 W.
1001 3693 1083 3748 Mebc.
1096 3694 1162 3763 Bab,
1175 3715 1245 3754 unus
1258 3704 1346 3773 Neep.

313 3795 343 3840 „s
355 3787 378 3837 Α
390 3783 509 3835 exhibent
520 3782 618 3835 domini
629 3781 796 3832 sacerdotem
829 3777 879 3830 Sed
895 3778 961 3830 eoui.
977 3776 1040 3847 Cap.
1049 3781 1113 3848 XV.‚
1128 3784 1173 3836 ubi
1185 3786 1255 3842 haec
1267 3801 1345 3843 sont:
1430 3844 1432 3855 ‚

315 3876 349 3928 Si
366 3875 453 3935 iusta,
474 3871 502 3922 ss'
519 3869 600 3930 licita,
619 3867 647 3919 si
662 3882 715 3918 oon
733 3875 823 3919 contro
843 3867 932 3933 ipsum
950 3869 1084 3922 munierum
1103 3889 1120 3924 s
1138 3875 1183 3926 dei
1202 3881 1347 3936 sacerdote

315 3959 438 4029 faciendo
454 3958 517 4010 sint.
