2880 4696
748 379 813 450 140

271 544 352 602 tectu
375 538 500 604 iniuriae
522 539 685 604 saecularis
709 541 844 606 inmunes
867 560 924 606 nee
945 542 1054 626 rubigo
1077 543 1205 627 edteret,
1230 565 1288 612 nee

272 652 388 736 mendo
412 653 526 733 caedet,
549 673 606 718 nec
629 655 676 720 eol
698 663 774 736 uret,
796 675 854 720 nee
876 658 974 740 pluvie
997 666 1175 742 corrumpet

752 852 814 921 IX.

357 994 431 1058 Nem
453 993 600 1076 delinquis
619 993 644 1072 ¹)
666 1001 696 1058 et
725 994 783 1059 hoe
812 995 879 1078 ipso
907 997 937 1059 in
969 996 1072 1078 deum,
1101 1000 1128 1064 si
1158 999 1194 1063 ed
1225 1000 1284 1066 hoe

271 1107 323 1172 ubi
354 1109 390 1172 eb
419 1109 469 1174 ilio
501 1109 617 1175 divitias
649 1108 732 1174 detes
762 1108 877 1189 eredis,
909 1116 942 1173 ut
962 1111 1019 1174 iliis
1042 1130 1103 1176 non
1125 1114 1286 1179 sulubriter

215 1241 219 1254 ⁸
244 1243 258 1287 n
271 1221 444 1308 perfrueris.
480 1225 554 1288 Nem
570 1232 600 1288 et
619 1241 726 1288 vocem
750 1223 823 1288 deus
846 1223 955 1290 homini
980 1224 1062 1288 dedit
1074 1223 1111 1306 ²),
1136 1232 1166 1290 et
1188 1235 1287 1293 temen

271 1356 331 1402 non
354 1345 423 1402 sunt
444 1337 585 1402 amatorie
608 1336 763 1416 centende,
783 1354 843 1400 nec
867 1337 980 1419 turpie;
1014 1344 1044 1400 et
1074 1337 1187 1402 ferrum
1218 1357 1288 1406 esse

272 1451 309 1515 ed
339 1451 481 1514 culturam
510 1451 609 1514 terrae
639 1450 714 1514 deus
743 1450 855 1531 voluit,
884 1469 941 1514 nee
967 1451 1126 1518 homicidia
1149 1461 1217 1519 sunt
1238 1455 1288 1540 id-

272 1567 352 1630 circo
375 1565 509 1628 faciende
516 1585 526 1642 3
554 1572 604 1628 eut
626 1567 695 1646 quie
717 1561 822 1644 ture³)
848 1572 878 1628 et
901 1583 1015 1629 merum
1040 1571 1068 1629 et
1092 1569 1192 1651 ignem
1216 1569 1290 1634 deus

271 1681 402 1759 instituit,
425 1678 648 1743 sacrificandum
671 1687 718 1742 est
739 1678 809 1743 inde
831 1678 937 1760 idolis,
967 1679 1016 1743 vel
1048 1684 1116 1764 quie
1140 1657 1290 1747 abundent

232 1812 259 1857 m
271 1795 418 1880 pecudum
441 1811 553 1878 greges
575 1794 605 1856 in
621 1795 701 1878 egris
717 1794 785 1873 tuis,
809 1794 988 1856 victimaret
1010 1795 1123 1858 hostias
1145 1798 1289 1862 inmolare

272 1909 420 1973 debebis?
464 1909 555 1990 Atqui
568 1905 595 1987 ⁴)
618 1909 770 1990 temptatio
794 1914 841 1972 est
862 1909 1068 1990 patrimonium
1082 1909 1209 1993 grande,
1232 1912 1291 1975 nisi

272 2063 478 2075 —u-—n——n

1124 2101 1141 2135 a

340 2155 382 2210 IX.
410 2157 436 2222 l)
455 2157 590 2226 delinquee
607 2152 657 2206 ub.
693 2152 752 2206 Mox
769 2157 803 2208 ad
819 2157 882 2208 naor
900 2152 931 2205 Α.
966 2151 1032 2204 Dein
1059 2155 1147 2207 eredis
1167 2155 1195 2219 (a
1214 2151 1245 2204 eb
1264 2169 1286 2204 r.

270 2263 303 2297 m.
321 2245 460 2312 euperem.)
486 2242 539 2310 Dc,
564 2245 657 2298 eredas
683 2241 741 2293 edd.
760 2247 821 2294 vett.
865 2240 893 2306 2)
912 2243 1013 2298 domini
1030 2243 1095 2295 dene
1113 2243 1183 2294 dedit
1199 2239 1242 2292 ttd
1263 2249 1290 2294 et

269 2333 327 2386 edd.
347 2339 406 2383 ente
425 2330 518 2384 dieunt.
537 2346 625 2383 omnes
646 2347 668 2382 c.
687 2329 801 2394 Meroth,
820 2333 949 2384 hominem
967 2327 1055 2380 scribit
1071 2326 1101 2380 D.
1136 2326 1215 2384 Voce.
1235 2347 1291 2384 nne

269 2429 335 2476 curet
353 2436 367 2471 e
387 2436 407 2471 r.
427 2436 459 2471 m.
479 2418 556 2470 hehet
573 2419 621 2471 Ma.
659 2417 734 2482 Quod
752 2417 821 2485 vulg.
841 2417 1073 2481 addimentum,
1098 2424 1187 2484 utpote
1206 2419 1287 2469 emie-

269 2509 366 2560 eumin
384 2507 460 2559 codd.
479 2506 539 2560 Ver.
557 2505 601 2559 W.
625 2504 692 2558 urb.
711 2504 735 2555 A
754 2513 780 2556 et
797 2513 941 2573 suspectum
959 2507 1007 2556 iem
1028 2504 1137 2569 Granio,
1164 2506 1222 2573 quie
1240 2506 1289 2556 mi-

270 2594 410 2647 nutioribus
432 2597 500 2662 typis
525 2592 702 2646 excudendum
725 2601 875 2657 curaverat,
904 2594 1021 2660 expunxi.
1064 2591 1092 2642 ln
1117 2607 1191 2662 seqq.
1213 2595 1238 2644 in
1265 2593 1288 2645 Α

268 2683 363 2752 legitur
380 2700 429 2737 nee
446 2687 548 2737 ideireo
566 2692 630 2736 eunt
649 2684 791 2734 domicilia
815 2685 945 2749 sarienda.
958 2671 969 2754 J
990 2681 1019 2750 3)
1037 2679 1074 2732 ite
1094 2680 1134 2733 W.
1152 2681 1234 2759 Medd.
1253 2679 1284 2748 B,

270 2777 340 2895 thura
358 2840 387 2910 (tr
406 2840 437 2893 eb
456 2841 472 2894 1.
487 2857 519 2892 m.
539 2854 663 2906 superem.
687 2837 749 2907 Mb).
780 2837 855 2906 vulg.
874 2842 960 2891 iture„
997 2837 1048 2890 Sed
1067 2839 1117 2891 vid.
1136 2839 1287 2908 Wagner.

270 2928 381 2997 orthogr.
400 2927 493 2996 Vergil.
515 2943 540 2994 p.
560 2925 619 2978 476.
656 2926 722 2976 Dein
742 2937 788 2981 aut
804 2944 906 2980 merum
924 2936 971 2979 aut
988 2928 1074 2996 iqnem
1091 2925 1134 2991 W,
1152 2913 1184 2980 *et
1202 2931 1289 2997 iqnem

268 3027 293 3072 et
315 3021 413 3072 mirum
434 3015 497 3084 teir)
515 3014 573 3066 edd.
594 3011 639 3066 SP.
659 3013 751 3066 Venet.
771 3013 794 3066 1.
813 3013 904 3079 iduum,
923 3023 947 3067 et
964 3017 1050 3083 iynem
1068 3024 1093 3068 et
1109 3017 1179 3067 mira
1196 3012 1287 3065 Venet.

269 3104 308 3170 2.‚
332 3114 357 3158 et
382 3108 435 3175 iun.
461 3112 485 3156 et
507 3106 619 3157 mirram
644 3100 783 3166 Dareum„
811 3113 835 3157 et
858 3105 912 3172 tyn.
931 3110 955 3155 et
979 3119 1099 3171 myrram
1124 3105 1185 3167 (ser.
1204 3103 1287 3168 potius

268 3193 414 3261 myrrham)
433 3190 540 3256 Remb.‚
559 3200 583 3244 et
599 3193 729 3244 mirrham
748 3200 772 3244 et
789 3194 842 3261 iqn.
860 3188 973 3255 Ermm,
996 3200 1020 3244 et
1037 3193 1173 3260 mur-rtrum
1190 3199 1215 3242 et
1232 3190 1287 3258 ign.

270 3277 342 3329 Gran.
380 3273 499 3329 Ceterum
522 3286 579 3345 post
602 3295 704 3332 merum
730 3293 793 3330 unus
818 3277 883 3328 liber
900 3276 954 3329 irat.
975 3277 1060 3328 adiicit
1083 3275 1191 3328 verbum
1210 3279 1287 3330 dedit.

268 3363 317 3416 Pro
336 3369 402 3419 deme
419 3365 488 3417 idem
507 3383 528 3417 e.
548 3365 614 3417 Mbd.
633 3363 653 3415 Β
672 3374 698 3417 et
716 3365 739 3416 Α
756 3365 835 3418 hebet
855 3367 987 3420 dominere.
1023 3363 1084 3415 Tum
1104 3367 1201 3418 institit
1226 3365 1286 3432 (sic,

270 3451 368 3504 duobus
386 3454 485 3519 punctis
502 3468 578 3521 rupte
601 3452 705 3522 positis)
724 3451 764 3505 W.
800 3452 859 3504 Mox
882 3455 943 3506 inde
966 3461 1006 3504 ert
1030 3453 1119 3520 ydolis
1137 3451 1174 3516 Α,
1197 3455 1287 3522 ydolis

270 3542 344 3592 etiem
363 3540 419 3592 Med
439 3548 465 3591 et
484 3540 524 3594 ed.
543 3540 667 3593 Devenit.
696 3539 779 3593 Primo
798 3544 843 3610 qut
862 3555 908 3608 pre
927 3541 989 3608 quia
1001 3536 1041 3589 W.
1072 3537 1161 3590 Statim
1179 3543 1285 3593 Miran-
1357 3596 1358 3600 ,

270 3631 331 3682 dent
347 3628 387 3680 W.
406 3626 490 3680 Mebd.
509 3626 537 3680 B.
557 3627 579 3678 Α
598 3637 625 3679 et
643 3627 701 3680 edd.
721 3626 841 3680 Deventr.
861 3636 936 3696 etque
953 3624 1040 3677 Remb.
1077 3623 1144 3677 Dein
1158 3629 1286 3696 pecodum

270 3730 307 3783 pr.
327 3712 367 3766 W.
402 3713 519 3766 Proxime
543 3717 631 3769 noetio
649 3715 679 3766 Α.
716 3713 777 3766 Tum
802 3716 857 3768 dite
883 3715 1019 3766 immolare
1038 3711 1123 3764 Beluz.
1150 3721 1176 3765 et
1195 3711 1285 3766 Geldh.

271 3799 322 3853 Sed
339 3803 392 3856 diie
410 3803 500 3852 merito
517 3816 567 3854 em.
588 3810 615 3853 et
631 3804 711 3855 nostri
731 3801 805 3853 codd.
826 3809 853 3852 et
870 3799 923 3851 Del.
943 3816 966 3851 c.
985 3799 1042 3851 edd.
1066 3800 1284 3852 antecedentibus.

270 3884 320 3937 Pro
338 3887 440 3940 debebis
457 3885 497 3938 Me
522 3885 600 3941 hebet
625 3891 727 3942 detean-
774 3887 803 3952 4)
829 3885 867 3937 lte
893 3884 933 3938 W.
958 3886 998 3938 De
1026 3887 1081 3955 (hie
1106 3903 1144 3955 pr.
1172 3888 1284 3957 otwin).

271 3970 330 4024 Ver.
348 3971 374 4024 2.
392 3972 430 4038 A,
451 3977 547 4044 adqm'n
564 3974 615 4028 ub.
634 3973 669 4042 B,
689 3977 722 4028 ed
740 3975 802 4042 quid
818 3987 866 4040 pn,
886 3971 917 4024 eb
936 3989 957 4026 r.
976 3990 1008 4027 m.
1028 3976 1145 4044 alioquin
1163 3973 1217 4041 ute,
1239 3985 1287 4029 aut
