2880 4696
648 359 716 434 1123

176 527 242 592 tulit
263 527 427 606 munitatem,
449 543 508 589 nee
529 525 652 592 habenis
673 527 776 591 liberis
798 531 830 593 et
851 527 957 591 solutis
978 526 1082 612 vagari
1107 533 1194 609 post-

176 641 299 706 modam
327 640 451 723 patitur,
482 639 536 703 sed
566 641 638 721 ipsis
669 639 785 722 potius,
815 640 922 721 quibus
945 646 1066 702 sanatus
1088 637 1194 720 iuerat,

176 757 344 837 mancipato
375 754 497 837 gravius
526 756 720 818 comminatur
743 754 822 837 quod
846 755 883 818 sit
905 755 1020 818 seilicet
1038 751 1077 831 ¹⁴)
1099 753 1196 817 minor

177 870 265 951 eulpa
297 869 462 950 deliquisse
493 875 577 949 aute,
612 889 677 934 oum
711 869 839 933 necdum
871 887 981 934 nosses
1016 867 1196 951 disciplinam

152 983 240 1063 edei,
264 983 344 1046 nulla
367 984 406 1046 sit
427 984 515 1046 venia
530 984 606 1048 ultra
623 983 808 1066 delinquere,
831 991 987 1066 postquam
1003 984 1090 1048 deum
1105 1001 1197 1047 nosse

180 1098 316 1179 coepisti.
360 1096 399 1160 Et
428 1095 547 1177 quidem
576 1096 634 1159 boo
664 1103 723 1159 tam
752 1097 809 1159 viri
838 1115 925 1178 quarn
955 1097 1109 1176 muliereS,
1136 1097 1197 1159 tam

179 1212 267 1294 pueri
290 1229 377 1292 quarn
396 1207 401 1293 Ι
420 1211 548 1292 puellae,
570 1229 663 1274 sexus
686 1212 781 1274 omnis
801 1208 839 1289 ¹⁵)
868 1218 957 1292 atque
988 1211 1083 1274 omnis
1115 1215 1197 1273 aetas
1211 1219 1250 1265 nr

92 1341 98 1350 ·
180 1327 326 1390 observet
349 1332 379 1387 et
400 1331 486 1388 ouret
506 1344 562 1406 pro
585 1325 732 1408 religione
756 1333 786 1388 et
808 1325 883 1405 lida,
907 1344 994 1408 quam
1017 1324 1076 1389 deo
1100 1324 1198 1404 debet,

179 1455 221 1500 ne
245 1437 326 1519 quod
349 1445 481 1501 sanetum
505 1444 535 1500 ει
555 1455 661 1520 purum
685 1437 722 1500 de
752 1438 863 1502 domini
895 1437 1066 1520 dignatione
1096 1440 1199 1519 peroi-

138 1552 263 1634 rapitur
284 1553 380 1615 minus
402 1552 530 1616 sollicito
553 1551 658 1616 timore
680 1557 818 1616 teneatur
832 1548 881 1632 ¹⁶).

665 1748 725 1817 111.

272 1891 357 1953 Nune
375 1889 402 1967 ¹)
426 1892 513 1954 nobis
537 1891 574 1955 ad
597 1892 730 1975 virgines
757 1911 858 1958 sermo
891 1902 954 1973 est,
984 1913 1108 1975 quarum
1141 1913 1201 1974 quo
1278 1888 1283 1900 '

183 2004 337 2070 sublimior
365 2005 461 2088 gloria
490 2012 552 2084 est,
583 2007 678 2069 maior
700 2012 730 2068 el
752 2025 823 2068 eura
846 2015 900 2070 est.
946 2008 1016 2070 Flos
1041 2014 1088 2070 est
1110 2007 1159 2069 ille
1173 2004 1201 2084 ²)

187 2145 211 2150 —
219 2143 395 2151 -.—..-.·.-

258 2203 304 2275 11)
322 2207 426 2259 scilieet
443 2219 492 2256 om.
508 2204 539 2256 Α
569 2203 686 2256 Proxime
704 2207 755 2273 quo
772 2205 884 2258 necdum
901 2205 967 2256 idem
986 2205 1052 2258 liber
1069 2213 1095 2258 et
1112 2214 1204 2259 nosset

183 2293 237 2346 ltal.
264 2291 289 2342 2.
330 2290 379 2346 Pro
405 2295 446 2346 atat
468 2292 508 2344 lle
531 2294 637 2346 donnini.
679 2288 742 2342 Tum
764 2294 888 2362 uultuque
911 2296 942 2344 Α.
986 2291 1045 2346 blor
1071 2297 1203 2349 dominum

184 2401 265 2440 waes
283 2381 338 2434 Ital.
357 2381 399 2447 3.,
418 2382 479 2433 item
498 2380 558 2433 edd·
575 2387 637 2431 vett.
657 2395 679 2430 o.
698 2377 795 2431 Erasm.
815 2378 888 2432 Gran⁴
908 2388 985 2449 etque
1003 2379 1100 2432 blorell.
1136 2379 1203 2432 Dein

184 2475 290 2542 espiers
308 2469 357 2522 lid.
396 2469 441 2538 15)
461 2473 547 2522 omnis
566 2485 653 2522 aeonas
671 2466 727 2532 lile,
753 2471 839 2521 oannis
864 2486 952 2523 sexos
975 2472 1112 2538 omnisque
1131 2477 1204 2521 aelon
1225 2453 1228 2458 ¹

183 2559 215 2612 Α,
252 2558 315 2611 'l'um
335 2568 412 2627 atque
431 2568 506 2612 curet
525 2556 610 2621 idem,
629 2565 705 2626 utque
721 2567 845 2626 procurat
864 2557 922 2608 edd.
941 2565 1003 2608 vetis
1022 2573 1044 2608 ε.
1062 2555 1159 2608 Erasm.
1178 2565 1205 2612 et

184 2647 261 2700 Gran.
292 2646 379 2698 Statim
396 2650 528 2716 reteqiono
545 2661 583 2713 pr.
597 2644 648 2697 llb.
681 2643 798 2697 Proxime
817 2649 921 2700 damiam
939 2649 1009 2700 debet
1021 2635 1096 2698 codd:
1108 2645 1164 2698 ital.
1177 2646 1203 2711 2,

183 2737 297 2804 itemque
319 2734 376 2787 edd.
396 2733 538 2786 blanutiana
557 2734 711 2803 antiquiores
731 2741 757 2784 et
769 2733 866 2785 blorell.
897 2733 947 2785 Pro
965 2733 1124 2788 sonetumA
1141 2751 1204 2803 per-

184 2841 274 2894 peram
292 2826 402 2890 feetum,
422 2820 552 2891 Bpuruna
565 2832 589 2874 et
605 2833 733 2875 sanetum.
763 2820 864 2872 Deinde
881 2826 971 2876 minos
990 2831 1064 2876 eunte
1082 2833 1105 2875 et
1123 2825 1204 2877 solta*-

185 2919 238 2970 ea'to
256 2917 349 2966 liotore
367 2910 424 2963 eod.
443 2908 535 2962 Turon.
577 2908 621 2973 16)
640 2907 679 2960 Ex
698 2909 755 2958 cod.
776 2907 861 2976 Alilig.
881 2908 944 2974 [non
968 2907 1152 2973 Gambron.,
1178 2917 1206 2959 ut

186 2999 281 3072 legitur
298 3017 337 3067 ap.
357 2997 443 3050 baluz.
462 3014 487 3065 p.
506 2997 579 3064 524]
599 3005 626 3048 et
644 3005 696 3048 vet.
715 3012 800 3048 exous.
821 2996 915 3063 [nimir.
934 2995 1069 3062 Dareum]
1111 2995 1204 3048 Pome-

186 3092 236 3144 lius
255 3089 351 3140 addidit
368 3088 446 3138 lraec:
465 3089 526 3155 quia
545 3089 677 3155 seriptum
696 3095 753 3138 eet:
773 3088 827 3152 Qui
844 3088 1058 3153 perseveraverit
1074 3101 1159 3154 usque
1176 3088 1206 3138 s'n

186 3184 264 3250 &aaa
281 3180 324 3232 bie
342 3179 439 3232 salona
459 3180 523 3244 erit,
549 3174 745 3227 assentientibus
763 3173 874 3242 Rigaltio
894 3181 920 3224 et
937 3172 1024 3238 Falla,
1047 3174 1204 3242 improbante

186 3276 273 3320 taurea
290 3263 411 3329 baluzio,
438 3263 515 3332 idque
533 3264 588 3315 iure
606 3264 710 3326 merit03
736 3262 809 3316 deest
833 3263 901 3314 enim
921 3261 1121 3315 additamentum
1141 3261 1207 3314 istud

187 3355 283 3423 ubique
302 3354 327 3404 in
349 3353 424 3405 codd.
444 3350 476 3403 ab
495 3366 527 3402 eo
547 3350 655 3416 collatis,
673 3354 733 3402 item
754 3353 780 3401 in
799 3365 893 3402 novem
907 3349 1020 3420 Anglicis
1041 3357 1067 3402 et
1078 3351 1104 3402 in
1116 3351 1207 3403 nostris

189 3441 314 3494 omuibus.

259 3528 301 3581 lll.
327 3529 354 3597 1)
367 3531 446 3584 lione
463 3527 495 3581 Α.
530 3526 591 3580 Tum
610 3532 711 3598 ptos-ia,
736 3538 761 3582 at
777 3533 863 3582 maior
881 3545 948 3582 ostro
966 3535 1006 3582 est
1029 3525 1085 3589 llld,
1111 3526 1206 3594 plania,

189 3620 277 3672 maior
294 3614 351 3668 edd.
370 3623 432 3668 vett.
452 3631 473 3667 ε.
490 3613 587 3667 Erasm.
606 3613 681 3666 Grau,
700 3623 777 3682 atque
796 3613 893 3666 llorell.
929 3612 1066 3680 Perperam
1086 3619 1142 3664 tuto
1160 3625 1207 3676 pro
1233 3635 1236 3644 ·

192 3723 260 3759 euro
278 3704 308 3756 Α.
350 3707 401 3759 Eat
426 3703 450 3754 h.
469 3703 486 3756 l.
505 3718 554 3755 om.
574 3702 614 3754 Fr.
635 3702 713 3754 Eram.
733 3701 757 3752 2.
777 3709 802 3752 et
824 3700 848 3752 S.
874 3701 1043 3769 Augustin.
1069 3697 1101 3748 de
1127 3696 1206 3748 doctr.

193 3791 284 3844 Christ.
304 3789 344 3844 lV.
363 3791 406 3844 21.
431 3795 456 3858 ς.
473 3793 515 3844 ta.
541 3791 568 3844 T.
587 3790 628 3843 Ill.
659 3790 685 3843 P.
704 3789 723 3841 1.
750 3806 775 3856 p.
794 3789 837 3842 st.
865 3788 894 3841 E.
914 3783 1109 3840 assentientibus
1134 3782 1207 3835 codd.

192 3879 302 3948 Frisinq.
315 3879 462 3950 Windberq.
475 3879 580 3933 Palatia.
617 3879 645 3945 2)
663 3881 705 3932 a'tta'
716 3881 748 3943 Α,
768 3879 824 3930 ittae
837 3875 885 3941 lla,
903 3879 951 3929 itio
970 3872 1044 3926 codd.
1058 3868 1166 3939 Frisinq.
1183 3878 1209 3921 et

193 3966 295 4019 Windb.
313 3967 338 4022 in
356 3967 461 4042 August
478 3967 495 4022 l.
514 3985 537 4022 o.
572 3965 651 4020 Panlo
669 3973 729 4035 post
744 3967 899 4037 spiritusotia
915 3962 964 4015 llo.
1000 3959 1029 4012 ln
1047 3970 1120 4024 seqq.
1134 3967 1209 4027 atque
