2834 4686
733 405 797 472 2¹78

255 572 286 630 et
308 572 406 628 manet
428 565 573 642 Christus,
597 565 712 647 patiens
735 567 896 644 invenitur,
924 568 962 628 ita
985 567 1133 648 inpatiens
1156 585 1277 648 semper

255 681 390 758 exsistit,
412 679 498 742 auiam
520 686 649 742 mentem
672 678 781 741 diaboii
804 679 936 760 nequitia
956 679 1097 761 possedit.
1145 679 1276 744 Exordia

255 794 386 873 denique
414 794 479 874 ipsa
512 790 674 854 uideamus.
718 790 861 854 Diabolus
883 789 1032 854 huminem
1054 791 1092 854 ad
1115 793 1276 876 imaginem

256 905 435 970 naitanum
462 905 642 986 inpatienter
670 903 744 966 tulit.
788 902 861 966 luda
892 909 921 966 et
937 899 965 979 ³)
997 907 1075 985 perit
1104 905 1217 986 primus
1248 911 1278 968 et

256 1017 389 1102 perdidit.
436 1017 533 1081 Adam
549 1012 577 1090 ⁴)
601 1023 706 1080 eontra
729 1017 861 1080 caeleste
872 991 1075 1097 'praeceptum
1099 1018 1156 1080 eibi
1180 1018 1276 1082 intutis

256 1133 403 1215 inpatiens
426 1133 456 1194 in
479 1137 604 1196 mortem
627 1131 752 1209 eeeidit,
780 1148 837 1194 neu
861 1137 1012 1212 acceptam
1036 1130 1178 1194 diuinitus
1200 1151 1274 1214 gra-

255 1249 325 1310 tiam
356 1245 497 1327 patientia
529 1243 654 1308 custode
688 1245 840 1319 servarim
876 1249 906 1305 et
940 1251 972 1306 ut
1007 1242 1127 1306 iretmm
1159 1243 1231 1308 Cain
1249 1242 1275 1320 ⁵)

256 1361 436 1442 perimeret,
471 1357 608 1422 eaurifieii
641 1357 706 1422 eius
738 1364 768 1418 et
800 1357 930 1421 muneris
963 1357 1108 1437 inpatiens
1142 1355 1213 1433 fuit3
1246 1365 1276 1418 et

256 1464 539 1554 quantumuis
562 1467 721 1531 maioribus
744 1467 780 1529 ad
804 1468 919 1530 minora
943 1467 1109 1549 deseendit,
1132 1470 1275 1550 primatus

256 1599 328 1644 suos
361 1597 417 1661 per
450 1577 651 1658 inpatientiam
686 1577 774 1639 tentis
809 1577 911 1640 amisit.
966 1576 1041 1650 Quid
1061 1575 1104 1659 Ἰ),
1138 1579 1275 1644 luduicus

256 1693 385 1776 pupulas
408 1691 488 1754 eirea
512 1689 655 1752 beneficia
679 1687 778 1752 divina
800 1688 932 1772 perddus
955 1696 985 1753 et
1010 1693 1144 1774 ingratus
1170 1714 1275 1760 nonne

256 1805 336 1888 quud
368 1823 384 1868 a
417 1803 476 1867 deu
506 1804 630 1884 primum
662 1803 804 1880 recessit,
836 1803 1027 1884 inpatientiae
1056 1808 1168 1872 crimen
1196 1807 1275 1872 tait?

258 1921 332 1982 Dum
348 1917 446 1998 Moysi
469 1933 534 1980 cun
558 1915 615 1977 deo
639 1915 788 1994 loquentis
801 1909 829 1992 8)
854 1933 954 1979 meras
977 1934 1037 1980 nou
1061 1927 1162 1999 potest
1185 1920 1275 1999 terre,

256 2032 401 2116 profanus
423 2030 500 2092 deus
524 2047 614 2094 ausus
638 2036 684 2090 est
706 2029 877 2110 postutare,
910 2037 941 2096 ut
969 2031 1083 2095 itineris
1112 2035 1159 2096 sui
1182 2033 1273 2126 duues

163 2151 165 2161 '
257 2151 444 2226 nuncuparet
474 2151 562 2225 caput
592 2143 732 2206 bubulum
763 2150 799 2216 et
821 2146 967 2208 terrestre
996 2147 1184 2228 figmentum,
1217 2168 1273 2212 nee

257 2253 464 2264 ......-...-——-·

257 2309 282 2352 et
300 2299 336 2354 Ba
355 2300 450 2351 restitui
473 2301 593 2370 possedit
612 2304 637 2362 (a
655 2299 795 2368 posside),
821 2300 850 2350 ιἰι
870 2301 962 2352 Deuite
979 2316 1130 2370 pennmmeu
1148 2306 1200 2355 nat.
1238 2302 1272 2353 ita

179 2420 181 2429 .
257 2404 293 2454 pr.
313 2385 423 2438 habebat
442 2389 516 2438 etiam
536 2385 575 2436 Mb
596 2393 621 2436 et
640 2401 655 2436 e
672 2387 794 2454 passedet
813 2399 877 2435 corr.
897 2401 930 2435 m.
952 2387 1098 2439 emendavit
1117 2389 1141 2438 in
1160 2389 1218 2439 cod.
1235 2388 1271 2440 W.

257 2475 285 2537 3)
304 2485 343 2538 et,
365 2474 431 2542 quod
452 2472 488 2523 Bb
510 2488 577 2537 om,
598 2488 687 2524 manus
706 2471 864 2550 emepdatrix
881 2487 955 2540 supra
975 2473 1071 2524 addidit
1090 2476 1114 2526 in
1134 2474 1173 2525 W.
1212 2473 1272 2528 Tura

256 2581 325 2645 perit
341 2576 456 2628 scribunt
473 2575 511 2624 W.
533 2574 567 2627 Da
587 2583 612 2626 et
631 2575 685 2639 Me,
703 2551 782 2644 peri¹t
800 2574 856 2640 tta,
872 2579 950 2644 periit
970 2578 1009 2642 [ut
1028 2576 1120 2645 iegitur
1138 2578 1231 2647 vulgo)
1249 2581 1272 2630 iu

258 2662 298 2713 tta
319 2677 333 2712 e
351 2664 419 2727 perit
439 2669 540 2712 enatum
559 2669 606 2713 eat.
644 2661 682 2712 De
708 2678 756 2729 qua
782 2670 910 2714 contracta
936 2662 1045 2730 perfecti
1072 2664 1151 2718 turma
1170 2667 1223 2718 vid.
1243 2667 1272 2719 ad

258 2749 375 2800 dominia.
396 2756 459 2799 urat.
480 2763 535 2815 cap.
556 2747 597 2800 tlt.
617 2755 670 2798 not.
691 2746 731 2798 10.
752 2756 778 2797 et
796 2746 815 2799 1.
836 2747 876 2798 24.
899 2751 922 2813 §.
943 2747 1003 2813 tua,
1021 2751 1046 2800 2.
1084 2750 1148 2804 Dein
1167 2764 1192 2808 aa
1208 2771 1272 2822 par.

257 2838 323 2888 didit
341 2850 379 2901 pr.
399 2835 518 2886 emissum
538 2850 604 2888 eurr.
624 2851 656 2886 m.
676 2835 848 2902 supplevitin
868 2836 908 2887 W.
952 2838 979 2898 t)
1000 2835 1062 2888 Gen.
1083 2837 1109 2902 3,
1126 2837 1150 2890 6.
1189 2839 1274 2890 diutile

258 2922 293 2972 A:
312 2925 395 2974 Adam
412 2933 478 2977 tuna
496 2927 589 2978 ceieete
605 2933 758 2992 receptum
774 2925 906 2992 punientia
925 2927 1034 2978 eurtude
1049 2927 1177 2980 umait.
1214 2925 1274 2978 Tum

209 3053 214 3065 ,
258 3010 361 3060 inversu
381 3009 472 3060 ordine
492 3010 551 3064 edd.
571 3018 631 3062 vett.
651 3018 677 3062 et
695 3009 792 3062 Erasm.
813 3025 868 3062 eum
886 3009 948 3062 tier.
969 3010 1090 3062 exhibeat
1107 3023 1274 3080 praeseptum

258 3099 377 3149 euadente.
414 3094 631 3161 Praepositiunem
651 3101 680 3151 ιἰι
699 3105 758 3148 ante
776 3107 886 3152 murtena
903 3112 924 3148 r.
940 3113 972 3147 m.
990 3099 1169 3164 superscripsit
1184 3101 1210 3150 in
1225 3097 1273 3162 Μι,

161 3194 164 3199 ·
259 3174 295 3230 Db
321 3179 397 3232 hahet
420 3184 454 3234 ad
476 3193 594 3238 urentem.
639 3183 667 3235 V.
692 3186 819 3253 patientia
844 3183 884 3234 al.¹
903 3200 934 3234 ιιι.
963 3200 1038 3251 supra
1062 3184 1157 3236 addidit
1182 3186 1207 3234 in
1233 3184 1273 3235 W.

258 3267 286 3328 5]
306 3265 361 3316 Vid.
376 3263 437 3318 Gen.
451 3268 477 3331 4,
491 3269 515 3318 8.
554 3268 641 3321 Statim
657 3279 800 3338 peremerat
812 3269 850 3320 W.
886 3267 949 3322 Taua
968 3275 1097 3358 surripiant
1113 3281 1138 3326 et
1155 3275 1274 3326 muneris

257 3355 317 3406 eiua
336 3349 382 3402 Bb.
420 3353 449 3420 a)
469 3352 531 3406 Gen.
547 3355 590 3418 25,
609 3354 641 3404 25
662 3364 687 3406 et
705 3355 747 3406 st.
768 3355 806 3406 tta
826 3374 841 3409 a
859 3361 1016 3412 maioribus.
1054 3359 1082 3424 7)
1103 3356 1182 3410 Deest
1200 3360 1225 3409 in
1244 3359 1274 3410 Α.

258 3439 327 3490 Idem
347 3438 412 3491 iiber
430 3439 507 3492 habet
525 3444 597 3494 eirea
616 3444 707 3496 diuina
725 3446 855 3512 beneficia.
893 3442 1011 3500 Ceterum
1029 3446 1080 3498 vid.
1095 3443 1177 3498 tired.
1191 3444 1234 3509 32,
1253 3445 1274 3496 1.

258 3523 286 3587 8)
307 3526 373 3578 Cum
391 3529 483 3596 Mopse
503 3561 530 3570 -·
553 3532 671 3597 loquente
683 3529 727 3594 ui,
754 3534 918 3600 aantuqawnti
936 3530 993 3595 Βιι,
1011 3535 1191 3600 suniuqnmta'e
1209 3531 1274 3584 tint.

259 3608 305 3662 Bu.
326 3609 416 3662 iiauut.
438 3609 530 3664 Pamei.
548 3611 629 3666 Oxou.
648 3614 731 3666 Belua.
748 3613 848 3678 Gelda,
867 3619 1040 3686 uultuqueatiu
1059 3608 1130 3683 dieti‚'
1145 3621 1274 3688 loquentia

259 3703 328 3748 recte
342 3695 373 3744 W
392 3706 418 3748 et
437 3707 556 3766 quattuor
568 3700 667 3767 nngtin
686 3709 839 3770 vatemque
858 3702 916 3754 edd.
936 3719 960 3754 e.
973 3701 1068 3754 Erarm.
1082 3703 1157 3756 Grau.
1175 3713 1202 3758 et
1214 3705 1273 3758 Dar.

260 3783 314 3834 Vid.
335 3783 366 3832 ad
388 3783 477 3836 Donat.
497 3802 551 3854 cap.
572 3786 636 3839 xit.
656 3805 681 3840 ιι.
702 3788 741 3840 ts.
779 3789 839 3840 Tum
857 3807 946 3844 meree
967 3789 1018 3854 Bb,
1043 3791 1136 3844 deinde
1152 3795 1275 3860 preferre

262 3870 298 3932 t,
324 3880 363 3922 eat
382 3879 440 3936 pust
458 3889 545 3926 auena
563 3875 703 3926 annuerunt
723 3875 847 3942 Rigattius
866 3884 892 3926 et
910 3874 1076 3931 oxonienses.
1116 3875 1173 3928 tina
1192 3879 1275 3930 taces

259 3956 333 4007 deest
351 3957 376 4007 iu
397 3957 428 4022 Α,
448 3969 526 4030 eaput
544 3974 558 4012 a
576 3975 642 4013 eurr.
662 3977 694 4012 m.
715 3965 913 4031 superscriptam
933 3963 1027 4032 iegitur
1047 3964 1071 4017 ia
1092 3962 1132 4027 W,
1153 3964 1275 4021 tutatuta
