2858 4688
732 345 796 408 200

254 509 465 594 indulgentiam
497 507 630 589 largitur.
683 503 747 564 Hoc
778 509 808 563 et
839 501 975 564 dominus
1008 504 1035 566 in
1068 505 1227 598 evangetio
1247 504 1276 580 ἐ)

254 623 340 687 docet
350 645 359 699 3
384 641 450 684 num
471 627 541 684 cunt
554 620 768 682 denotarentur
785 616 924 698 discipuli
940 619 1014 696 eius,
1038 618 1117 699 quod
1136 620 1275 698 ederent,

253 741 310 800 nec
340 737 422 819 prius
453 749 556 806 manus
588 733 769 808 abluissent,
804 731 959 812 respondit
988 738 1017 793 et
1040 733 1114 798 dixit
1130 731 1177 805 3).·
1212 734 1275 808 Qui

251 851 330 929 fecit
345 849 372 928 ⁴)
397 851 481 930 qood
503 857 550 910 cst
573 851 674 924 totos,
704 846 782 923 fecit
805 854 834 908 ct
857 847 942 938 qood
962 845 1047 922 foris
1070 855 1136 921 eat-,-
1167 869 1274 922 oerum

254 967 325 1028 date
348 967 591 1045 eleemosynam,
616 971 645 1023 et
668 981 737 1024 cccc
760 961 850 1023 cobis
872 963 989 1023 mondo
1013 963 1133 1039 omnia.
1159 963 1274 1026 docens

254 1079 367 1140 scilicet
390 1085 420 1140 et
443 1077 605 1140 ostendens
628 1094 687 1138 non
704 1093 808 1137 manus
824 1075 967 1156 iuvandas
984 1093 1063 1154 esse,
1087 1049 1143 1138 sed
1156 1085 1274 1160 pectus,

255 1199 284 1254 et
299 1183 406 1255 sordes
422 1193 601 1255 intrinsecus
617 1192 725 1273 potius,
750 1209 840 1280 qoam.
853 1191 1041 1252 extrinsecus
1058 1190 1258 1253 detrahendas
1267 1215 1274 1267 ;

254 1325 357 1369 verum
389 1307 439 1388 qui
468 1307 642 1390 purgaverit
673 1304 752 1386 quod
782 1309 827 1366 est
854 1306 950 1380 intus,
986 1323 1053 1366 eum
1083 1323 1205 1386 quoque
1235 1307 1274 1385 id,

255 1397 342 1504 quod
357 1420 433 1484 ioris
458 1427 512 1499 est,
537 1437 720 1502 repurgasse
743 1425 774 1500 et
797 1418 953 1480 emundata
978 1425 1076 1480 mente
1100 1426 1167 1500 oute
1188 1438 1274 1500 quo-

255 1553 314 1616 que
343 1542 373 1596 et
402 1552 531 1616 corpore
559 1533 698 1596 mundum
726 1549 795 1596 esse
820 1533 966 1613 coepisse.
1012 1533 1109 1594 Porro
1129 1539 1227 1595 autem
1245 1531 1273 1610 ⁵)

255 1666 380 1710 monens
405 1655 434 1710 et
458 1648 620 1710 ostendens
639 1647 718 1710 unde
734 1645 835 1708 mundi
852 1652 880 1708 et
895 1647 1014 1728 purgati
1030 1663 1099 1710 esso
1114 1648 1273 1729 possimus,

255 1760 365 1823 addidit
396 1762 603 1844 eleemosynas
633 1779 701 1823 esse
729 1760 888 1824 iaciendos.
935 1761 1105 1822 Misericors
1130 1760 1274 1838 mouet⁶t
1306 1810 1309 1815 .

255 1875 488 1958 misericordiam
513 1876 594 1951 [icri;
627 1880 657 1936 et
678 1875 746 1955 quia
771 1876 1034 1955 servare-quaerit
1064 1893 1139 1954 quos
1164 1897 1272 1959 magno

255 1989 397 2068 redemit,
431 1995 500 2070 post
530 1988 653 2070 gratiam
687 1988 818 2068 baptismi
851 1986 1019 2050 sordidatos
1053 1987 1140 2050 docet
1174 1989 1274 2052 denuo
1338 2011 1342 2022 ·

257 2190 326 2238 tione
345 2203 394 2238 non
415 2195 453 2237 est
473 2201 545 2253 opus.
582 2185 610 2245 2)
632 2183 664 2233 tta
685 2182 758 2234 codd.
779 2199 866 2233 omnes
886 2192 912 2234 et
931 2183 971 2234 ed.
993 2183 1107 2247 Moretl.‚
1135 2189 1162 2238 in
1181 2204 1273 2254 courcy.

256 2279 349 2330 dontio.
377 2274 435 2325 edd.
462 2273 517 2324 rett.
555 2271 631 2322 Paulo
649 2278 714 2338 *post
739 2287 786 2337 pro
813 2274 960 2323 obiecissent
985 2273 1010 2320 in
1036 2272 1093 2322 cod.
1115 2272 1172 2324 Ver.
1198 2282 1223 2324 et
1250 2278 1275 2324 in

255 2362 325 2413 tibris
343 2370 401 2414 ante
416 2360 510 2410 Manat.
531 2360 605 2410 editis
626 2358 731 2410 babetur
747 2363 895 2435 taodoocrrt.
923 2358 950 2424 3)
965 2359 1022 2410 Luc.
1036 2360 1080 2423 tr,
1094 2361 1136 2411 to.
1174 2362 1201 2426 t)
1218 2362 1274 2412 Ad-

256 2450 321 2499 ditur
339 2453 423 2518 inqut‘t
443 2450 466 2498 in
487 2447 535 2497 bib.
574 2445 622 2496 Pro
642 2445 735 2513 vulgat.
756 2449 830 2498 iaetus
849 2457 888 2498 cot
908 2446 967 2496 dedi
989 2456 1028 2499 eet
1053 2451 1127 2500 iaetus
1153 2448 1274 2516 flagitan-

256 2535 323 2585 tibus
342 2551 400 2584 mss.
421 2535 545 2587 omnibus.
585 2531 745 2582 Concordant
763 2532 915 2582 Testimouia
936 2533 974 2584 ttl.
992 2533 1013 2583 1.
1033 2550 1057 2600 p.
1072 2533 1131 2587 303.
1169 2537 1231 2586 Dein
1251 2549 1275 2590 et

256 2637 304 2672 om.
317 2620 346 2671 Α.
375 2619 443 2669 idem
457 2620 499 2668 dat
511 2623 600 2688 sortis.
629 2619 744 2670 Proximo
760 2621 816 2670 edd.
831 2629 891 2670 vett.
906 2637 926 2670 c.
941 2619 1037 2672 Erasm.
1051 2621 1125 2673 Grau.
1139 2633 1163 2674 et
1178 2623 1274 2676 bloreii.

256 2706 350 2756 babent
368 2723 428 2758 accc
447 2703 545 2759 nruirdo
563 2693 626 2760 ecrit
644 2711 731 2759 canario
750 2711 835 2770 vobio,
855 2706 921 2758 Test.
942 2707 957 2756 i.
976 2725 997 2758 c.
1018 2726 1082 2774 ecce,
1094 2714 1168 2763 vobio
1187 2715 1275 2764 omnio

255 2803 318 2846 cunt
330 2796 436 2856 usuardo,
456 2793 495 2843 dib
509 2793 598 2844 scribit
611 2797 697 2846 omerio
712 2797 809 2847 nrorrda
823 2796 916 2845 omisso
929 2811 952 2845 v.
966 2806 1037 2848 curet.
1071 2795 1135 2847 Maio
1149 2801 1221 2849 docet
1235 2797 1274 2848 bia
1294 2829 1298 2836 -

211 2893 214 2900 ’
256 2887 282 2929 et
300 2897 407 2932 monum
427 2883 558 2933 taoorrdut
569 2881 597 2930 Α.
630 2880 709 2930 Paulo
723 2889 781 2948 post
793 2896 839 2948 pro
852 2885 1027 2946 detrahendae
1041 2892 1122 2933 exstet
1136 2887 1274 2936 diluendos

257 2970 280 3018 in
301 2967 359 3018 edd.
379 2977 451 3032 vett,
471 2967 617 3034 quibuscum
638 2967 733 3018 iaciunt
752 2966 847 3018 Erosm.
870 2967 943 3018 Gruv.
963 2977 987 3018 et
1008 2969 1119 3032 Mercib,
1138 2988 1272 3038 paroeco-

256 3065 316 3106 rorrt
340 3071 378 3121 pr.
405 3053 538 3122 tegebatur
563 3056 587 3104 in
608 3054 657 3104 bib.
696 3055 756 3104 Tum
782 3065 821 3107 oet
846 3059 917 3122 forie
945 3055 1065 3106 exhibent
1090 3055 1147 3106 edd.
1168 3066 1228 3108 vett.
1249 3074 1272 3108 c.

257 3141 352 3192 Erasm.
379 3150 404 3190 et
425 3140 498 3192 Grau.
534 3141 621 3192 Statim
647 3159 816 3210 exp-croceae
841 3142 927 3192 scribit
952 3141 987 3192 Bb
1016 3153 1041 3193 et
1066 3159 1111 3210 pro
1136 3147 1274 3197 ornandoto

257 3227 291 3276 Ba
309 3237 430 3296 poemata.
463 3229 542 3280 Voce.
561 3240 584 3282 et
603 3246 712 3295 corpore
731 3228 858 3280 adduntur
876 3238 933 3296 post
953 3235 1072 3300 coepisse
1091 3234 1114 3281 in
1132 3231 1201 3281 libris
1216 3240 1273 3282 ante

258 3315 349 3364 Manat.
365 3315 447 3366 editis.
484 3317 514 3383 5)
534 3320 619 3370 Porro
639 3325 724 3366 outone
742 3318 865 3370 dominos
885 3318 961 3368 babet
980 3318 1109 3385 exenrpiar
1122 3318 1184 3369 Dnv.
1218 3319 1274 3370 mex

255 3419 403 3470 poscumus
423 3403 452 3452 Α.
489 3403 518 3470 6)
538 3403 574 3452 lta
594 3400 668 3452 codd.
688 3417 776 3454 omnes
795 3413 820 3454 et
840 3405 898 3455 edd.
919 3405 1009 3457 dlnnut.
1031 3423 1060 3457 uc
1079 3405 1183 3470 tumet,
1203 3411 1274 3460 decet

257 3507 288 3541 oc
313 3501 397 3543 monet
421 3498 483 3541 vett.
511 3491 568 3540 edd.
594 3507 616 3540 c.
636 3488 731 3542 Erusrn.
758 3489 832 3542 Gruv.
860 3493 957 3544 bioretb
986 3501 1010 3544 ct
1030 3492 1126 3555 oxon,
1154 3497 1226 3547 docet
1250 3504 1275 3548 et

256 3587 342 3630 nrorret
360 3576 445 3632 Bolus.
466 3576 558 3627 Routb.
579 3575 668 3628 Goldh.
706 3581 758 3632 Sed
777 3596 822 3646 pro
841 3590 864 3632 et
884 3580 919 3632 Bb
939 3590 964 3631 et
978 3597 1028 3648 pro
1047 3585 1148 3650 quaerit
1167 3580 1204 3630 tta
1225 3598 1272 3634 rc-

258 3666 346 3730 quirt't.
385 3664 445 3714 Tum
471 3681 564 3732 necyoo
589 3669 695 3718 redemit
715 3667 789 3718 codd.
810 3667 850 3716 W.
872 3667 918 3718 bia.
941 3668 998 3720 Bab.
1020 3671 1040 3720 tt
1060 3679 1085 3719 et
1105 3671 1215 3736 quinque
1234 3683 1273 3734 ap.

195 3781 199 3788 -
259 3746 426 3800 oxonienses.
464 3749 604 3802 Concinunt
628 3752 685 3804 edd.
706 3753 802 3804 Erasm.
825 3755 896 3807 Grau.
918 3767 942 3807 et
962 3757 1078 3822 Manat..
1100 3775 1193 3825 errayoo
1218 3758 1274 3809 red.

256 3837 344 3902 precio
364 3836 423 3886 dant
442 3844 502 3886 vett·
523 3837 591 3902 edd,
610 3844 698 3906 precio
716 3859 810 3909 maeno
829 3846 882 3894 rod.
901 3841 940 3892 Md
961 3860 983 3894 c.
998 3843 1039 3894 ed.
1055 3842 1160 3906 Morou,
1181 3859 1274 3911 moereo

256 3923 345 3987 precio
363 3925 417 3974 rad.
439 3921 532 3974 Poinoi.
552 3923 644 3992 Rigalt.
666 3924 762 3992 Oxou,
785 3946 878 3998 oweno
896 3935 979 3998 pretio
997 3933 1051 3984 red.
1074 3928 1159 3980 Batou.
1180 3928 1272 3980 uouit.
