2858 4688
629 421 692 486 139

150 580 231 662 qnod
261 598 338 662 quoe
368 581 474 642 uivere
504 578 588 661 epnd·
612 577 699 641 deum
723 577 867 656 dicimus,
896 584 928 642 nt
951 579 1116 644 exstinctos
1139 585 1169 642 et

150 694 285 776 perditos
308 694 462 776 lugeamus
492 699 522 754 et
545 690 649 770 idem,
681 709 768 773 qnam
792 709 933 755 sermone
956 698 986 754 et
1008 709 1085 754 voce
1109 691 1167 756 de-

151 793 332 889 promimus,
364 803 463 868 cordis
488 809 518 866 et
539 804 670 885 pectoris
694 804 864 867 testimonio
895 821 954 866 non
979 803 1169 885 probemus?

151 917 222 999 Spei
245 923 367 978 nostroe
391 920 421 976 et
436 910 464 990 ²)
494 913 562 976 idei
592 902 852 995 praevaricatores
874 932 994 991 sumum
1025 916 1168 995 simniote,

151 1029 236 1108 icto,
268 1029 364 1092 incute
395 1027 533 1089 videntur
562 1029 738 1108 esse'quee
765 1028 898 1091 dicimus.
943 1027 1021 1096 Nihil
1044 1029 1169 1112 prodest

150 1143 253 1206 verbis
275 1137 475 1226 praeter-10³)
500 1143 636 1204 virtutem
661 1149 691 1202 et
714 1141 798 1204 tectis
822 1140 979 1206 destruere
1002 1143 1166 1205 veritatem.

149 1255 289 1338 inprobet
302 1253 330 1332 ⁴)
356 1254 486 1336 denique
509 1255 663 1336 apostolus
679 1255 787 1320 Paulus
810 1262 841 1317 et
862 1257 1000 1337 obiurget
1017 1261 1047 1316 et
1062 1255 1168 1338 cnipet,

150 1370 176 1432 si
200 1370 251 1450 qui
275 1368 489 1432 contristentur
509 1369 540 1431 in
564 1386 694 1432 excessu
717 1385 847 1432 sucrum.
893 1365 1094 1444 Noinmnsit,
1117 1369 1167 1432 in·

150 1482 214 1564 quit
229 1477 268 1561 ⁶),
291 1483 439 1563 ipnornrc
461 1499 534 1560 nos,
556 1481 696 1560 fratres,
720 1483 758 1544 de
780 1480 1006 1549 dormientibus
1013 1489 1082 1558 ,ort
1103 1501 1168 1545 nun

151 1593 389 1670 contristemini,
413 1594 495 1656 sicut
517 1594 674 1670 electori,
698 1594 752 1674 qut
773 1612 836 1656 non
859 1593 976 1656 nubent
995 1613 1087 1674 opem.
1133 1594 1168 1656 Si

148 1707 229 1768 eninr
251 1685 405 1768 credimur
426 1705 501 1786 puio
519 1700 545 1782 ²)
568 1703 820 1768 [commortuus
845 1713 891 1768 est
918 1713 949 1768 et
977 1707 1166 1784 resurrexit,

147 1896 269 1964 pressim
293 1901 319 1944 et
342 1906 400 1944 mox
422 1896 548 1962 quociens
572 1906 619 1959 pro
643 1909 724 1962 qnoe3
753 1891 819 1943 idem
839 1911 860 1945 e.
881 1894 918 1945 Bb
938 1899 1008 1963 apud
1025 1899 1166 1951 dominum,

149 1979 198 2031 Pro
217 1990 246 2033 ut
265 1977 305 2030 tib
325 1978 402 2030 haber
420 1989 558 2050 tamquam.
595 1977 673 2030 Ponto
691 1987 749 2046 poet
772 1997 824 2034 non
846 1985 986 2048 prodemus
1005 1984 1030 2034 in
1051 1981 1085 2034 lie
1105 1997 1165 2036 ecr-

148 2077 249 2135 ruptum
267 2068 292 2117 in
312 2071 517 2135 comprobemur.
554 2067 582 2124 2)
602 2066 638 2118 itu
657 2066 732 2117 codd.
753 2081 842 2118 ornnes
863 2075 889 2118 et
906 2067 946 2120 ed.
967 2068 1079 2142 blumii,
1098 2070 1166 2139 rnig.

148 2172 188 2208 ae.
226 2153 287 2204 Tum
305 2158 395 2209 simne
413 2168 459 2221 pro
477 2171 575 2212 euntem
589 2152 639 2204 bib.
676 2153 777 2204 [teinde
795 2157 822 2207 ei
839 2157 965 2209 simulata
982 2160 1089 2222 fidncia,
1106 2163 1167 2226 picta

149 2239 181 2305 tt,
200 2243 228 2294 ei
244 2243 371 2295 simulata
389 2242 450 2292 item
470 2239 511 2292 Bit
526 2247 552 2293 et
572 2241 622 2291 dno
642 2239 741 2308 Angiici
760 2241 937 2310 editionesqoo
957 2241 1021 2294 Der.
1041 2251 1068 2293 et
1080 2241 1166 2307 Grau,

148 2327 173 2379 iu
192 2343 241 2396 qun
259 2328 401 2394 posteriore
413 2329 484 2379 *coni
504 2331 532 2382 ri
548 2327 724 2378 minutioribus
743 2330 809 2396 typis
829 2345 948 2396 exprome
968 2339 1015 2381 est.
1053 2331 1083 2396 3)
1102 2330 1167 2382 dieto

147 2419 270 2484 norme
286 2413 401 2466 mnu
417 2412 455 2464 m
477 2422 504 2466 o
521 2412 552 2465 n.
568 2431 590 2467 e.
614 2414 686 2466 tren·
709 2401 768 2467 anre
787 2415 884 2468 neren.
903 2417 995 2481 annm
1020 2421 1167 2486 maerens,

149 2499 217 2568 quod
236 2504 315 2554 ceteri
335 2501 409 2554 codd.
429 2510 456 2553 et
473 2500 554 2553 Vetto.
575 2499 601 2553 ³.
619 2511 690 2554 reete
709 2502 819 2567 babent,
841 2503 965 2571 significet
983 2512 1095 2558 nostrum
1113 2521 1168 2558 nter

148 2591 239 2642 Sciam
258 2598 357 2658 troposi.
396 2588 438 2642 Gi:
454 2590 486 2642 de
504 2591 572 2643 bono
591 2599 642 2659 pet.
662 2606 717 2659 cup.
736 2590 767 2644 li.
788 2591 876 2659 ibique
895 2591 1007 2644 adnotet.
1024 2593 1047 2642 1.
1082 2589 1166 2642 Verbo

147 2689 218 2743 seqq.
241 2685 265 2729 et
286 2681 369 2742 scotie
392 2681 530 2733 dervnere
553 2683 703 2747 natatem,
731 2687 819 2747 utpote
838 2695 853 2730 ι
872 2695 904 2732 m.
922 2693 958 2747 pr.
977 2677 1167 2746 praetermisso,

148 2761 173 2812 in
192 2760 235 2812 ΙΙ,
259 2778 279 2812 r.
303 2779 337 2816 m.
361 2765 393 2814 eri
418 2781 469 2832 mg.
495 2767 599 2818 eddidit.
637 2765 703 2816 Pnrt.
724 2776 749 2820 et
766 2783 816 2818 nm.
837 2767 929 2818 Monet.
950 2764 1044 2817 Penei.
1064 2763 1121 2832 urg.
1141 2771 1167 2816 et

149 2843 229 2897 Oxou.
249 2849 334 2900 iuviti·
357 2849 428 2902 libris
452 2867 510 2903 mee.
557 2852 585 2914 4)
605 2852 640 2902 itu
659 2851 691 2900 tt
701 2888 709 2915 ‚
736 2855 865 2920 inprobat
883 2851 938 2903 reti.
957 2850 1016 2902 iibri
1035 2851 1122 2914 scripti
1141 2856 1167 2901 et

149 2931 210 2982 editi
228 2941 330 3000 pmeter
349 2935 452 3001 Boium,
478 2937 520 2989 nbi
543 2938 637 3004 iegitur
660 2941 795 3007 increpat,
823 2935 889 3004 qnod
914 2935 1009 2986 iiiutum
1033 2935 1167 2986 rideture

149 3018 249 3071 dnobus
268 3019 342 3074 codd.
355 3023 477 3091 Angiieis.
513 3021 634 3074 Editnree
653 3029 737 3073 notem
750 3020 909 3073 Oxonierreee
924 3023 948 3073 in
964 3021 1084 3072 ednotutt.
1100 3035 1166 3072 cor·

148 3106 264 3158 iecerunt
288 3108 425 3176 tegendum
450 3125 509 3160 eme
534 3113 701 3178 improperat.
738 3109 822 3161 Fnieo.
860 3109 917 3161 Ιοι
941 3111 1113 3162 cono-icterus·
1136 3106 1165 3158 Α.

148 3192 214 3246 Ante
233 3211 353 3250 erocum
371 3196 507 3264 (emonem
525 3196 674 3264 typothetae
693 3198 787 3248 incuriu
807 3197 907 3264 irrepsit
925 3198 949 3248 in
970 3193 1098 3262 exemptor
1109 3193 1165 3246 tt·-

147 3283 291 3347 nntinnnm)
311 3285 429 3334 omittunt
447 3281 550 3351 quidem
570 3285 783 3350 praepositionem
801 3297 852 3336 non
871 3283 952 3335 coium
972 3283 1022 3334 mei
1036 3281 1101 3346 iibri,
1119 3280 1165 3332 ud

148 3368 224 3419 etiem
241 3367 301 3420 Ver.
320 3379 347 3422 et
364 3370 461 3438 Neup.;
487 3377 678 3434 verumtamen,
702 3386 759 3421 cnm
778 3370 841 3422 inire
862 3369 937 3421 eodo,
957 3384 1047 3420 omnm
1063 3376 1166 3435 praeter

147 3452 206 3504 Ver.
227 3454 364 3508 exhibeant
386 3461 415 3511 ire
438 3473 569 3521 excerso,
595 3457 721 3525 vulgetem
740 3457 878 3509 lectionem
896 3455 1052 3509 retinendum
1070 3457 1164 3522 putnvi.
1234 3463 1238 3484 t

147 3539 178 3607 5)
196 3543 326 3596 Noinrurre
345 3559 358 3594 e
378 3559 409 3594 m.
425 3559 474 3612 pr.‚
493 3561 506 3594 u
527 3561 545 3594 s.
564 3548 681 3598 noiinnre
695 3544 735 3609 W,
753 3547 869 3598 nolimus
888 3543 1026 3606 edomita,
1045 3545 1104 3596 nolo
1118 3541 1164 3592 tib.

146 3627 176 3689 6)
198 3627 220 3679 1.
234 3626 385 3695 Thesunti,
401 3630 439 3681 13.
477 3630 540 3682 Dein
559 3649 609 3684 voe
627 3635 752 3700 ipnornre
772 3630 835 3695 deb,
853 3649 911 3697 noe,
931 3633 1032 3698 fratrer
1051 3643 1100 3680 om.
1115 3627 1172 3678 bnt*

146 3712 195 3764 Pro
214 3725 245 3769 ert
263 3734 316 3770 uon
335 3720 359 3768 in
379 3717 437 3769 Ver.
459 3716 497 3768 W.
516 3716 579 3769 Ruit.
599 3716 677 3784 Neep.
698 3726 723 3767 et
743 3717 798 3768 tted
817 3717 936 3768 scribitur
960 3733 1007 3779 ne,
1034 3717 1059 3766 in
1079 3714 1120 3766 ttb
1138 3723 1165 3764 et

146 3802 242 3855 Arme.
279 3801 367 3855 Statim
386 3809 429 3858 m'c
447 3814 470 3858 et
489 3805 542 3869 bb,
567 3816 592 3859 et
610 3820 659 3855 oro.
681 3803 725 3855 Bu.
746 3804 827 3872 Neop.
847 3813 873 3856 et
891 3810 922 3857 Α.
960 3802 1021 3854 Tum
1045 3805 1089 3872 qni
1112 3819 1165 3854 non

146 3891 239 3942 butem
256 3907 339 3960 spent,
359 3907 425 3960 qnee
443 3892 521 3944 verbo
540 3893 662 3944 obeunte
685 3891 733 3956 did,
753 3892 841 3958 recepi
860 3906 875 3943 e
894 3891 970 3942 codd.
990 3889 1028 3939 W.
1049 3888 1119 3939 iiubc
1139 3896 1165 3938 et

148 3969 200 4023 Bob
219 3989 266 4040 pro
286 3981 331 4046 qui
349 3995 423 4048 spem
440 3995 492 4035 uon
510 3983 614 4034 inient.
651 3976 775 4048 Congruit
793 3981 876 4031 reneio
895 3979 1004 4046 entique.
1050 3976 1079 4044 7)
1098 3978 1165 4046 prend
