2880 4696
256 517 286 582 et
308 510 472 600 prophelae
495 519 564 580 ente
587 520 616 580 et
639 515 765 598 aposloli
787 514 973 598 postmodum
992 515 1270 598 continuarentur

255 631 364 696 Nonne
386 633 533 698 iustorum
548 628 576 708 ⁴)
600 649 759 714 pressuras
781 637 811 694 et
831 631 985 716 gentilium
1007 650 1126 717 semper
1147 635 1270 700 iniurias

254 746 335 829 pleni
363 755 469 812 sancto
500 747 605 828 spiritu
637 745 915 828 praedicaverunt?
958 747 1065 813 Nonne
1096 748 1183 813 iidem
1209 767 1271 814 no-

255 867 346 924 stram
367 879 487 945 semper
509 879 626 926 armans
640 857 666 937 ⁵)
691 866 721 924 et
742 859 792 925 dei
806 878 914 926 servos
930 862 1051 926 caelesti
1066 880 1145 927 voce
1160 881 1271 928 corro-

216 989 229 1033 s
256 973 366 1036 boreus
389 973 458 1036 dicit
481 974 627 1056 scriptura
649 971 748 1036 divina
761 967 803 1050 6);
827 974 989 1038 Dominum
1007 976 1095 1040 deum
1112 987 1195 1042 tunm
1209 979 1272 1042 od·

256 1087 361 1152 orabis
383 1097 414 1151 et
440 1090 487 1152 illi
514 1090 574 1152 ccli
595 1081 620 1167 ⁷)
646 1089 789 1152 aceles?
832 1088 940 1152 Nonne
968 1091 1042 1154 iram
1073 1090 1191 1156 divinae
1221 1093 1270 1156 in-

256 1201 435 1285 dignationis
471 1201 633 1266 ostendeus
666 1209 696 1264 et
731 1217 849 1284 poenae
882 1208 991 1266 metum
1032 1223 1232 1288 praemonens
1242 1201 1271 1284 8)

258 1317 356 1380 denuo
380 1317 463 1382 dicit:
486 1315 703 1382 Adoreoernnt
720 1335 783 1394 eoa,
806 1335 884 1398 qnos
895 1318 1036 1398 tecnam
1049 1319 1139 1401 digiti
1154 1339 1270 1399 cornea,

258 1427 325 1511 et9)
347 1439 493 1495 curvatus
514 1438 561 1494 eat
580 1431 686 1505 Ιιοηιο,
718 1437 749 1492 et
774 1431 952 1494 humiliatae
980 1440 1028 1496 eat
1055 1435 1124 1508 eim
1153 1443 1183 1498 et
1211 1453 1274 1498 uon

217 1561 243 1605 ao
256 1545 370 1610 laxabo
380 1545 466 1608 illia?
497 1543 533 1605 Et
547 1545 653 1605 iterum
669 1542 742 1605 dens
759 1537 795 1619 ιο)
811 1543 942 1624 loquitur
957 1544 1060 1608 dicens
1080 1545 1137 1624 ¹¹):
1158 1544 1273 1611 Sacri-

255 1662 355 1742 fioone
384 1660 445 1722 diis
471 1656 679 1722 erudicabitur
692 1653 752 1735 ¹²),
776 1658 838 1720 uisi
860 1658 984 1722 domino
1006 1661 1074 1723 soli.
1119 1662 1152 1724 ln
1176 1679 1274 1726 evan-

258 1776 339 1860 gelio
362 1751 482 1857 quoque
504 1771 692 1856 postmodum
715 1770 849 1834 dominus
864 1768 915 1851 ¹³),
938 1775 969 1838 in
991 1774 1093 1838 verbis
1117 1775 1222 1840 doctor
1244 1783 1276 1840 et

258 1896 478 1956 consummator
500 1889 531 1951 in
552 1887 649 1967 iactis,
674 1885 786 1950 docens
809 1885 879 1966 quid
896 1887 983 1950 lieret
996 1873 1032 1951 et'
1043 1888 1156 1954 inciens
1173 1890 1275 1972 quod-

260 2023 387 2085 cumque
417 2002 586 2081 docuisset,
618 1999 758 2082 quicquid
772 1997 812 2077 Η)
842 2018 921 2063 nnnc
953 2002 1069 2083 geritur
1099 2008 1129 2066 et
1151 2012 1276 2086 geretur

223 2135 247 2179 ae
261 2140 322 2186 non
344 2126 412 2184 ante
434 2117 646 2202 praemonuit?
682 2117 790 2180 Nonne
806 2123 836 2178 et
851 2116 1028 2200 negantibus
1052 2124 1174 2180 aeterna
1198 2135 1276 2200 sup·

260 2235 348 2319 plicia
371 2241 401 2298 et
418 2230 455 2311 ¹⁵)
477 2232 618 2298 salutaria
641 2229 849 2295 confitentibus
867 2230 997 2311 praemia
1013 2236 1083 2292 ante
1098 2231 1277 2296 constitnit?

260 2373 466 2388 -ι-ι--Ι-

331 2435 360 2501 3)
377 2438 583 2490 anuntiaverunt
600 2429 638 2497 A,
666 2432 893 2483 monrttieoemnl
911 2427 956 2481 ltb.
993 2430 1063 2482 llaec
1086 2429 1164 2482 verbe
1186 2447 1201 2482 n
1220 2431 1278 2484 cod.

260 2523 302 2576 lid
327 2525 425 2575 absunt.
468 2521 496 2585 t)
523 2529 546 2573 at
570 2521 705 2572 iustorum
727 2515 757 2568 A.
794 2515 852 2567 blox
877 2521 977 2586 spiritu
1000 2527 1093 2572 saneto
1112 2516 1149 2570 Bb
1175 2525 1201 2571 et
1218 2518 1277 2570 edd.

260 2611 428 2662 Manutiauara
455 2604 638 2675 praecedentes
667 2620 688 2656 c.
716 2603 811 2655 blorell.
860 2603 888 2670 5)
915 2622 1009 2658 emano
1036 2603 1081 2656 Be.
1129 2604 1160 2670 6)
1187 2609 1279 2662 dicius

261 2701 398 2766 scriptura
416 2693 462 2746 Mc.
493 2690 549 2744 vid.
568 2691 644 2742 Deut.
663 2690 688 2756 6,
709 2689 741 2741 13
760 2696 787 2739 et
805 2689 890 2742 Nason.
910 2690 935 2755 4,
955 2690 994 2741 10,
1032 2690 1061 2759 7)
1080 2695 1137 2762 ipsi
1154 2692 1278 2747 colivet.

261 2783 289 2844 8)
307 2799 472 2854 praeponens
496 2777 533 2830 Bb
560 2787 586 2829 et
605 2778 636 2830 Α.
673 2778 739 2852 Dein¹
763 2781 854 2832 dicens
872 2777 922 2830 Md.
959 2779 1015 2831 Vid.
1034 2778 1119 2832 Nesei.
1137 2778 1169 2844 2,
1188 2777 1279 2833 8-9.

262 2871 291 2940 9)
310 2869 374 2921 Part.
394 2879 417 2922 et
441 2884 490 2920 om.
509 2865 553 2920 Bu.
597 2866 658 2918 Tum
682 2868 784 2918 inverso
808 2867 898 2917 ordine
921 2865 957 2918 Bb
984 2866 1062 2918 habet
1086 2876 1216 2922 curvatus
1236 2876 1281 2942 ¹atet

261 2961 306 3012 eir
323 2965 347 3010 et
364 2959 520 3010 humiliatus
538 2964 578 3008 eat
595 2959 678 3008 bomo.
715 2951 759 3016 10)
778 2952 827 3004 Pro
846 2956 925 3017 deuo,
950 2952 1019 3022 quod
1044 2951 1116 3004 allb
1140 2953 1229 3020 abest,
1247 2953 1280 3005 W

264 3051 290 3094 et
306 3043 347 3094 Ma
370 3043 484 3095 scribunt
508 3045 639 3096 (lominus.
678 3039 891 3105 ultimate,
918 3039 959 3093 20.
997 3039 1041 3107 12)
1060 3051 1084 3094 et
1103 3046 1280 3098 eradicabitur·

263 3133 293 3184 A.
330 3129 430 3182 Deinde
455 3133 500 3184 cleo
525 3133 578 3184 coli
602 3129 642 3181 lild
667 3137 694 3179 et
718 3128 776 3180 edd.
795 3126 939 3179 llauutiana
956 3129 1111 3197 antiquiores
1130 3146 1152 3180 c.
1171 3128 1280 3194 Motell,

264 3221 318 3272 eolt
341 3220 386 3272 deo
405 3216 451 3270 Bb.
496 3217 539 3282 13)
565 3221 688 3273 domiuus
706 3216 739 3266 W
757 3232 771 3266 a
789 3231 811 3266 r.
830 3230 863 3266 ru.
882 3217 949 3268 iuter
971 3232 1039 3269 vers.
1059 3215 1143 3268 babet.
1178 3215 1239 3268 Post
1254 3231 1280 3268 v.

265 3307 356 3358 doctor
379 3305 447 3356 idem
472 3321 521 3357 om.
541 3305 728 3356 coniunctionis
754 3303 841 3370 partic.
863 3312 894 3356 et.
939 3302 984 3366 14)
1004 3306 1127 3372 quidquid
1144 3302 1185 3355 Mb
1203 3311 1231 3354 et
1247 3302 1280 3370 A,

265 3395 385 3462 quicquic
404 3392 451 3444 lla.
486 3391 535 3444 Pro
553 3410 624 3447 nunc
642 3391 683 3442 bld
708 3391 796 3444 scribit
818 3401 866 3446 eat.
902 3389 970 3442 Dent
988 3395 1091 3462 per-itur
1110 3393 1135 3443 iu
1153 3391 1184 3444 A.
1220 3390 1281 3443 Tum

265 3526 401 3586 gererem·
423 3517 484 3568 dant
500 3515 537 3568 Ba
557 3524 582 3566 et
599 3514 631 3567 Α.
671 3513 769 3566 Deinde
788 3513 820 3565 W
836 3496 921 3566 noum
950 3522 1011 3566 onte
1037 3515 1204 3582 praemonuit
1237 3515 1282 3578 (ne

268 3602 299 3654 ab
323 3619 343 3656 r,
362 3621 394 3656 ra.
414 3603 548 3672 adiect0)?
584 3602 749 3656 scribendum
773 3604 850 3671 igitur
873 3618 925 3654 nou
949 3617 995 3668 pro
1020 3600 1091 3670 vulg.
1109 3618 1210 3668 nonnep
1235 3615 1281 3652 re-

268 3694 394 3761 spondent
410 3695 476 3746 euim
497 3693 545 3746 sibi
568 3710 620 3745 noan
643 3699 669 3743 et
694 3693 720 3742 in
744 3705 816 3759 seqq.
834 3707 935 3755 nonne,
959 3698 986 3741 nt
1005 3688 1066 3758 Cap.
1085 3687 1126 3740 W.
1145 3705 1231 3743 nom
1249 3716 1281 3728 -

269 3797 323 3836 non
340 3811 372 3820 -
389 3798 443 3835 non
460 3813 493 3824 -
510 3798 571 3834 non.
602 3779 657 3832 Vid.
675 3778 862 3832 Ramsborn.
882 3774 1016 3830 Grammat.
1032 3776 1085 3828 Lat.
1099 3774 1168 3828 P.11.
1181 3791 1206 3844 p.
1222 3772 1281 3827 701.

271 3867 344 3921 Coui.
363 3868 394 3920 ad
411 3867 502 3920 librum
520 3866 552 3919 de
569 3867 655 3920 babitu
672 3868 738 3937 virg.
756 3863 816 3934 Cap.
834 3865 895 3916 XW.
913 3867 939 3918 iu
957 3867 998 3918 liu.
1035 3862 1101 3916 Male
1125 3879 1212 3917 nortae
1238 3871 1283 3918 ant

269 3956 479 4028 premonuittll.
505 3953 871 4022 15)etr.m.subiuu1itirrW.
899 3951 1281 4023 Equidemdelondnmcemo.
