2882 4692
705 355 769 422 154

230 512 379 576 discedit?
424 513 559 598 Corpore
580 515 650 579 licet
671 517 759 601 virgo
782 533 818 579 ac
840 525 940 582 mente
961 526 1140 603 permaneat,
1163 539 1241 585 ocu-

230 625 283 704 lis,
316 627 453 707 auribus,
487 628 589 712 lingua
621 628 724 691 minuit
740 626 767 706 ⁵)
796 631 844 692 ille
874 649 951 712 quae
981 631 1112 698 habebat.
1164 633 1242 709 Quid

229 757 304 802 vero
320 735 347 815 ⁶)
370 757 447 819 quae
469 742 653 822 promiscuas
676 742 799 806 balneas
824 744 949 826 adeunt,
982 765 1058 828 quae
1088 747 1181 811 oculis
1205 747 1242 812 ad

228 851 377 916 libidinem
412 855 539 918 curiosis
572 854 678 936 pudori
717 874 751 918 ac
788 857 947 938 pudicitiae
984 878 1111 942 corporo
1149 861 1243 925 dicata

204 968 408 1049 sprostituunt
439 986 516 1048 quae
544 987 611 1031 curn
640 970 723 1032 viros
754 976 843 1052 atque
874 989 890 1033 a
921 973 993 1036 viris
1022 973 1120 1037 nudae
1142 973 1244 1038 vident

229 1083 354 1164 turpiter
376 1101 411 1144 ac
433 1083 589 1162 videntur,
620 1101 721 1146 nonne
743 1085 826 1166 ipsae
848 1087 1028 1150 inlecebram
1052 1089 1129 1151 vitiis
1151 1107 1243 1172 prae-

230 1202 324 1277 stent,
359 1214 420 1260 non
454 1196 490 1260 ad
522 1198 720 1279 corruptelam
752 1204 782 1298 et
816 1201 952 1264 iniuriam
982 1221 1064 1265 suem
1096 1202 1243 1266 desideria
1298 1286 1302 1292 Ι

229 1314 428 1393 praesentium
451 1312 607 1376 sollicitent
632 1320 663 1377 ct
679 1315 826 1380 invitant?

689 1510 765 1577 XV.

317 1654 450 1720 Viderint
463 1655 499 1736 ¹),
521 1657 628 1740 inquis,
651 1675 709 1739 qua
731 1657 799 1720 illuc
823 1663 922 1720 mente
944 1657 1012 1738 quis
1035 1659 1152 1736 veniat,
1175 1658 1245 1720 mibi

191 1777 341 1833 rotantum
370 1769 523 1834 reficiendi
545 1769 714 1853 corpusculi
738 1786 808 1833 cura
829 1777 878 1832 est
901 1777 930 1832 et
952 1770 1084 1857 lavandi
1124 1771 1192 1834 Non
1214 1777 1244 1834 te

228 1891 335 1967 purgat
350 1885 406 1947 isto
423 1885 567 1966 defensio,
590 1904 647 1948 nec
669 1884 808 1948 lasciviae
832 1881 900 1962 et2)
924 1884 1103 1967 petulantiae
1133 1887 1245 1980 crimen

230 2005 362 2062 excusat.
402 1996 578 2078 Sordidat³)
601 2000 710 2062 lavatio
732 2000 798 2078 ista,
822 2017 883 2062 non
904 2000 1005 2078 obluit,
1029 2018 1086 2062 nec
1108 2000 1246 2063 emundet

300 2217 328 2282 5)
340 2219 434 2284 oculis,
446 2221 546 2288 liupuni,
557 2219 679 2270 monibus
689 2218 785 2270 minuit
794 2214 824 2266 A.
850 2213 899 2267 Pro
909 2217 1001 2286 linquo
1009 2215 1048 2267 tta
1059 2219 1161 2286 iulipoa
1171 2214 1242 2283 (sic).

229 2305 290 2358 Tum
304 2310 371 2376 quod
382 2309 486 2360 babebat
499 2305 540 2357 W.
554 2305 617 2356 llab.
630 2304 658 2356 Β.
670 2303 711 2358 Fr.
724 2301 804 2354 Emm.
820 2303 842 2354 1.
855 2312 1008 2372 veteresque
1027 2303 1086 2356 edd.
1125 2303 1154 2371 6)
1173 2309 1245 2372 Qartrt

135 2405 138 2420 ⁸
199 2421 204 2431 ·
230 2399 300 2450 onim
312 2393 359 2445 blo.
396 2393 461 2444 Dein
479 2394 639 2461 promiscuit
657 2390 719 2457 (sic)
732 2387 774 2440 Fr.
784 2385 863 2440 Emm.
880 2389 901 2441 1.
933 2389 991 2441 llos
1009 2394 1113 2444 curiosi
1129 2395 1245 2460 pudoris

231 2501 262 2536 cc
273 2483 407 2552 pudicicia
420 2478 450 2530 A.
476 2477 556 2528 Abest
569 2481 655 2531 dicata
669 2493 682 2526 a
696 2476 743 2526 lla.
771 2471 831 2525 Turn
845 2479 968 2542 quoniam
981 2491 1027 2543 pro
1041 2495 1109 2541 cum,
1128 2486 1156 2527 ut
1169 2477 1243 2540 solet,

228 2571 316 2622 scribit
333 2567 362 2620 tl.
406 2567 493 2618 Statim
518 2569 589 2619 viris
614 2575 689 2632 atque
713 2583 729 2617 a
751 2566 822 2615 ciris
845 2561 895 2629 (pr.
916 2567 949 2617 cd
973 2565 1062 2632 ciros)
1081 2564 1139 2626 llb;
1168 2573 1243 2634 atquc

229 2659 261 2710 ab
280 2657 312 2708 ol.
328 2673 360 2707 rn.
380 2657 447 2706 inter
464 2669 529 2706 vers.
549 2652 624 2703 babet
636 2651 676 2703 W.
712 2649 840 2716 Deinceps
859 2653 926 2704 accede
944 2665 991 2717 pro
1009 2655 1095 2704 ornatae
1108 2651 1138 2715 A,
1157 2653 1243 2703 rercdcc

229 2819 318 2870 vident
340 2815 367 2864 in
392 2819 526 2877 contentu,
551 2813 576 2862 in
601 2827 651 2880 mg.
672 2810 703 2862 ub
726 2827 745 2862 r.
765 2827 798 2861 m.
817 2741 918 2862 nudepss
937 2807 992 2872 Mc,
1018 2811 1132 2862 credent:
1157 2809 1245 2860 etitem

231 2903 290 2956 edd.
308 2911 368 2954 vett.
388 2905 507 2969 (excepta
519 2900 654 2969 Deventr.)
674 2907 700 2951 et
711 2897 809 2962 llemb.‚
833 2900 918 2951 undae
934 2899 1057 2949 videntur
1076 2895 1246 2960 (intermediis

231 2991 295 3058 om.)
314 2991 362 3055 lla,
381 2994 499 3044 videntes
518 2993 631 3058 trcrpitcr
650 2988 699 3050 Mb.
736 2987 793 3038 Mox
811 2989 885 3056 ipsae
906 2999 954 3035 om.
974 2982 1012 3048 A,
1031 2987 1117 3051 ipsam
1136 2981 1196 3032 dant
1214 2980 1245 3030 W

231 3088 258 3130 et
275 3079 322 3130 Ma.
358 3076 419 3128 Tum
436 3087 565 3146 praesunt
583 3076 676 3145 legitur
695 3078 718 3126 in
738 3073 780 3127 Fr.
800 3073 880 3124 Emm.
903 3071 925 3121 1.
970 3067 1064 3136 Scripsi
1083 3068 1175 3118 deinde
1193 3086 1247 3121 oon

231 3181 277 3234 pro
301 3183 387 3218 noum
411 3183 432 3216 c.
450 3163 490 3217 W.
509 3165 551 3217 Fr,
568 3164 648 3216 Emm.
669 3174 694 3216 et
718 3163 776 3214 edd.
796 3159 840 3212 SR
860 3159 950 3210 Venet.
972 3157 993 3208 l.
1014 3157 1037 3207 2.
1058 3165 1132 3224 atque
1155 3155 1246 3220 linum,

232 3269 280 3304 nec
299 3252 371 3304 aliter
389 3267 427 3320 pr.
447 3251 583 3304 exhibebat
598 3253 646 3303 lla.
677 3249 733 3302 Vid.
753 3248 785 3300 ad
803 3247 893 3299 librum
912 3246 944 3296 de
962 3245 1026 3312 laps.
1047 3243 1107 3310 Cap.
1121 3241 1150 3294 V.
1164 3257 1188 3293 n.
1205 3241 1245 3293 14.
1349 3235 1352 3243 “

230 3339 447 3407 Praepositiooem
472 3349 530 3391 onte
555 3336 722 3406 corruptelam
747 3338 773 3388 in
797 3335 837 3388 bib
861 3351 881 3387 r.
901 3349 934 3385 m.
954 3348 1029 3400 sopra
1054 3329 1153 3381 adiecit.
1189 3329 1246 3381 Non

231 3425 308 3476 multo
328 3434 386 3492 post
403 3428 425 3477 A
443 3427 509 3478 male
527 3425 616 3477 scribit
633 3427 800 3492 praesencia.
881 3450 888 3466 ι

300 3511 352 3562 XV.
379 3513 406 3577 1)
425 3513 461 3565 lta
479 3513 518 3564 We
538 3511 665 3564 stanter.
688 3511 726 3577 l.‚
745 3514 860 3596 cideript
884 3507 944 3576 (sie)
969 3505 1024 3570 Mc,
1049 3507 1145 3558 viderit
1167 3503 1246 3572 vulg„

232 3620 319 3688 vident
336 3621 428 3686 inpuid
445 3617 476 3669 Α.
513 3616 574 3667 Tum
592 3620 673 3670 micbi
693 3615 713 3666 B
733 3624 759 3666 et
786 3616 825 3666 ed.
845 3613 982 3676 Derecto,
1008 3621 1053 3663 crat
1077 3622 1123 3677 pro
1148 3611 1246 3662 teintona

233 3773 252 3826 B
275 3789 386 3843 moxque
411 3777 573 3842 corpuscula
595 3773 645 3826 Μὰ.
695 3774 723 3839 2)
748 3790 779 3826 cc
799 3771 829 3823 Α.
875 3769 941 3821 Dein
965 3717 1077 3823 Ξῗευεαι
1102 3766 1151 3834 [cm
1173 3779 1188 3815 a
1212 3779 1243 3814 m.

232 3877 300 3914 saec.
326 3861 389 3915 Xlll.
416 3863 555 3932 superscr.)
581 3862 628 3914 lla.
676 3862 704 3927 3)
729 3861 758 3912 Η.
780 3877 804 3912 v.
831 3875 879 3910 om,
907 3856 936 3910 B.
978 3856 1040 3908 'luna
1066 3858 1119 3908 istc
1142 3851 1245 3906 lauccio

232 3949 322 4002 scribit
339 3948 370 4000 Α.
406 3947 455 3999 Pro
472 3963 526 4000 nort
544 3951 627 4002 etheit
643 3947 685 4000 lld
704 3965 757 4002 non
774 3953 897 4014 moueat,
918 3943 977 3996 dein
995 3941 1147 3996 immaculet
1162 3935 1209 3988 tto.
