2858 4688
743 418 807 482 202

268 578 404 642 rioditur
427 579 572 640 mundum
595 596 629 638 se
652 595 721 638 esee
744 579 949 656 opeooutt's?
980 585 1011 639 ct
1037 579 1142 642 iterum
1165 579 1195 640 iu
1219 580 1285 660 epi÷

269 693 345 754 stulu
369 711 422 754 sua
445 692 572 754 loannes
595 696 686 773 ponet
709 696 738 754 et
762 685 895 767 dicat⁴);
920 692 953 754 Si
976 691 1150 754 disserimus
1164 689 1192 768 ⁵)
1213 693 1287 772 quia

266 811 425 884 peecatum
449 825 511 866 non
534 804 697 880 tutemus,
731 822 791 866 nos
814 803 901 884 ipsos
924 805 1094 884 decipimur
1117 813 1148 866 et
1169 807 1286 868 veritos

269 920 302 978 in
327 918 417 980 nodis
440 937 503 980 non
528 927 582 980 eet.
628 916 658 980 Si
682 923 778 980 autom
807 936 894 980 nemo
925 936 994 980 esse
1025 919 1090 982 sine
1119 916 1285 1000 peccato⁶)

269 1037 383 1113 potest,
415 1037 445 1092 et
475 1032 608 1112 quisquis
639 1049 673 1094 se
702 1031 880 1113 inculpatum
911 1031 1036 1109 dixerit,
1068 1039 1118 1095 aut
1141 1033 1287 1115 superbus

269 1153 318 1208 aut
341 1145 448 1208 stultus
471 1153 525 1216 est,
551 1164 637 1226 quam
662 1145 842 1222 necessaria,
867 1162 953 1225 quum
977 1147 1106 1236 benignu
1125 1153 1171 1208 est
1190 1146 1286 1209 diuina

269 1259 443 1338 clementie,
475 1279 568 1340 quae,
599 1278 664 1322 oum
688 1260 762 1321 sciat
793 1278 852 1322 uon
878 1258 986 1322 deesse
1009 1261 1119 1322 sanetis
1143 1261 1286 1341 quuedum

269 1373 455 1455 postmodum
489 1375 630 1452 vulnera,
666 1372 745 1436 dedit
779 1372 934 1437 curandis*
953 1372 1053 1437 denuo
1087 1374 1288 1456 sanandisque

270 1486 443 1551 vulneribus
466 1484 598 1549 remedia
621 1484 777 1546 salutaria!

757 1682 804 1752 Π.

357 1825 521 1905 Numquam
540 1822 565 1900 ¹.)
591 1821 739 1903 denique,
771 1822 879 1884 iratres
903 1821 1102 1903 dilectissimi,
1129 1825 1288 1890 admonitio

271 1939 369 2002 diviua
400 1937 531 2000 cessavit
552 1931 712 2024 ettueuit,
745 1933 902 2014 quominus
933 1934 962 1994 iu
993 1934 1148 2014 scripturis
1179 1941 1301 2002 sanctis·

271 2129 309 2180 Bb
329 2145 378 2180 om.
390 2146 429 2183 ee.
468 2127 529 2180 Tum
548 2131 664 2183 mundus
682 2143 743 2180 esre
761 2126 823 2177 dant
836 2123 875 2194 W.
888 2124 927 2176 Me
945 2133 970 2176 et
982 2123 1029 2190 Bb,
1048 2127 1166 2214 mundus
1180 2134 1207 2184 [re
1226 2131 1289 2198 (sic)

271 2251 322 2318 Be,
348 2255 474 2308 mundum
492 2226 516 2254 ⁸⁰
533 2266 595 2304 erre
619 2254 660 2315 (se
679 2247 710 2298 eb
730 2263 750 2298 r.
772 2263 803 2296 m.
823 2251 963 2314 superior.)
989 2256 1071 2300 exstet
1095 2250 1119 2300 iu
1141 2249 1187 2300 dic.
1226 2249 1290 2302 Dein
1399 2271 1400 2278 ¹

270 2361 286 2394 u
311 2355 360 2391 om.
381 2338 425 2390 Be.
471 2340 500 2400 t)
520 2337 544 2388 1.
557 2337 643 2388 ioenu.
667 2335 696 2400 i,
715 2336 740 2386 8.
786 2335 815 2399 5)
841 2337 1011 2399 dixerimus,
1039 2339 1124 2404 inquit
1141 2335 1191 2386 tib.
1229 2337 1290 2388 Tum

270 2431 447 2496 nosmetipsos
467 2425 524 2476 edd.
545 2433 607 2475 vett.
628 2433 654 2474 et
674 2421 768 2473 Erusm.
787 2421 862 2472 Gruv.
883 2431 957 2489 atque
971 2422 1031 2474 tior.
1052 2439 1160 2492 moxque
1179 2436 1291 2478 nonest

269 2517 297 2567 r'n
320 2518 397 2568 nodis
417 2513 447 2563 Α.
486 2512 556 2575 Quae
580 2510 657 2578 vulgo
682 2510 822 2560 adduntur:
849 2513 882 2562 st
905 2521 990 2564 autem
1015 2515 1132 2580 conferri
1154 2515 1289 2580 [remur

268 2610 377 2667 peceato
395 2610 503 2662 nostru,
530 2600 615 2666 fidelis
635 2609 659 2651 et
676 2601 768 2672 tomus
785 2607 826 2650 ert
846 2600 985 2662 domiuus,
1013 2602 1059 2668 qui
1082 2602 1158 2668 notis
1181 2608 1290 2668 peceat«

269 2688 395 2748 dimittat,
425 2687 478 2736 iure
497 2687 674 2738 exterminavit
692 2683 809 2736 Baiurius
826 2684 965 2736 codicibus
989 2686 1103 2736 sedecim
1127 2687 1216 2748 nixus,
1245 2687 1288 2735 in-

269 2774 356 2839 primis
375 2773 556 2842 Seguierieuo‚
582 2789 626 2824 ses
645 2772 757 2840 Angiicis
776 2779 802 2822 et
820 2773 963 2822 testimonio
983 2773 1007 2823 S.
1029 2773 1161 2841 Augustini
1182 2774 1205 2823 in
1225 2771 1290 2823 iocis

269 2875 343 2927 supro
370 2862 411 2911 eit
449 2861 548 2912 Abeunt
575 2862 665 2912 eadem
693 2877 706 2911 a
731 2861 807 2923 Ver,
837 2862 899 2910 meis
925 2861 1041 2911 omuibus
1068 2869 1095 2911 et
1121 2860 1288 2928 Affliginenei.

269 2947 298 3006 6)
322 2951 380 3000 aine
402 2959 510 3017 peceato
535 2967 595 3003 erse
613 2948 643 3000 Α.
680 2946 746 2998 Part.
766 2957 790 2999 et
808 2962 827 2997 r.
848 2961 879 2997 m.
899 2949 1078 3015 superscripsit
1097 2949 1120 2996 ia
1143 2946 1188 2998 dic.
1226 2947 1290 2997 Tum

269 3043 294 3087 et
310 3038 369 3103 quis
388 3039 488 3090 stultus
507 3045 548 3089 eet
565 3035 651 3086 mutiie
666 3033 711 3085 Bb.
742 3031 790 3084 Pro
804 3037 928 3102 quisquis
941 3035 1021 3085 ceteri
1036 3034 1110 3085 codd.
1126 3043 1152 3085 et
1164 3035 1290 3085 editiones

269 3129 328 3172 aute
345 3121 434 3172 Remb.
455 3121 575 3173 exhibent
594 3125 705 3190 quisque
724 3136 810 3171 errore
830 3120 955 3171 sollemni.
994 3120 1059 3172 Dein
1078 3139 1109 3174 se
1126 3125 1290 3190 inoutpotum
1399 3131 1400 3168 t

269 3210 371 3260 dixerit
389 3217 521 3274 praestent
533 3208 571 3259 W.
588 3208 687 3258 Mabed.
703 3205 736 3258 Bu
756 3205 815 3258 etri
836 3209 951 3275 editique
970 3217 1030 3260 ante
1045 3206 1172 3259 Buiuzium
1192 3223 1291 3258 omues.
1399 3257 1400 3284 ἢ

270 3292 293 3343 is
312 3295 389 3344 tacite
407 3296 509 3360 scripsit
528 3298 691 3366 inculpatum
710 3313 740 3348 ee
759 3313 819 3349 esee
838 3299 910 3358 ἀίω
937 3312 968 3350 re
992 3299 1157 3365 inculpatum
1180 3311 1246 3347 eure
1264 3297 1291 3346 d.
1399 3287 1400 3304 ³

271 3379 349 3431 hebet
368 3383 521 3450 Augustinus
540 3381 556 3431 i.
578 3398 599 3432 c.
638 3381 725 3432 Statim
750 3393 795 3435 out
818 3385 918 3435 stultus
941 3392 988 3441 out
1012 3385 1144 3448 supmbuu
1166 3388 1247 3432 exstat
1265 3381 1292 3430 in

246 3530 249 3535 V
270 3467 338 3532 trud,
358 3487 436 3538 qutun
454 3473 608 3523 necessario
627 3485 677 3520 orn.
698 3470 727 3520 Α.
765 3469 880 3520 Proxime
901 3471 933 3519 ite
954 3470 1058 3520 invertit
1075 3465 1125 3517 Be:
1148 3485 1225 3536 quum
1243 3470 1291 3520 di-

269 3561 333 3611 et'ns
357 3568 398 3611 eet
422 3568 447 3610 et
472 3561 582 3628 deniquo
607 3561 750 3611 elementia.
787 3557 853 3607 Ante
873 3555 967 3618 Manet.
994 3554 1128 3624 legebatur
1153 3559 1294 3608 etemmtfa

270 3647 370 3704 divina.
407 3645 455 3696 Pro
474 3650 544 3700 sciat
563 3661 695 3715 perperam
715 3644 832 3696 scribitur
849 3647 916 3713 soer't
933 3645 958 3695 in
980 3645 1009 3694 Α.

341 3731 382 3782 tv,
404 3733 432 3801 i)
453 3732 488 3784 Ita
509 3733 594 3798 codd,
613 3751 747 3803 nurtquum
767 3732 835 3800 vulg.
873 3729 934 3782 Tum
952 3735 1053 3800 fratres
1072 3732 1213 3784 ouri-reims*
1231 3729 1294 3781 edd.
1316 3718 1319 3728 ¹

270 3828 344 3884 vett,
362 3823 397 3888 [r.
418 3823 576 3873 charissimi
594 3836 727 3887 perperam
748 3819 843 3870 Eresm.
864 3817 938 3870 Grau.
958 3825 984 3868 et
1003 3817 1064 3869 dior.
1103 3816 1182 3868 Deest
1201 3820 1297 3872 ateana

270 3907 295 3956 in
316 3905 345 3955 A.
382 3903 442 3956 Post
469 3910 586 3960 eerrooit
610 3906 667 3958 edd.
694 3915 755 3958 vett.
781 3923 802 3957 c.
824 3905 920 3958 Erasm.
940 3903 1015 3957 Grai.
1037 3913 1062 3955 et
1080 3903 1177 3955 Moreii.
1198 3903 1297 3956 babent

270 4007 406 4062 nunquam
424 3995 515 4055 tacuit,
534 3989 625 4064 Manet.
643 3991 733 4042 Pemel,
749 3993 838 4060 urgan
860 4000 885 4042 et
902 3990 981 4043 Oxou.
1001 4009 1135 4061 nunquam
1153 4001 1178 4042 et
1196 3995 1297 4054 tacuit,
