2858 4688
617 415 679 484 ib?

141 572 299 637 citudinem
330 575 495 652 annotant,
528 577 609 656 quod
642 575 846 642 saevientibus
881 577 991 640 morbis
1027 577 1156 642 valitudo

140 684 296 768 frangitur,
319 687 399 768 quod
423 688 581 750 humanum
604 709 701 772 genus
724 691 781 753 tuis
805 690 996 772 populatione
1015 697 1155 771 vastatur,
1241 763 1243 770 ‚

140 806 171 863 et
200 799 258 861 boo
287 801 365 864 scias
394 818 463 863 esse
491 801 692 883 praedictum,
724 803 754 866 in
777 803 949 866 novissimis
973 805 1156 886 temporibus

123 911 324 996 ¹rutdtiptiouri
355 914 447 992 mata,
482 921 511 975 et
541 915 667 978 aduersa
700 917 808 979 variari
840 923 870 978 et
901 917 1156 1000 adpropinquante

138 1023 195 1086 iarn
218 1025 319 1087 iudicii
342 1025 391 1088 die
414 1027 508 1108 magis
531 1046 565 1090 uc
589 1029 683 1111 magis
710 1031 741 1092 in
763 1028 869 1112 plagas
891 1030 1015 1111 generis
1038 1031 1157 1100 buoaani

139 1149 296 1198 censuram
320 1136 370 1218 dei
391 1137 571 1219 indignantis
595 1139 729 1214 acuendi.

626 1333 673 1404 tt.

226 1475 293 1538 Non
317 1476 413 1554 eninr,
444 1477 521 1542 siout
545 1483 593 1538 tua
617 1475 690 1539 iatsa
716 1477 901 1557 querimonia
924 1479 1155 1560 streperent)

138 1589 396 1672 veritatis'ignara
420 1589 506 1651 iactat
527 1596 559 1651 et
580 1589 724 1668 clamitat,
756 1590 813 1654 ista
841 1592 978 1655 adridunt
1006 1593 1087 1672 quod
1116 1594 1155 1657 dii
1182 1647 1187 1652 .

138 1700 232 1761 vestri
253 1718 270 1761 a
294 1687 381 1763 nobis
403 1717 463 1762 non
487 1699 632 1777 notantur,
656 1699 710 1764 sed
733 1701 813 1782 quod
830 1721 846 1764 a
862 1703 947 1766 robis
963 1723 1024 1769 non
1040 1707 1155 1770 rotatur

138 1811 223 1874 deas.
267 1811 341 1874 Nam
370 1831 437 1878 euna
466 1813 532 1895 ipse
560 1814 599 1876 sit
620 1813 722 1877 mundi
745 1814 881 1878 dominus
898 1813 924 1890 ²)
949 1823 979 1880 et
1001 1824 1103 1882 reetor
1125 1820 1164 1882 et'

138 1930 245 1987 oauota
267 1925 390 1988 arbitrio
413 1925 478 1988 eius
501 1933 531 1989 et
554 1935 626 1991 nutu
650 1935 804 2009 gerantur,
830 1946 888 1990 nen
911 1930 1068 2010 quiequam
1090 1929 1155 1993 beri

136 2037 248 2118 possit,
286 2037 342 2100 nisi
372 2041 451 2120 quod
485 2046 534 2103 aut
565 2040 673 2103 iecerit
704 2048 753 2102 aut
784 2040 850 2104 barri
880 2041 945 2122 ipse
975 2043 1153 2124 permiserit,

134 2148 237 2229 utique
260 2127 379 2228 quando
404 2169 440 2212 ea
460 2150 547 2230 bant,
572 2168 650 2230 quae
672 2151 745 2214 iraru
769 2151 818 2214 dei
841 2150 1023 2238 indignantis
1047 2162 1154 2218 osten-

135 2260 224 2340 dunt,
257 2278 316 2323 non
340 2267 463 2343 propter
487 2280 542 2323 nos
565 2261 655 2340 finnt,
679 2260 823 2341 aquibus
847 2260 920 2325 deus
942 2265 1067 2344 ootitur,
1098 2265 1153 2328 sed

135 2375 249 2455 delictis
273 2382 302 2438 et
323 2377 434 2444 meritis
445 2378 558 2439 'vestris
575 2377 760 2458 inrogantur,
784 2377 924 2457 aquibus
939 2377 1015 2440 deus
1027 2379 1153 2440 omuino

132 2507 189 2551 neo
213 2491 375 2572 quaeritur,
399 2506 455 2550 neo
478 2488 610 2567 timetur,
634 2505 691 2550 nec
713 2487 826 2550 relictis
848 2488 933 2550 vanis
956 2487 1151 2569 superstitio-

131 2742 235 2792 tiouout
262 2745 402 2788 correctura
430 2753 444 2788 e
473 2743 623 2791 contineant
647 2740 672 2790 in
698 2737 744 2802 W,
773 2741 961 2792 enumerantur
988 2739 1077 2790 scribit
1102 2738 1149 2791 Bb.

133 2823 189 2873 bion
208 2825 365 2876 stabilitates
384 2821 433 2872 bid.
470 2822 531 2873 Tum
549 2827 729 2876 sollicitudine
745 2823 776 2872 W
795 2831 821 2874 et
840 2822 885 2886 tta,
904 2827 1071 2877 sollicitatam
1089 2825 1150 2890 (sic)

132 2905 188 2972 bid,
215 2909 385 2966 solitudinem
409 2912 459 2973 (pr.
479 2909 574 2972 sotts't.)
593 2907 633 2956 blo
655 2914 681 2956 et
699 2905 730 2957 Α.
767 2906 868 2982 Deinde
891 2911 1010 2961 testitudo
1029 2908 1068 2960 W.
1088 2907 1148 2960 Bab.

132 3027 196 3079 tter.
217 3029 255 3092 Α,
274 3028 333 3078 item
353 3027 413 3078 edd.
432 3035 496 3077 vett.
515 3042 538 3076 o·
558 3023 655 3076 Eranam.
677 3025 832 3090 et.binnut.,
857 2991 978 3082 valdrada
998 3027 1053 3093 Mb,
1071 3032 1149 3082 vale.

131 3117 193 3168 tudo
219 3113 258 3163 bia
283 3129 305 3163 e.
331 3115 425 3164 ceteris
450 3112 534 3164 editis.
571 3111 622 3162 Sub
648 3112 690 3163 tin.
715 3117 894 3182 adpropinqua
919 3113 981 3182 (sic)
1002 3113 1048 3166 bia.
1085 3114 1150 3168 Ante

128 3206 223 3272 ptspue
242 3203 343 3270 (ptoys‘s
362 3196 440 3249 babet
459 3195 743 3269 {ibt-praepositionem
764 3214 813 3250 orn.
833 3197 881 3249 tte.
933 3203 939 3213 “

80 3353 86 3362 ,
201 3303 242 3356 tv.
283 3304 359 3376 ipat
382 3304 517 3369 imperitia
541 3300 572 3352 ai.
591 3318 625 3374 m,
642 3303 821 3369 superscripsit
844 3305 868 3354 in
891 3301 936 3353 lib.
973 3301 1000 3354 in
1019 3291 1150 3372 seqqssstt

130 3445 218 3494 nostri
236 3458 369 3508 perperam
388 3441 491 3494 exbibet
505 3441 534 3494 Λ.
573 3441 741 3495 Dodonaeo:
761 3446 809 3496 sod
821 3447 889 3512 quod
900 3463 917 3496 s
930 3446 1005 3496 vobis
1019 3427 1148 3510 (arantis,

132 3531 177 3591 sic,
197 3528 231 3595 Α)
249 3547 302 3582 uon
321 3533 432 3596 optutur,
452 3537 540 3596 utpote
560 3545 598 3596 pr.
618 3531 720 3591 omissa,
740 3529 763 3579 iu
778 3527 817 3579 bic
835 3545 855 3579 r.
874 3545 906 3579 nr.
926 3530 957 3580 ad
978 3545 1027 3598 mg.
1047 3529 1149 3581 adiecit.

130 3617 158 3678 2)
178 3618 300 3669 desubtus
320 3621 440 3685 ropna'tor
457 3617 515 3668 edd.
534 3625 596 3667 vett.
620 3625 647 3667 et
663 3615 776 3679 Eram,
802 3617 926 3670 dominius
945 3621 1064 3670 eonditor
1083 3616 1148 3668 Gra·

130 3703 194 3754 rius.
231 3700 293 3752 Turn
314 3721 345 3756 aa
362 3715 429 3757 sautu
448 3701 493 3754 Ba.
531 3703 612 3754 Abest
636 3707 694 3773 ipae
718 3710 776 3752 ante
799 3708 951 3770 permiserit
970 3706 1090 3771 (promis.
1110 3717 1147 3769 pr.

131 3789 183 3852 bic)
202 3790 234 3840 ab
254 3789 284 3841 Α.
323 3789 380 3840 ttoa
399 3791 423 3841 in
443 3791 534 3842 eodern
554 3789 619 3842 tibro
638 3790 731 3856 tegitur
755 3791 894 3858 offendunt.
910 3801 913 3807 '
931 3789 992 3840 Turn
1012 3791 1148 3857 praeposi·

128 3877 223 3926 bonam
247 3885 307 3927 snm
332 3868 427 3946 quidus
453 3892 518 3946 corr.
539 3892 572 3928 ur.
593 3875 662 3928 dedit
681 3875 764 3928 codini
786 3876 831 3940 tt,
860 3885 884 3928 st
901 3880 1005 3928 mantia
1030 3890 1080 3926 orn.
1099 3874 1147 3940 bb,

126 3966 231 4016 mats
258 3969 365 4020 nostrie
383 3965 467 4016 -sotito
481 3977 566 4015 tutore
592 3963 691 4015 scribit.
705 3964 735 4014 Α.
779 3961 849 4014 idem
873 3962 968 4016 deiude
994 3960 1148 4025 babatm
