2868 4700
234 555 357 622 nomine
380 553 489 622 Christi
521 554 639 642 colligi,
673 574 751 640 quos
780 557 946 639 constat¹⁵)
970 577 987 624 a
1010 558 1127 626 chrima
1159 567 1190 626 et
1209 562 1247 627 ab

234 671 299 735 eius
322 671 480 755 evangelio
501 672 664 754 separari?
706 671 775 738 Non
798 675 876 738 enim
898 693 955 740 nos
979 677 1015 740 eb
1037 676 1111 757 illis,
1133 677 1188 740 sed
1206 675 1248 740 illi

232 802 250 848 a
279 785 367 848 nobis
397 793 598 850 recesserunt.
642 785 680 850 tn
710 783 831 872 cum¹⁶)
860 788 1003 853 haereses
1033 796 1064 854 et
1090 789 1248 854 schismata

231 897 418 982 postmodum
440 905 508 962 nata
530 900 597 980 sint,
620 901 688 965 dum
711 902 919 966 conventicula
940 904 997 967 sibi
1020 903 1141 970 diversa
1168 921 1247 968 con·
1336 984 1342 993 ,

208 1013 379 1092 delituunt,
401 1011 533 1076 veritatis
549 1020 638 1096 caput
652 1020 741 1096 atque
757 1014 904 1098 originem
919 1015 1111 1097 reliquerunt
1139 1015 1247 1080 Domi-
1329 1055 1334 1064 -

233 1143 290 1190 nus
314 1131 410 1188 autem
425 1125 605 1191 deecclesia
627 1146 681 1192 sua
704 1127 835 1210 loquitur
858 1123 943 1213 et¹⁷)
966 1129 1004 1192 ad
1018 1128 1091 1209 hos,
1114 1130 1249 1212 quisunt

234 1239 265 1302 in
288 1239 432 1321 ecclesia,
465 1239 612 1322 loquitur,
642 1248 689 1321 ut,
719 1243 746 1306 si
773 1243 831 1324 ipsi
861 1241 1028 1306 concordes
1058 1240 1189 1321 luserint,
1222 1243 1285 1329 si,

234 1353 397 1420 secundum
427 1355 507 1437 quod
534 1357 683 1420 mandavit
705 1363 735 1420 et
756 1358 885 1437 monuit,
919 1357 978 1421 duc
1008 1363 1059 1421 aut
1086 1363 1150 1420 tres
1179 1355 1249 1420 licet
1277 1361 1278 1366 ’

237 1469 356 1534 collecti
376 1469 553 1533 unanimiter
575 1471 745 1550 oraverint,
767 1471 828 1535 duo
851 1477 901 1534 aut
922 1477 984 1535 tres
1006 1471 1075 1535 licet
1097 1471 1173 1552 sint,
1194 1470 1245 1534 in-

197 1592 223 1637 10
235 1587 355 1666 petreae
376 1582 492 1664 possint
502 1575 542 1660 ¹⁸)
563 1581 602 1647 de
624 1583 672 1647 dei
694 1584 848 1650 maiestate
864 1557 952 1666 quod
975 1585 1134 1666 postulent.

709 1779 773 1850 Xl.

325 1923 539 2008 tutumque)
558 1927 677 2009 scariot
696 1929 757 1992 duo
779 1928 835 1994 caet
855 1937 917 1993 tres
938 1927 1058 1992 collecti
1078 1926 1249 1990 innomine

236 2058 320 2120 meo,
343 2059 415 2122 eqo,
444 2041 554 2123 inquit,
577 2061 645 2106 cum
667 2044 712 2106 eis
733 2061 817 2120 aum,
841 2043 909 2106 cum
929 2040 1111 2124 simplicibus
1133 2039 1247 2103 scilicet

237 2159 326 2234 atque
346 2156 476 2236 pacatis,
499 2161 566 2218 cum
582 2156 668 2220 deum
690 2155 860 2220 timentibus
884 2163 913 2220 et
929 2155 977 2220 dei
999 2160 1158 2238 praecepta
1177 2171 1247 2217 ser-

234 2262 379 2330 vantibus.
418 2265 492 2330 Gum
512 2263 595 2344 his2)
618 2266 735 2331 duobus
757 2267 806 2332 vel
829 2265 923 2332 tribus
944 2267 1014 2331 licet
1029 2284 1099 2332 esse
1114 2285 1149 2332 se
1165 2267 1248 2346 dixit,

305 2465 351 2533 15)
369 2475 470 2522 coarctet
488 2465 526 2520 W.
543 2465 618 2518 hlbcd
637 2474 663 2517 at
681 2464 744 2518 Bab.
779 2464 838 2518 bion
855 2469 887 2520 ci
906 2481 955 2519 om.
973 2466 1004 2520 Α.
1054 2467 1100 2536 16)
1117 2469 1260 2538 ιιιοιιίιιιι,Ι

235 2560 263 2604 nt
280 2551 354 2618 solet,
372 2555 402 2605 Α.
432 2553 499 2606 Dein
519 2555 622 2607 lter-ecia
640 2550 755 2604 W.Beb.
768 2552 799 2605 Α.
818 2561 844 2605 et
860 2570 898 2621 pr.
915 2553 997 2606 Mubc.
1033 2551 1071 2607 Gi.
1089 2553 1122 2606 ad
1135 2552 1248 2622 capnt

235 2653 260 2690 n.
281 2639 304 2690 1.
324 2647 351 2690 et
367 2639 391 2691 6.
428 2639 490 2692 Tum
514 2643 643 2695 calamato
666 2647 811 2691 constanter
835 2639 910 2692 codd.
931 2641 1019 2692 nostri.
1054 2641 1113 2693 biox
1137 2650 1202 2696 eunt
1226 2639 1249 2692 Α

236 2735 263 2780 at
280 2743 318 2795 pr.
337 2725 388 2779 tth.
424 2725 473 2779 Pro
498 2731 561 2782 dum
579 2729 642 2793 [duo
660 2725 695 2794 Α)
713 2727 832 2786 scribitur
855 2745 915 2782 cum
938 2729 964 2780 iu
983 2727 1015 2780 W
1034 2736 1061 2780 et
1078 2728 1125 2782 bic.
1161 2728 1250 2781 Statim

237 2818 433 2870 conventiculae
452 2849 484 2859 -
503 2819 627 2870 dicer-roa
643 2815 682 2868 W.
717 2814 795 2866 Paulo
813 2823 871 2883 post
889 2817 1071 2884 delinquerunt
1086 2831 1134 2883 pn,
1152 2831 1168 2868 e
1185 2831 1250 2868 cerr.

236 2918 256 2954 r.
274 2918 307 2954 m.
325 2906 488 2972 reliquerant
505 2902 553 2955 tte.
596 2903 641 2971 17)
660 2913 684 2958 et
704 2918 754 2954 om.
789 2901 846 2954 Μαι]
865 2905 975 2972 itemque
994 2902 1053 2954 edd.
1082 2902 1251 2956 Manutianam

238 3006 420 3062 antecedentes
438 3006 582 3072 etbiorell,
599 2993 654 3066 σθ’.
666 3025 715 3077 pn,
732 3009 791 3061 dein
811 2991 860 3062 ei⁸.
880 3008 943 3075 (sic)
963 3010 997 3060 od
1015 3011 1064 3062 bea
1077 3006 1131 3070 tth;
1154 3011 1187 3061 cd
1205 3022 1251 3062 eoa

238 3097 286 3152 bia.
316 3082 344 3148 ln
362 3111 433 3164 seqq.
448 3095 527 3148 verba
546 3101 597 3152 duo
617 3095 743 3167 (quoBb)
762 3106 809 3152 cut
826 3105 881 3150 tres
902 3127 934 3140 --
956 3123 987 3134 —
1006 3098 1141 3148 creverint
1158 3092 1251 3147 emh.

238 3185 298 3238 Post
315 3187 377 3239 iicet
395 3184 462 3251 quod
479 3183 553 3236 deest
568 3187 595 3238 in
613 3185 653 3241 ed.
667 3185 740 3240 Grau.
760 3184 894 3252 (Daventr.
913 3183 989 3236 habet
1007 3183 1123 3250 solimet)
1141 3199 1156 3235 a
1177 3197 1198 3232 r.
1217 3197 1251 3234 m.

239 3277 266 3328 iu
283 3273 324 3326 Mb
349 3274 545 3342 superscriptum
568 3273 662 3346 legitur
685 3277 749 3329 ciart.
787 3271 832 3339 18)
850 3280 965 3341 peccunt
989 3270 1036 3324 bic.
1072 3269 1134 3322 Tum
1157 3287 1250 3340 mope-

239 3372 308 3419 ctcte
324 3360 375 3412 ttb.

309 3447 351 3502 xt.
380 3448 408 3518 i)
428 3451 585 3520 Ubicumque
608 3453 677 3504 enim
700 3447 751 3500 ntb.
785 3446 876 3502 Verba,
894 3448 998 3500 collecti
1020 3448 1050 3499 io
1070 3449 1176 3500 nomiae
1196 3462 1252 3499 meo

239 3555 289 3592 om.
302 3537 343 3589 W.
355 3535 418 3590 blac.
431 3536 486 3590 bah
499 3546 525 3589 et
536 3537 568 3601 A,
586 3541 616 3590 io
633 3539 737 3590 nomine
753 3550 810 3588 meo
829 3534 855 3584 in
867 3532 908 3584 bib
927 3549 947 3586 r.
966 3549 998 3584 m.
1018 3535 1085 3584 inter
1102 3549 1169 3586 vera.
1188 3549 1252 3601 snp-

238 3625 326 3694 plevit.
353 3623 414 3676 Tum
432 3628 516 3695 iuquit
534 3624 605 3677 deest
622 3624 647 3674 ln
665 3621 758 3674 ecdem
771 3619 845 3674 libro.
876 3619 935 3672 bicx
946 3621 969 3671 Α
981 3619 1058 3672 hebet
1072 3621 1181 3672 scilicet
1193 3636 1254 3673 cunt

239 3715 344 3783 peculio
368 3720 457 3780 cipro
473 3714 578 3783 pecatis
595 3710 655 3762 Ver.
672 3711 805 3779 pacificia.
841 3705 906 3758 Dein
924 3709 1028 3761 domiuo
1045 3719 1093 3773 pro
1113 3709 1190 3760 deum
1206 3705 1252 3758 lib.

241 3801 272 3872 2)
289 3802 345 3870 bijo
369 3798 393 3852 Α
416 3808 443 3852 et
466 3799 505 3852 ed.
523 3796 657 3860 Davcntr.,
680 3798 707 3848 ia
730 3793 776 3846 Ba.
811 3792 900 3870 Statim
918 3801 964 3846 cut
987 3795 1074 3847 tribua
1094 3792 1135 3844 bie
1160 3801 1186 3844 et
1206 3791 1253 3844 Bt.

243 3885 317 3954 Quod
333 3887 449 3956 sequitur
459 3889 531 3951 lieet,-
549 3885 621 3938 cuiue
633 3884 693 3936 loco
705 3884 731 3936 in
743 3881 784 3935 cd.
798 3881 918 3934 [laventr.
931 3887 1012 3932 emtet
1022 3881 1136 3946 scilicet,
1154 3895 1255 3933 erasum

242 3986 282 4034 est
299 3979 325 4034 in
342 3975 394 4032 bib.
428 3973 503 4043 Brun.
520 3990 551 4030 ec
568 3973 600 4028 ab
618 3972 650 4028 al.
668 3988 700 4028 ιιι.
720 3973 788 4027 inter
804 3985 872 4025 vera.
889 3967 966 4042 habet
983 3966 1024 4021 W.
