2880 4696
650 390 693 456 83

165 563 309 610 sermone
345 545 482 609 morbido
515 553 547 611 ut
579 547 667 611 letale
701 551 872 632 contagium
904 558 1044 634 serpunt,
1076 571 1182 618 navem

165 661 308 742 scopulis,
325 679 363 724 ne
378 662 408 723 in
424 669 540 743 portum
555 663 720 744 perveniat,
737 663 873 746 ¹inlidunt
910 666 978 730 Nou
994 667 1131 732 concedit
1146 666 1183 748 ¹¹)

166 793 271 858 paoem
294 771 419 838 facilitas
442 775 517 855 ista,
540 776 595 840 sed
618 776 708 856 tollit,
737 795 794 840 nec
817 781 1103 844 communicationum
1126 784 1184 846 tri-

165 890 237 969 buit,
262 888 317 952 sed
340 889 452 972 inpedit
475 891 512 953 ad
536 891 669 954 salutem.
713 893 886 957 Persecutio
910 903 956 958 est
978 896 1053 960 baec
1075 898 1131 962 alia
1154 905 1185 962 et

143 1003 227 1066 salia
250 1004 419 1084 temptatio,
449 1021 505 1086 per
527 1022 615 1085 quam
638 1004 753 1068 subtilis
770 1002 808 1084 ¹²)
830 1007 963 1072 inimicus
985 1011 1183 1094 inpugnandis

76 1149 80 1154 ·
168 1117 266 1180 adbuc
288 1115 378 1199 lapsis
409 1118 524 1182 occulta
558 1119 749 1200 populatione
771 1129 941 1204 grassatur,
963 1129 995 1187 ut
1016 1124 1185 1192 lamentatio

168 1233 374 1314 conquiescat,
395 1239 427 1296 ut
439 1229 481 1312 13)
499 1232 586 1296 dolor
601 1233 695 1313 sileat,
719 1241 751 1298 ut
767 1234 865 1298 delicti
878 1240 1020 1303 memoria
1035 1249 1186 1322 vanescat,

169 1327 371 1430 conprimatur
392 1353 547 1430 pectorum
569 1349 713 1431 gemitus,
740 1354 885 1413 statuatur
908 1349 994 1416 fletus
1017 1355 1182 1436 oculorum,

170 1479 229 1524 nec
252 1461 401 1526 dominum
423 1464 557 1546 graviter
579 1462 726 1527 ollensum
748 1463 839 1546 longa
860 1473 890 1528 at
904 1464 991 1548 plena
1006 1470 1186 1550 paenitentia

13 1609 15 1614 ,
129 1574 357 1659 rodeprecctur,
380 1596 446 1641 cum
468 1579 609 1662 scriptum
632 1574 738 1656 sit¹⁴tz
761 1578 909 1644 Memento
924 1583 1005 1646 anm
1021 1585 1180 1664 occidaris,

169 1699 200 1755 ct
221 1711 279 1774 upa
296 1685 527 1774 paenitentiam.
570 1692 665 1758 Nemo
689 1709 723 1758 se
746 1690 842 1776 fallat,
876 1713 966 1760 nemo
996 1698 1123 1783 decipiat
1139 1698 1186 1780 ¹⁵).

169 1955 279 2008 tioribus
297 1957 362 2025 typis
383 1954 558 2008 excudendum
578 1955 691 2020 curavit,
716 1970 766 2024 ego
784 1957 964 2022 praeeuntibus
982 1957 1052 2010 libris
1069 1959 1127 2013 Ver.
1145 1961 1187 2015 W.

169 2044 237 2098 aab,
257 2044 319 2098 Bab.
337 2044 361 2096 Α
378 2052 404 2097 et
427 2045 539 2114 quinque
556 2042 630 2112 Angl.
649 2043 815 2098 omittendum
838 2046 932 2096 censui.
968 2044 996 2098 ld
1019 2045 1097 2098 babet
1114 2046 1186 2101 lica

169 2149 190 2185 r.
209 2149 241 2185 m.
260 2135 286 2185 in
304 2149 354 2202 mg.
390 2131 447 2184 Pari
465 2131 540 2183 modo
558 2139 618 2182 anta
637 2131 729 2183 verba:
751 2150 768 2184 a
786 2135 877 2186 radica
895 2135 1059 2199 subvertunt,
1079 2137 1188 2203 expunxi

171 2221 263 2274 vocab·
282 2225 416 2286 arborem,
442 2219 509 2290 quod
535 2237 567 2272 ex
592 2217 1006 2272 ec.bavcnrr.1·nmasmtanam
1033 2221 1143 2291 indeque
1163 2225 1188 2274 in

173 2311 329 2376 posteriores
353 2316 459 2376 excepta
484 2307 633 2359 llorelliana
657 2304 802 2371 induxeram
828 2306 901 2358 abest
926 2308 993 2358 enim
1017 2325 1033 2360 a
1056 2309 1129 2361 codd.
1149 2309 1189 2363 W.

175 2396 235 2452 blac.
255 2397 318 2451 Bab.
338 2396 371 2464 Α,
390 2405 509 2467 quattuor
526 2395 599 2448 Bodl.
621 2402 648 2447 et
665 2395 793 2447 sexdecim
811 2396 918 2464 antiquis
936 2393 1021 2448 Balua.
1055 2396 1130 2452 biber
1148 2397 1189 2450 llb

172 2486 260 2537 scribit
276 2495 301 2539 ct
318 2490 439 2542 arborea.
483 2485 583 2538 ldcirco
602 2500 652 2560 egp
669 2483 752 2536 nullus
771 2484 856 2537 dubito
876 2485 1053 2538 adsumentum
1075 2487 1141 2539 istud
1160 2505 1191 2542 ex

171 2589 251 2644 marg.
270 2576 297 2626 iu
314 2583 409 2627 textum
426 2575 566 2643 irrepsisse.
603 2571 661 2626 blox
678 2573 738 2626 Ver.
758 2581 829 2626 reete
853 2573 932 2626 babet
954 2584 984 2629 ut
1001 2575 1060 2642 (pro
1085 2579 1129 2641 ud)
1148 2580 1192 2631 la-

173 2666 226 2719 tule
247 2667 405 2734 contagium.
441 2662 502 2714 'lum
520 2664 610 2716 accim
628 2661 675 2714 lle.
710 2662 780 2714 ldem
799 2667 827 2716 ἐπ
846 2663 872 2727 (a
890 2677 910 2715 r.
931 2663 977 2728 m.)
995 2667 1133 2734 scopulis,
1152 2666 1194 2718 lld

173 2770 197 2805 c.
217 2749 276 2805 add.
297 2759 359 2804 vett.
378 2759 405 2804 ct
421 2748 548 2803 Rembolt.
566 2753 595 2802 in
613 2753 748 2822 scopulos,
769 2751 826 2803 edd.
845 2749 944 2803 Erasm.
959 2747 1032 2803 Grau.
1052 2760 1078 2804 et
1096 2753 1193 2806 llorcll.

174 2844 209 2894 arl
233 2843 368 2910 scopatae.
411 2838 477 2891 Dein
500 2855 548 2891 aaa
574 2853 611 2906 pr.
633 2837 680 2890 llo.
723 2837 950 2892 Proxime.aarriat
974 2837 1015 2888 lllb
1040 2847 1066 2890 at
1089 2856 1127 2908 pr.
1147 2839 1193 2892 lle.

176 2929 224 2999 ll)
250 2933 317 2984 cedit
342 2945 380 2998 pr.
406 2926 453 2980 lllc.
496 2925 554 2980 Mox
580 2930 697 2996 facultas
723 2925 770 2978 Bb.
816 2925 879 2976 Tum
907 2927 1138 2978 commissatorem
1164 2924 1194 2978 Α.
1259 2953 1263 2965 ·

176 3017 225 3083 12)
252 3020 361 3085 nuptilia
378 3015 418 3070 W.
454 3013 555 3069 Deinde
578 3018 767 3086 impugnandis
791 3017 942 3069 bomirrilua
966 3013 995 3064 Α.
1037 3011 1114 3066 Paulo
1139 3023 1196 3082 post

177 3117 321 3161 crescatur
343 3103 401 3158 llbc
424 3113 451 3157 at
472 3101 517 3158 Ba.
570 3103 615 3167 13)
641 3101 696 3155 Orc,
722 3101 769 3158 lla.
818 3099 884 3154 Dein
914 3111 1040 3156 coruscat
1063 3100 1102 3154 W.
1130 3101 1193 3156 blac.

177 3203 204 3248 et
237 3192 275 3245 Bb
305 3211 327 3246 c.
356 3193 430 3259 edd,
461 3195 482 3245 si
513 3193 624 3260 excipias
654 3189 748 3243 Pamal.
780 3198 932 3260 ceterasque
963 3189 1135 3256 recentiores,
1169 3192 1196 3243 in

177 3281 270 3350 quibus
288 3288 327 3333 est
344 3289 488 3335 aamreacct.
519 3279 575 3332 Vid.
595 3278 626 3330 ad
645 3277 734 3331 librum
756 3277 788 3329 dc
808 3277 899 3331 catbol.
919 3275 1011 3329 eccles.
1025 3279 1086 3329 unit.
1101 3277 1162 3347 Gap.
1176 3277 1196 3332 l.

178 3385 202 3420 u.
216 3368 268 3432 26,
287 3367 444 3436 Cap.1V.n.
464 3366 515 3432 16.,
535 3363 595 3434 Cap.
610 3365 674 3420 Vlll.
693 3383 717 3418 u.
732 3365 783 3432 13,
804 3363 866 3433 Cap.
879 3364 943 3416 XlV.
962 3381 986 3416 n.
1006 3366 1029 3417 2.
1058 3366 1099 3418 ltld
1119 3367 1197 3419 babet

179 3461 357 3526 conquiescat.
393 3453 466 3517 Quod
485 3454 607 3524 deinceps
624 3459 649 3508 in
668 3455 726 3506 edd.
746 3454 841 3506 Pamel.
855 3453 948 3522 Rigalt.
968 3450 1046 3505 Oxou.
1067 3452 1152 3513 Belua.
1172 3460 1198 3505 et

179 3543 270 3596 Gcldb.
295 3545 466 3612 interponitur
485 3553 515 3598 art
540 3546 629 3595 merito
656 3559 705 3596 orn.
723 3542 763 3596 W.
790 3540 871 3594 Macd.
896 3539 985 3594 ban
1009 3549 1035 3592 et
1057 3541 1117 3593 edd.
1141 3539 1197 3592 rell.

180 3631 238 3684 blox
261 3635 285 3684 A
308 3632 431 3686 mendose
457 3631 543 3683 scribit
565 3633 646 3702 fletam
672 3634 800 3686 occultus.
850 3628 938 3682 Statim
970 3646 1002 3683 na
1028 3627 1096 3678 idem
1125 3626 1199 3679 liber.

181 3717 243 3774 Turn
270 3722 374 3775 dominc
398 3718 442 3770 Ba.
491 3716 540 3770 Pro
564 3720 723 3788 paenitentia
741 3715 774 3766 W
791 3719 923 3787 patientia.
972 3713 1038 3766 Beiu
1059 3715 1081 3765 Α
1103 3716 1198 3782 ‹lepra-

182 3817 282 3862 catttur.
325 3805 441 3858 Proxime
465 3815 505 3859 eat
528 3821 575 3873 pro
599 3809 636 3859 ait
653 3803 698 3856 Ba.
745 3805 790 3874 ll)
817 3804 896 3872 Apoc.
921 3803 948 3867 2,
967 3801 991 3855 5.
1034 3800 1078 3862 15)
1103 3798 1140 3854 lta
1158 3800 1198 3853 W.

181 3893 279 3948 ttabcd.
303 3891 359 3946 Bab
385 3901 410 3946 et
434 3895 528 3962 antiqq.
554 3891 613 3944 edd.
638 3908 661 3944 c.
685 3891 781 3946 Erasm.
809 3891 901 3944 llanut.
926 3897 1001 3957 atqua
1025 3885 1120 3965 llorell
1164 3892 1201 3944 Sc

183 3991 241 4037 aute
259 3985 377 4054 decipiat
401 3983 535 4036 invexerat
554 3979 661 4036 Gravius
687 3996 795 4052 cumque
818 3983 899 4034 secuti
922 3986 978 4032 suat
995 3968 1090 4030 Pamel.
1108 3974 1201 4048 Rigalt.
1263 4042 1265 4046 ,

826 4075 996 4142 ,6,
