2880 4696
753 425 816 492 ¹42

285 589 377 653 tiocia
400 595 431 650 et
450 585 651 666 marporitie,
685 585 963 668 tenene‘poouium
993 603 1121 648 aureum
1150 587 1183 647 in
1205 605 1300 648 manu

282 722 342 767 suo
359 702 483 783 plenum
503 701 754 763 exsecrationum
767 686 800 762 'et
813 700 1019 762 inmunditiae
1035 706 1065 762 et
1077 696 1300 776 fornicationis

284 818 380 882 totius
402 825 513 880 terrae.
603 833 606 840 ’

773 1014 816 1082 X.

370 1157 497 1242 Fugiunt
511 1154 534 1234 ¹)
558 1163 658 1220 castae
680 1157 815 1240 virgines
838 1162 868 1219 et
889 1155 1016 1238 pudicae
1039 1156 1217 1221 incestarum
1233 1157 1300 1220 cul-

258 1277 349 1351 tius,
384 1271 500 1336 habitus
523 1270 746 1352 inmodicarum,
769 1271 942 1352 lupanarum
966 1271 1108 1354 insignia,
1131 1275 1300 1335 ornamenta

284 1388 484 1452 meretricum.
530 1385 642 1450 Clamat
658 1383 686 1464 ²)
708 1386 814 1467 spiritu
836 1393 940 1451 sancto
971 1387 1077 1469 plenus
1099 1384 1240 1464 Hesaias,
1272 1389 1302 1448 at

285 1637 474 1704 περιβεβλημένη
496 1630 632 1704 ἡορφνροῦν
656 1635 696 1683 καὶ
722 1631 840 1682 κόκκινον.
885 1631 1008 1685 Similiter
1032 1633 1125 1687 Noster
1146 1631 1208 1702 Gap.
1232 1649 1301 1703 seq:
1383 1689 1386 1696 ¹

286 1728 409 1781 Sericum
437 1735 462 1780 et
485 1742 636 1794 parronam
660 1727 774 1777 indutae.
820 1720 895 1774 Cani.
924 1724 998 1774 etiam
1025 1722 1052 1774 L.
1078 1721 1119 1775 111.
1148 1723 1180 1774 ad
1205 1722 1301 1786 Qnirin.
1360 1769 1362 1774 .

287 1831 309 1866 c.
329 1812 370 1866 36.
389 1830 414 1881 p.
433 1811 492 1864 317.
534 1810 668 1880 Vulgatam
696 1808 833 1862 lectionem
859 1812 942 1880 pallio
967 1827 1102 1880 purpureo
1131 1820 1155 1864 ct
1183 1813 1302 1864 coccineo

287 1899 435 1952 habentdid
454 1907 481 1951 et
500 1896 699 1950 Aidlielmus
717 1914 758 1965 ap.
772 1894 848 1950 Giles.
880 1896 938 1967 Seq.
951 1898 1040 1965 partie.
1054 1907 1078 1950 et
1096 1913 1146 1949 om.
1161 1895 1193 1946 W
1212 1913 1233 1948 c.
1252 1896 1303 1962 dia,

288 1989 400 2057 itemque
418 1987 459 2037 hic
479 1986 545 2039 liber
561 2002 620 2039 voc.
631 1989 768 2054 pretiosis.
805 1975 869 2037 an.
884 1994 942 2037 ante
955 1983 1047 2037 Manui.
1061 2001 1148 2037 omnes
1167 1993 1192 2036 et
1205 1983 1303 2035 Moreil.

287 2084 384 2144 ponunt
410 2085 435 2130 et
459 2077 615 2146 nnrpmitie
642 2083 667 2129 ct
692 2077 824 2144 tepieiiine
851 2093 893 2144 pr.
935 2076 1078 2142 Speculum
1104 2089 1151 2141 pro
1177 2074 1303 2141 poculum

288 2161 375 2214 scribit
387 2163 418 2227 A,
438 2177 545 2232 moxque
564 2166 744 2218 commotionis
762 2162 823 2214 dant
840 2170 901 2214 vett.
921 2161 979 2214 edd.
999 2177 1022 2214 c.
1041 2160 1138 2216 Eraem.
1158 2168 1184 2212 et
1195 2159 1304 2224 diorell.,

288 2253 486 2304 execrationum
503 2249 557 2302 rell.
595 2248 722 2317 Deinceps
740 2248 798 2301 Ver.
819 2257 878 2302 ante
898 2252 1073 2304 inmunditiae
1099 2248 1185 2300 inserit
1210 2249 1304 2300 omnis.

357 2335 386 2388 X.
414 2336 441 2403 1)
466 2341 596 2409 nuptam,
624 2341 730 2408 sapiant
747 2337 806 2388 Ver.
843 2337 905 2388 Tum
931 2337 971 2389 ed.
990 2335 1111 2390 Daventr.
1131 2347 1156 2390 ct
1180 2337 1306 2390 mutieres

287 2428 390 2494 pudica.
427 2422 491 2476 Dein
515 2436 539 2480 et
565 2430 671 2482 taditue
688 2426 725 2490 B,
750 2435 774 2480 et
791 2429 907 2480 Auditum
924 2424 966 2476 Fr.
985 2424 1067 2477 Emm.
1086 2425 1111 2476 2.
1147 2423 1204 2474 dion
1221 2423 1247 2473 in
1265 2420 1305 2472 W.

289 2511 373 2565 diabd.
399 2509 428 2564 B.
460 2508 483 2562 A
517 2521 543 2563 et
573 2511 613 2564 nr.
645 2510 726 2564 Emm.
758 2513 781 2563 2.
811 2527 857 2581 pro
887 2515 1058 2583 luporem-ium
1086 2529 1133 2580 per
1166 2523 1305 2577 syncopam

288 2599 364 2668 plane
383 2599 535 2668 singularem
554 2599 672 2651 scribitur
695 2603 874 2670 lupanar-um,
900 2615 949 2651 nec
976 2599 1051 2652 aliter
1073 2616 1111 2669 pr.
1130 2595 1241 2649 hahebat
1257 2595 1304 2647 Mc.

288 2683 426 2757 Luporum
458 2693 540 2738 emtat
570 2703 610 2754 ap.
640 2686 765 2740 Aldhclm.
829 2685 892 2739 Tum
927 2698 1108 2742 omeomentum
1144 2687 1219 2739 offert
1255 2683 1305 2734 Md.

290 2773 319 2843 2)
339 2776 438 2828 Clamet
454 2773 502 2827 tta.
538 2772 612 2836 Quod
630 2775 697 2844 vulg.
718 2775 819 2827 additur
837 2779 915 2829 etiam
936 2777 1009 2828 omisi
1027 2776 1172 2828 auctoribus
1190 2775 1260 2844 libris
1273 2773 1304 2824 W

290 2871 316 2916 et
331 2862 377 2914 Ma.
408 2865 524 2917 Heeaiae
542 2872 672 2932 receptum
691 2879 723 2916 cx
741 2863 816 2915 editis
835 2860 879 2916 SP.
892 2862 983 2916 Venet.
1001 2866 1023 2915 1.
1043 2872 1068 2915 et
1086 2862 1168 2915 liunu.
1206 2862 1306 2918 Hacine

289 2950 366 3002 habet
390 2949 452 3003 Vcn.
477 2947 660 3018 asperarum
685 2951 791 3002 incuria.
843 2949 933 3004 Remb.
967 2953 1070 3020 scripsit
1102 2954 1214 3005 Esaiae.
1268 2948 1307 3000 Its

291 3038 411 3090 exhibent
443 3053 544 3107 qnoque
576 3039 651 3091 codd.
676 3037 716 3090 W.
742 3036 771 3090 B.
824 3036 920 3090 Eadem
952 3038 1030 3091 lectio
1058 3055 1073 3090 a
1102 3055 1122 3091 s.
1146 3055 1180 3090 m.
1208 3041 1234 3090 in
1265 3037 1306 3090 Mb

289 3121 384 3178 mutata
407 3134 446 3178 eet
469 3127 495 3178 in
519 3129 614 3196 penius
639 3127 689 3193 (sic
714 3127 787 3178 ctiam
806 3125 855 3178 Md.
875 3125 898 3178 A
916 3134 942 3178 et
960 3127 999 3179 ed
1021 3126 1171 3196 Datame),
1200 3131 1307 3184 omnine

291 3213 333 3266 dat
350 3214 397 3280 Aia,
417 3234 513 3286 moyse
531 3214 579 3267 otc.
616 3214 678 3267 Turn
697 3219 731 3270 ad
748 3215 808 3284 (pro
827 3216 864 3284 et)
881 3219 953 3286 pitina
970 3216 1063 3286 legitur
1080 3219 1106 3268 in
1125 3215 1165 3269 W.
1183 3215 1263 3267 Mahc.
1277 3213 1305 3267 B.

290 3298 330 3365 A,
357 3301 448 3352 deinde
472 3320 539 3373 syon
565 3305 590 3355 in
618 3301 649 3355 B.
666 3303 731 3355 Mod.
752 3304 775 3355 A
800 3313 825 3356 et
853 3304 893 3357 ed.
912 3304 1032 3358 Deventr.
1079 3306 1165 3358 Statim
1191 3322 1257 3360 curo
1284 3314 1308 3358 et

291 3399 397 3460 arpenta
417 3408 448 3443 aa
465 3400 538 3446 ceste
556 3390 651 3443 habent
669 3390 727 3444 edd.
746 3390 837 3445 Manat.
860 3401 1015 3462 ceteraeque
1042 3394 1213 3458 recentiores,
1239 3409 1307 3446 auro

291 3486 316 3532 et
326 3487 398 3532 aesta
410 3477 485 3529 Mbcd
504 3487 529 3530 et
543 3477 573 3544 B,
593 3480 653 3530 item
666 3479 724 3532 edd.
738 3479 879 3533 Manutiana
893 3483 1049 3550 antiquiores
1062 3497 1084 3532 c.
1098 3479 1195 3534 Morell.
1225 3479 1308 3532 Voce.

292 3574 397 3634 arpenta
416 3582 447 3618 oe
464 3581 496 3618 ex
514 3580 564 3616 uno
582 3564 646 3617 libro
664 3565 718 3618 ltal.
737 3575 873 3633 notantur,
894 3577 1051 3637 quapropter
1069 3584 1099 3620 ea
1120 3566 1230 3620 delenda
1250 3583 1307 3619 esse

291 3667 341 3703 non
369 3651 496 3716 dubitavi,
523 3654 661 3719 respiciens
686 3651 770 3706 Nostri
796 3655 857 3707 iilud
884 3656 979 3708 dictam
1008 3652 1084 3724 (Gap.
1103 3655 1195 3721 XVI.):
1227 3658 1306 3709 Vince

291 3749 392 3794 oeetem
405 3761 438 3778 -’
451 3743 528 3793 eiusce
546 3759 649 3794 nurum.
686 3739 780 3793 Contra
793 3742 824 3793 W
837 3751 864 3794 ‘et
875 3742 914 3794 Ma
932 3742 1045 3795 scribunt
1062 3761 1128 3797 curo
1147 3753 1171 3797 ct
1189 3751 1305 3813 capereto,

293 3841 366 3878 voco.
386 3845 416 3880 nc
433 3836 506 3880 necte
525 3829 630 3880 omissis.
667 3826 729 3880 Tum
754 3833 878 3900 operibns
901 3847 948 3898 pro
977 3834 1070 3901 apidue
1088 3829 1128 3896 A,
1154 3845 1262 3898 moxque
1292 3849 1309 3884 o

293 3916 397 3968 domitto
421 3929 468 3982 pro
487 3933 504 3967 a
521 3917 566 3969 deo
585 3915 642 3981 did,
670 3924 723 3968 tres
739 3909 795 3970 Ital.¹
814 3926 839 3970 et
859 3918 917 3970 edd.
937 3915 1087 3970 Gravianam
1115 3919 1309 3970 antecedentes.

293 3998 393 4056 Deinde
412 4000 480 4056 male
496 4005 605 4060 deliine
623 4001 727 4070 Batou,
751 4007 862 4064 tenuem
886 4013 1004 4075 quattuor
1028 4003 1104 4058 codd.
1121 4003 1252 4060 oomni
1278 4013 1308 4058 et
