2880 4696
632 428 690 496 141

155 573 193 650 'ed
214 603 287 650 usus
308 587 408 651 bonos
429 603 538 652 census
561 593 712 669 operetur,
733 594 767 652 ut
786 587 961 671 patrimonio
984 607 1039 654 suo
1070 605 1168 654 unus·

156 700 283 784 quisque
306 703 483 784 locupletior
503 703 598 788 magis
624 704 772 768 redimere
800 703 908 768 debeat
938 722 1025 787 quom
1056 723 1169 788 augere

156 813 271 878 delicto.
316 813 565 880 Ornamentoruru
596 835 630 879 oc
660 818 786 880 vestium
813 817 941 902 insignio
967 825 997 881 et
1017 817 1166 882 lenocinia

156 928 314 993 formarum
327 926 354 1006 5)
375 927 379 1013 Ι
398 947 458 992 non
480 929 537 993 nisi
559 930 723 1011 prostitutis
747 937 777 993 et
793 929 937 1011 inpudicis
953 929 1069 994 ieminis
1088 949 1166 995 con·
1180 943 1218 988 nr

128 1047 281 1126 ogruunt,
305 1047 336 1103 et
356 1041 500 1106 nullorum
523 1040 588 1105 fere
610 1043 771 1124 pretiosior
793 1044 890 1107 cuitus
913 1051 959 1108 est
978 1063 1065 1128 quarn
1090 1064 1168 1126 quo-

153 1175 219 1220 rum
241 1155 339 1239 pudor
361 1155 428 1219 vilis
451 1161 505 1220 est
543 1154 642 1221 Sinin
664 1157 819 1238 scripturis
841 1159 961 1238 sanctis,
984 1159 1089 1240 quibus
1112 1176 1169 1223 nos

153 1270 259 1336 instrui
271 1266 299 1352 6)
332 1269 468 1335 dominus
500 1270 596 1334 voluit
628 1278 659 1334 et
692 1272 824 1352 moneri,
858 1271 1036 1336 describitur
1065 1273 1168 1336 ciuitas

153 1387 305 1468 meretrix,
329 1392 446 1469 comptu
467 1385 618 1469 pulchrius
642 1393 672 1449 et
695 1390 817 1467 ornatu,
848 1394 878 1452 et
900 1406 967 1450 curn
987 1387 1168 1452 ornamentis

116 1521 120 1531 ·
153 1501 216 1564 suis
238 1519 273 1564 aa
295 1508 418 1584 propter
440 1503 504 1584 ipsa
528 1501 626 1583 potius
649 1483 821 1565 ornamento
840 1503 980 1584 perituro.
1018 1500 1168 1592 Etoenit,

113 1630 140 1673 ro
155 1617 249 1698 inquit
266 1610 309 1696 ⁷),
340 1635 422 1680 unus
456 1635 497 1680 aa
529 1623 645 1696 septem
678 1617 798 1698 nocetis
830 1615 1014 1680 iubentibus
1044 1616 1170 1696 pbialus

152 1737 266 1811 septem
288 1736 320 1792 et
340 1730 508 1810 &pressus
536 1737 582 1793 eet
609 1749 655 1793 ma
685 1730 810 1792 dicens:
843 1729 935 1807 Veni,
967 1730 1127 1793 ostendam
1142 1723 1169 1807 ⁸)

153 1844 209 1907 tibi
252 1843 481 1905 damnationem
524 1843 695 1905 meretricis
737 1861 867 1924 mapnae
903 1844 1041 1906 sedentis
1075 1862 1171 1922 super

152 1978 253 2039 aquas
274 1959 396 2034 multas,
421 1976 490 2019 cum
510 1975 573 2038 pua
592 1954 745 2034 fornicati
768 1966 844 2020 sunt
865 1977 953 2038 repes
977 1966 1087 2021 terrae.
1129 1956 1172 2019 Et

98 2115 103 2126 .
152 2074 248 2136 duait
267 2091 313 2134 me
335 2073 370 2135 in
392 2073 517 2152 spiritu.
563 2071 605 2134 Et
626 2071 695 2132 cidi
717 2071 876 2134 mutierem
897 2071 1051 2134 sedentem
1076 2087 1171 2148 super

91 2196 138 2240 '¹⁵
152 2186 299 2260 bestiam3
329 2191 360 2246 et
387 2184 498 2246 mulier
526 2184 583 2246 itta
606 2183 722 2244 amictu
744 2191 812 2245 erat
829 2183 959 2264 pallium
977 2203 1170 2263 purpureum

151 2310 181 2364 et
201 2301 375 2366 coccineum
388 2293 429 2378 ⁹),
455 2308 485 2362 et
506 2299 661 2362 Mornata
682 2306 752 2361 erat
774 2315 853 2361 auro
878 2305 908 2359 et
924 2298 1082 2378 lapidibus
1092 2317 1179 2378 pre.

155 2475 360 2486 Ἢ..-

153 2578 271 2644 alioquin
288 2573 346 2640 bid,
366 2575 483 2643 alioquin
502 2570 561 2623 edd.
580 2577 641 2621 vett.
661 2586 683 2621 o.
702 2567 809 2640 Eram,
828 2572 927 2641 alioqui
945 2569 1098 2638 exemptoria
1116 2569 1171 2622 roll.

153 2662 221 2716 lutra
238 2662 298 2714 Ver.
316 2661 403 2714 scribit
420 2663 579 2730 locupletior
595 2663 692 2729 foetae.
729 2658 758 2723 5)
777 2658 814 2710 ita
833 2657 906 2710 codd.
926 2660 1015 2724 nostri,
1035 2660 1095 2710 item
1114 2657 1172 2710 Ver.

155 2761 181 2804 et
207 2766 271 2803 unus
289 2750 369 2818 Neep.
389 2746 607 2801 consentientibus
625 2745 685 2800 edd.
705 2743 779 2799 Grau.
799 2745 838 2814 (in
857 2748 936 2816 mg),
961 2745 1057 2798 dioreil.
1076 2744 1169 2798 Pamel.

155 2839 298 2906 ceterisque
321 2837 520 2903 recentioribus,
544 2834 667 2887 mendose
690 2838 819 2903 surenam
842 2834 901 2887 edd.
924 2833 969 2886 SP.
990 2832 1082 2885 Venet.
1104 2833 1127 2884 1.
1147 2832 1171 2884 2.

155 2926 252 2990 liunu,
278 2928 402 2993 fucorum
428 2921 477 2974 duo
501 2921 560 2974 libri
583 2919 637 2974 lut.
664 2930 690 2974 et
716 2919 774 2972 edd.
800 2919 890 2972 Romb.
915 2918 1014 2972 Erum.
1038 2916 1111 2972 Grov.
1133 2917 1171 2985 (iu

157 3013 290 3083 contextu)
309 3021 335 3064 et
352 3010 444 3062 Manat.
480 3009 508 3062 lu
528 3010 637 3062 clausula
656 3020 697 3064 eat
713 3011 778 3064 oilie
797 3025 836 3076 pr.
856 3006 906 3059 Md.
950 3005 980 3075 6)
999 3007 1100 3080 instrui
1122 3021 1172 3060 not

157 3102 211 3168 bic,
237 3101 350 3156 iustruit
368 3129 400 3140 -
419 3103 503 3156 votuit
521 3099 557 3165 A,
583 3108 608 3154 et
631 3101 733 3152 moneri
758 3100 882 3151 dominae
908 3097 993 3149 uoluit
1009 3092 1058 3145 Mb.
1093 3090 1173 3145 Paulo

157 3196 215 3258 post
231 3189 356 3258 paterius
372 3185 413 3238 W.
433 3184 484 3238 bid.
520 3185 582 3238 Turn
604 3186 675 3253 prior
692 3183 758 3237 liber
781 3201 812 3238 oo
840 3200 900 3237 oum
926 3182 1089 3236 momentis
1111 3182 1174 3234 euie

158 3289 189 3332 ot.
227 3276 255 3342 7)
274 3277 365 3346 inquid
382 3273 432 3339 Mo,
451 3290 534 3340 urano,
553 3275 639 3342 inquit
656 3270 706 3324 Md.
741 3270 796 3323 vid.
813 3268 895 3337 Apoc.
917 3267 966 3333 17,
992 3265 1080 3318 1-4.
1116 3264 1175 3317 Mox

158 3369 235 3432 fictos
253 3364 305 3428 did,
322 3366 426 3435 pbioiao
445 3361 486 3426 W,
504 3364 581 3430 fictae
599 3362 630 3412 Δ.
667 3359 747 3411 Deest
772 3356 916 3428 septennio
934 3353 967 3405 W
985 3362 1011 3405 et
1028 3352 1077 3406 bia.
1112 3351 1174 3403 Turn

159 3457 193 3508 ad
210 3469 251 3506 me
268 3455 360 3506 dicens
378 3449 466 3503 scribit
484 3447 534 3500 bib.
579 3446 609 3516 8)
633 3450 695 3501 Veni
720 3456 744 3500 et
764 3448 899 3500 ostendum
918 3441 949 3497 Α.
984 3439 1059 3494 Pron.
1078 3443 1125 3494 titi
1142 3437 1174 3491 ab

160 3541 192 3593 oi.
211 3555 243 3591 nr.
262 3538 457 3606 superscriptum
476 3536 501 3586 in
520 3531 560 3585 W.
597 3531 663 3585 Dein
689 3534 903 3600 dampnacionem
927 3528 1022 3582 babent
1039 3528 1088 3581 bid.
1108 3534 1134 3578 et
1151 3523 1175 3576 A

105 3625 107 3628 ’
161 3644 183 3680 c.
203 3627 243 3678 ed.
263 3623 385 3676 Deveutr.
428 3622 457 3692 9)
476 3626 573 3677 amicta
591 3651 625 3659 -
641 3623 754 3691 pallium
774 3621 900 3689 (palleum
917 3616 951 3686 Β)
967 3632 1134 3688 purpuratam
1152 3621 1176 3667 et

163 3718 315 3770 coccineum
331 3711 392 3764 Ver.
410 3710 450 3765 W.
469 3709 498 3763 B.
518 3710 599 3778 Neep.
618 3709 642 3761 2.
660 3707 698 3774 Α,
718 3710 830 3776 pattium
845 3722 1008 3777 purpureum
1024 3713 1048 3757 et
1067 3702 1174 3756 nocebi-

976 3795 986 3846 t

162 3892 240 3930 neum
257 3871 314 3940 bia,
337 3874 449 3942 pultium
467 3871 617 3924 coccineam
635 3875 659 3922 et
674 3881 838 3937 purpureum
856 3863 913 3928 Mb,
938 3863 1050 3931 puteum
1067 3875 1174 3930 purpu-
1244 3937 1248 3943 ¹
1304 3869 1306 3875 ’

162 4049 241 4088 num
257 4041 281 4088 et
299 3978 446 4087 eocoimm
463 4028 488 4098 (t
505 4035 534 4081 et
551 4045 566 4083 c
584 4042 617 4081 cx
635 4039 701 4079 corr.
719 4040 740 4078 r.
751 4022 800 4092 ru.)
818 4019 866 4075 tte
899 4018 946 4074 Eut
962 4017 1030 4071 onim
1047 4016 1073 4068 iu
1085 4011 1176 4067 Gruoo.
