2858 4688
625 397 685 466 193

147 561 242 640 cites,
275 565 360 626 oiorn
390 571 493 624 autem
524 562 647 624 domini.
675 561 899 640 ignoravimus.
956 557 1039 634 Ouid
1071 555 1162 624 uobis
1212 637 1213 640 Ἴ

143 673 267 754 profuit
288 674 454 754 superbio,
491 682 546 734 out
567 672 649 753 quid
670 671 851 733 diuitiarum
875 671 1006 734 iactatio
1032 675 1164 736 contulit

146 789 266 850 nobis?
315 789 523 848 Transierunt
557 786 663 848 omniu
696 785 754 845 illo
789 792 944 864 tompuorn
973 783 1009 858 ¹⁵)
1043 787 1162 848 umbro.

146 899 209 960 Erit
228 896 263 972 ¹⁶)
287 907 355 960 tunc
379 901 444 960 sine
468 899 565 960 iruclu
588 895 786 979 paenitentiae
811 895 898 958 dolor
922 915 1045 978 paenae,
1068 900 1162 962 inanis

145 1013 273 1092 ploratio
298 1021 327 1074 et
348 1014 489 1077 inefficax
513 1013 693 1096 deprecatio.
739 1013 769 1073 ln
798 1020 948 1084 aeternnm
979 1031 1103 1093 paenam
1125 1009 1162 1091 17)

147 1141 218 1186 sero
239 1123 366 1195 credunt
390 1128 490 1207 quiin
516 1127 603 1188 vitam
628 1130 778 1186 aeternam
803 1124 929 1186 credere
952 1112 1120 1220 noluerunt.

610 1321 699 1392 xxrl.

235 1463 391 1530 Securileti
407 1464 497 1545 igilur
513 1463 645 1540 ctuitae,
663 1462 732 1523 dum
748 1460 861 1540 licetll,
877 1463 1042 1544 providete.
1076 1465 1163 1528 Offe-

146 1582 238 1650 n'rnus
268 1579 354 1640 vobis
385 1579 473 1639 animi
503 1583 532 1646 el
561 1576 676 1638 consilii
700 1575 793 1638 nostri
817 1575 945 1638 salutare
969 1596 1084 1640 munus.
1122 1580 1165 1641 Et
1196 1644 1198 1650 ,

147 1695 214 1776 quia
247 1691 347 1754 odisse
377 1709 437 1754 non
470 1692 539 1752 licet
569 1691 655 1754 nobis
688 1698 717 1752 et
747 1690 790 1752 sic
821 1689 972 1772 deoplos
1003 1692 1164 1773 placemus,

148 1808 217 1870 durn
250 1807 358 1870 nullam
391 1823 447 1886 pro
483 1806 589 1868 iniuria
610 1803 638 1881 ²)
671 1806 765 1866 vicem
798 1803 968 1882 reddimus,
1003 1806 1164 1886 hortamur,

148 1921 215 1985 dum
241 1919 363 1982 facultas
386 1920 482 1998 adest²
504 1921 571 1980 dum
595 1918 690 1981 adhuc
713 1917 822 1998 aliquid
847 1918 884 1978 de
908 1919 1030 1980 saeculo
1054 1939 1164 2000 super-

148 2041 203 2114 est,
229 2035 285 2096 deo
309 2033 483 2096 satisfacere
508 2041 538 2095 et
562 2033 598 2094 ad
620 2049 710 2094 verae
727 2031 882 2112 religionis
899 2032 1052 2095 candidam
1064 2034 1164 2096 lucem

148 2147 185 2208 de
219 2148 368 2228 profundo
406 2149 585 2211 tenebrosae
619 2146 838 2227 superstitionis
874 2163 1041 2229 emergere.
1097 2148 1164 2213 Non

151 2285 358 2292 --——--——-

148 2358 264 2406 omissam
291 2366 350 2408 aute
376 2359 572 2410 ambulavimus
596 2355 621 2404 in
645 2353 702 2406 cod.
725 2352 764 2404 lle
789 2361 815 2406 el
840 2355 865 2404 in
891 2354 950 2404 edd.
971 2355 1061 2422 Rigalt.
1082 2353 1162 2406 Oxou.

149 2440 233 2492 Baluz.
254 2451 280 2492 et
295 2441 384 2493 Goldh.
405 2443 492 2508 recepi
512 2457 544 2492 en
563 2441 638 2492 codd.
653 2441 692 2491 W.
713 2439 795 2492 lllabd.
816 2439 877 2490 bob.
898 2440 919 2492 Α
938 2448 963 2492 et
981 2457 1026 2492 sex
1044 2441 1164 2508 Anglicls.

148 2528 249 2596 Legitur
267 2541 291 2584 ot
310 2531 349 2596 [ut
367 2532 406 2578 καὶ
425 2531 450 2580 in
470 2528 573 2594 Graec.)
594 2528 681 2579 itidem
702 2530 725 2578 iu
745 2543 786 2594 cp.
807 2527 837 2578 ad
854 2525 985 2580 Fortunat.
1005 2528 1164 2592 erinium,

147 2632 231 2685 neque
255 2617 368 2669 abest'e
393 2619 511 2670 versione
536 2618 648 2684 entique.
694 2617 738 2679 15)
757 2625 882 2684 turronem
900 2615 922 2665 Α
941 2615 1045 2692 11011111
1067 2632 1163 2670 omnes.

148 2704 217 2754 lolem
237 2703 335 2755 liberA
354 2710 468 2758 umbros.
508 2705 552 2766 16)
573 2709 716 2758 ldritonim
729 2703 787 2754 Ver.
819 2703 1166 2772 'lumpcenilemioefruolu

150 2787 192 2838 Ba.
230 2789 294 2839 Dein
312 2795 355 2843 vel
372 2795 446 2844 dolor
463 2794 505 2845 ool
521 2809 619 2859 poenae
636 2792 808 2874 (poenosum.
823 2792 867 2852 Α),
886 2793 977 2843 inanis
988 2794 1101 2858 ploratio
1115 2791 1163 2855 lllb,

148 2877 306 2944 poenitentia
325 2885 349 2928 ot
367 2880 442 2928 dolor
457 2895 483 2944 p.
504 2885 526 2928 et
544 2881 634 2928 inustis
655 2880 691 2942 pl.
713 2886 736 2926 et
759 2879 886 2960 inefficax
911 2879 1072 2940 deprecatio,
1099 2893 1165 2944 quae

149 2961 227 3012 verba
252 2963 276 3011 in
298 2961 335 3010 lllc
355 2977 367 3010 a
388 2979 408 3012 r.
428 2978 459 3012 rn.
487 2963 592 3028 margini
616 2961 716 3010 adlecta
742 2967 813 3022 suut,
842 2959 963 3008 exhibent
984 2960 1042 3010 edd.
1064 2971 1124 3012 vett.
1144 2980 1165 3014 c.

151 3035 247 3099 Erusm.
268 3057 294 3099 et
313 3047 407 3099 llorell.
445 3051 481 3101 lde
498 3051 573 3100 dolor
591 3049 652 3097 ilem
671 3045 778 3097 babetur
796 3049 820 3096 in
840 3045 897 3110 lid,
923 3057 946 3099 et
964 3051 1056 3101 inanis
1075 3051 1099 3100 in
1119 3049 1165 3115 lia,

56 3176 65 3190 ·
150 3151 267 3205 necnon
287 3158 311 3205 in
331 3154 371 3205 ed.
391 3153 482 3217 Grau,
506 3138 591 3217 int-[i.
612 3169 636 3203 e.
656 3152 736 3218 inter)
755 3150 843 3202 scribit
861 3151 907 3202 Bb.
946 3152 990 3214 17)
1011 3155 1041 3204 ln
1061 3161 1167 3206 odierno

149 3259 232 3309 poeno
252 3242 310 3293 edd.
331 3239 394 3293 Dav.
415 3249 440 3293 et
459 3239 533 3291 Gran.
570 3239 657 3289 Statim
676 3243 785 3292 oemunt
804 3238 877 3289 codd.
898 3253 995 3305 omnes,
1014 3243 1035 3291 si
1055 3245 1166 3310 excipias

151 3326 198 3391 Bb,
217 3330 242 3378 in
262 3345 312 3394 quo
331 3337 370 3380 est
390 3333 505 3394 credunt,
526 3335 552 3378 et
571 3327 628 3378 edd.
649 3336 710 3378 velt.
730 3343 751 3378 c.
766 3325 862 3376 Erusm.
878 3325 952 3378 Grau.
973 3336 1049 3396 etque
1064 3329 1166 3393 Manat,

151 3398 256 3466 medens
274 3413 372 3466 lllorell.
394 3424 418 3466 et
438 3417 603 3466 recentiores.
639 3413 700 3464 Turn
719 3418 747 3466 in
765 3419 821 3469 cito
839 3425 945 3468 calerno
963 3415 1010 3466 Bb.

126 3561 129 3566 ,
221 3502 295 3554 XXll·
334 3503 360 3570 1]
388 3507 448 3558 ‹lum
475 3513 578 3573 ternpus
606 3514 646 3557 ost
670 3503 728 3554 Ver.
757 3511 783 3553 et
810 3502 853 3554 Bb.
891 3501 929 3554 Cl.
957 3517 1012 3568 cop.
1033 3503 1086 3554 Xll.
1112 3505 1166 3554 init.

152 3591 180 3651 2)
200 3593 394 3656 periniurium
413 3591 453 3641 ed.
473 3590 537 3642 Dav.
574 3589 631 3640 blox
649 3595 786 3644 hortemur
803 3607 854 3643 cos
872 3588 917 3652 Bu,
936 3595 1003 3642 bort.
1022 3593 1108 3658 itaque
1126 3589 1166 3641 ed.

151 3677 216 3728 Dav.
252 3676 317 3728 Dein
337 3681 436 3746 aliqrsirl
454 3681 538 3732 oribus
556 3677 594 3741 A,
621 3679 724 3731 domino
745 3691 790 3742 pro
811 3679 857 3730 deo
876 3675 932 3741 lllb,
959 3679 1005 3730 deo
1028 3680 1118 3744 [acere
1135 3676 1166 3726 Α.

153 3799 368 3867 Praepositlcuem
388 3803 421 3853 mi
439 3815 487 3850 orn.
507 3799 546 3850 W.
582 3797 643 3849 Turn
662 3784 752 3852 uorum
770 3799 938 3867 proximeque
954 3809 977 3851 ct
994 3765 1021 3802 δ’
1036 3803 1167 3866 profundo

152 3889 195 3951 (de
221 3885 252 3936 ab
276 3901 296 3936 r.
319 3903 349 3936 rn.
363 3871 445 3952 ‘supro
470 3885 584 3948 adiecto)
609 3883 696 3936 scribit
714 3884 762 3936 llb.
802 3889 840 3938 Be
862 3887 992 3952 profundo
1017 3889 1168 3939 lerrelrosoo

152 3976 357 4042 superstitionis
381 3973 522 4025 rectissime
547 3973 640 4040 legitur
659 3974 732 4023 etiam
752 3973 776 4022 iu
796 3973 857 4023 meis
876 3971 1013 4022 codicibus.
1051 3970 1167 4025 Adiecti-

922 4057 960 4122 13
