2880 4696
769 351 832 418 {22

287 517 349 576 tote
382 511 471 575 deam
500 512 534 574 to
563 528 697 590 corpore
719 518 833 574 oestro.
878 507 1078 577 Clariiicemus
1101 519 1131 576 et
1153 517 1310 595 portemus

286 627 373 690 deum
396 643 472 708 puro
496 629 526 687 et
547 624 657 687 mundo
681 641 811 705 corpore
824 617 851 701 ⁹)
874 630 903 686 et
926 625 1141 688 observatione
1171 623 1308 706 meliore,

286 745 314 802 et
339 739 389 820 qui
411 756 467 820 per
489 730 664 819 sanguinem
687 733 794 798 Christi
817 735 962 818 redempti
984 753 1102 816 sumus,
1128 757 1185 820 per
1208 740 1308 802 omnia

285 853 438 916 servitutis
473 851 617 932 obsequia
640 850 837 932 redemptoris
860 850 976 932 inperio
999 869 1156 933 pareamus
1180 852 1309 917 demus·

257 983 344 1048 sque
368 981 509 1046 operam,
543 981 582 1026 ne
606 962 677 1044 quid
700 961 870 1025 inmundum
894 969 924 1024 et
945 963 1102 1044 profanum
1124 967 1235 1048 templo
1260 966 1310 1030 dei

285 1078 440 1157 inferatur,
464 1094 503 1138 ne
526 1074 660 1139 oiiensus
683 1075 795 1154 sedem,
820 1091 907 1156 quam
930 1074 1086 1155 inhabitat,
1110 1076 1307 1160 derelinquat.

285 1192 464 1274 sospitantis
499 1189 608 1253 domini
642 1191 735 1252 verba
767 1196 836 1253 sunt
868 1195 899 1253 et
930 1188 1066 1253 docentis
1086 1187 1140 1271 ω),
1174 1193 1308 1257 curantis

283 1308 393 1389 pariter
416 1313 447 1368 et
473 1306 620 1369 monentis
637 1302 694 1382 ¹¹):
723 1305 820 1382 Ecce,
854 1305 964 1386 inquit,
993 1325 1093 1369 conoe
1121 1308 1228 1387 sactae
1261 1327 1306 1386 ee,

284 1422 346 1483 iam
380 1422 446 1484 noli
472 1439 623 1500 peccare,
654 1439 693 1482 oe
724 1421 802 1500 qaid
832 1419 888 1482 tibi
909 1417 946 1497 ¹²)
976 1421 1113 1483 deterius
1138 1421 1203 1501 fiat.
1249 1421 1308 1483 Dat

246 1535 404 1602 revivendi
426 1535 561 1600 timorem
575 1532 627 1616 ¹³),
650 1534 700 1598 dat
718 1536 907 1599 innocentiae
921 1534 1030 1618 legem,
1052 1543 1211 1617 postquam
1225 1553 1307 1600 oon-

283 1828 308 1878 in
326 1839 399 1892 seqq.
418 1823 595 1891 clarificemus
612 1834 659 1887 pro
677 1823 821 1890 glorificate
839 1830 862 1873 et
880 1823 1059 1891 glorificemus
1078 1837 1093 1872 e
1116 1823 1307 1890 septemdecim

283 1921 344 1967 vett.
364 1910 422 1961 diss.
442 1917 468 1960 et
486 1923 518 1959 ex
535 1907 575 1958 ed.
594 1905 692 1958 Moreil.
711 1897 821 1957 restituit
838 1905 963 1958 Bniuzius.
1000 1905 1055 1958 Nec
1073 1905 1146 1958 aliter
1164 1907 1259 1976 legitur
1278 1911 1306 1962 in

284 2001 376 2051 nostris
394 1997 464 2050 iibris
482 2004 589 2063 excepto
608 1993 665 2059 bib,
690 1996 716 2045 in
737 2010 787 2063 quo
806 1998 949 2060 clarificate
967 2002 1089 2046 mutatum
1109 2003 1148 2046 est
1166 1996 1192 2046 in
1212 1999 1303 2066 picri-

281 2094 365 2159 fiootc,
385 2095 411 2138 et
422 2092 487 2137 teste
498 2083 608 2153 Rigaitio
619 2085 643 2134 in
655 2083 712 2134 cod.
724 2082 781 2135 Ver.
811 2080 840 2134 In
852 2097 903 2150 mg.
915 2090 997 2132 autem
1012 2081 1183 2151 Gottingensis
1204 2099 1303 2136 exem·

282 2174 358 2242 piaris
376 2173 416 2226 ed.
435 2172 529 2223 Manui.
547 2172 632 2239 reperi
655 2171 756 2240 quidem
782 2171 889 2222 eandem
915 2169 1065 2234 lectionem,
1091 2169 1138 2222 sed
1167 2171 1223 2224 sins
1252 2171 1304 2224 ulio

283 2261 379 2315 codicis
396 2260 497 2312 indicio.
534 2258 619 2310 Verba
637 2269 661 2313 et
677 2268 780 2328 portate
797 2273 847 2311 om.
867 2257 917 2310 bid.
952 2257 1001 2310 Pro
1020 2262 1097 2313 mum
1115 2267 1141 2310 et
1160 2259 1202 2310 hic
1226 2268 1254 2312 et
1278 2263 1304 2312 in

282 2367 354 2421 seqq.
374 2349 432 2401 edd.
451 2355 514 2400 vett.
533 2363 555 2398 c.
575 2345 671 2398 Erasm.
691 2344 860 2415 Graeanque
885 2345 984 2398 Marcii.
1012 2345 1133 2398 exhibent
1158 2350 1304 2402 dominam.

281 2509 410 2575 Deinceps
428 2504 451 2557 Α
468 2503 555 2556 scribit
573 2506 602 2556 in
620 2507 698 2558 eorde
717 2512 817 2557 vestro.
867 2504 895 2569 9)
919 2437 1047 2573 'turzco-da}
1064 2509 1160 2560 macodo
1180 2508 1306 2572 (cardea

281 2613 313 2648 m.
334 2593 430 2647 saeculi
446 2590 510 2644 Xlll.
529 2606 604 2658 supra
624 2577 737 2658 adiecto)
762 2591 805 2642 dat
824 2591 881 2657 Mb,
910 2606 936 2656 p.
955 2602 980 2648 et
997 2611 1032 2644 m.
1051 2596 1129 2646 corde
1147 2605 1172 2648 et
1191 2612 1306 2664 corpore

281 2691 361 2735 exstat
384 2683 410 2732 in
435 2679 493 2730 edd.
519 2687 596 2743 vett,
619 2677 717 2730 Eraem.
738 2687 764 2730 et
783 2679 873 2744 Gran,
898 2701 922 2749 p.
942 2689 966 2734 et
990 2699 1023 2734 m.
1044 2684 1123 2736 corde
1141 2692 1166 2734 et
1183 2700 1262 2752 opere
1280 2683 1305 2734 in

281 2769 398 2833 Mureti,
424 2777 528 2845 pectere
551 2782 598 2834 pro
622 2785 732 2836 corpore
757 2769 781 2818 in
800 2767 867 2819 iibro
884 2767 962 2833 Fieri,
982 2785 1093 2836 corpore
1111 2779 1204 2822 ccccmo
1224 2771 1250 2820 in
1272 2771 1306 2834 Α,

268 2860 324 2927 'qui
342 2859 456 2925 proxime
475 2855 562 2907 scribit
582 2865 611 2910 ut
636 2859 688 2924 qui.
725 2853 791 2907 Part.
819 2865 859 2924 et,
885 2871 950 2924 quoe
974 2856 999 2906 in
1025 2855 1066 2908 ed.
1086 2855 1179 2908 Manat.
1199 2857 1305 2922 excidit,

281 2943 392 3014 Gotting.
412 2942 540 3011 exemplar
565 2943 591 2992 in
615 2958 665 3010 mg.
686 2940 835 3008 adscriptam
858 2940 943 2993 babet.
979 2928 1064 2994 Voces
1083 2946 1304 3012 dominicam,

281 3049 343 3102 quas
362 3031 420 3082 edd.
438 3029 599 3082 B'aluzianam
618 3029 802 3080 antecedentes
821 3037 880 3096 post
899 3030 1000 3082 viriati
1024 3029 1120 3082 addunt
1145 3039 1172 3082 et
1191 3029 1306 3086 Gallicus

280 3121 362 3174 editor
380 3123 457 3170 tacite
476 3121 605 3186 expunxit,
622 3132 674 3169 non
692 3125 834 3186 agnoscunt
851 3118 929 3167 nostri
948 3116 1021 3168 codd.
1042 3133 1131 3168 omnes
1151 3127 1178 3170 et
1196 3118 1257 3170 Ver.
1279 3119 1306 3172 2.

280 3208 339 3260 blox
357 3191 479 3276 obsequio
497 3223 549 3259 rec.
567 3206 610 3257 iiia
629 3221 661 3256 m.
680 3221 757 3272 supra
775 3203 909 3271 adscripsit
926 3206 951 3255 in
970 3204 1020 3256 bib.
1052 3205 1137 3258 Verba
1156 3210 1307 3276 demusque

280 3314 385 3364 operam
409 3311 458 3346 om,
478 3295 534 3346 cod.
554 3294 579 3346 S.
598 3293 729 3360 Amutphi.
778 3291 821 3355 to)
841 3295 994 3346 exdocendo
1019 3309 1065 3362 pro
1090 3304 1114 3347 et
1135 3297 1255 3347 docentis
1273 3293 1305 3346 Α.

280 3383 367 3435 Statim
386 3386 507 3436 mirantis
526 3382 599 3434 deest
616 3383 640 3432 in
653 3380 712 3432 bibd
730 3387 757 3432 et
769 3379 799 3431 Α.
838 3378 882 3446 tt]
901 3379 990 3432 Joann.
1010 3381 1035 3446 5,
1056 3381 1096 3434 14,
1138 3382 1184 3446 12)
1204 3399 1238 3436 ree
1256 3385 1307 3436 titt

281 3470 311 3524 Α.
351 3469 395 3540 13)
414 3471 451 3522 lta
468 3470 526 3522 Ver.
545 3469 584 3520 W.
604 3468 684 3521 Mabc.
703 3468 732 3521 B.
752 3467 807 3520 Vnt.
824 3468 850 3520 4.
871 3466 1091 3522 Aetad.01ron.
1122 3469 1199 3523 Comi.
1219 3468 1305 3522 Gro-

280 3573 351 3609 nov.
372 3557 516 3616 Observatt.
535 3574 559 3624 p.
574 3556 632 3610 571.
672 3560 779 3610 Viventii
797 3573 896 3609 morem
915 3556 1034 3609 exhibent
1052 3557 1093 3608 Md
1112 3566 1139 3609 et
1159 3560 1224 3612 editi
1242 3569 1306 3612 ante

282 3646 372 3713 Onon,
390 3649 497 3701 vicennii
515 3655 628 3699 tectorem
648 3659 662 3694 e
682 3643 885 3712 eod-Burgund.
904 3646 1001 3712 recepit
1020 3645 1106 3698 Baius.
1143 3645 1225 3700 Paulo
1246 3657 1308 3715 post

280 3787 329 3823 nee
354 3772 447 3823 caenia
466 3767 508 3820 dat
526 3766 574 3818 iia.
609 3764 670 3817 Tum
697 3742 722 3786 θ’
746 3770 877 3820 resolutio
901 3766 938 3834 (et
956 3783 970 3818 a
989 3784 1009 3818 r.
1028 3783 1060 3819 m.
1086 3770 1228 3839 superscr.)
1256 3771 1307 3838 bic,

281 3853 510 3911 reectcmmwee
523 3853 588 3907 biab.
624 3854 755 3922 Deinceps
771 3853 976 3927 perceperitis.
1008 3856 1035 3907 ln
1055 3871 1127 3926 seqq.
1146 3873 1171 3908 v.
1189 3863 1309 3929 mosius

281 3943 325 4012 bib
340 3960 356 3996 a
373 3959 394 3997 r.
412 3959 445 3997 m.
465 3945 490 3999 ia
508 3957 558 3996 ras.
576 3941 662 3996 babet.
