2880 4696
616 391 680 462 Idi

137 556 305 638 praecepit,
328 571 405 636 quae
428 551 567 618 dominus
590 552 729 618 ostendit.
774 549 902 616 Divitem
924 557 954 614 te
975 537 1102 618 sentiant
1120 552 1157 634 ¹¹)

137 687 311 752 pauperem
333 668 511 750 locupletem
534 670 663 732 sentiant
684 667 861 753 indigentes.
905 668 1084 732 Patrimonio
1105 675 1158 734 tuo

138 784 230 846 deum
255 783 376 846 foenera
391 780 449 863 ¹²),
473 782 621 846 Christum
646 784 720 846 ciba.
765 783 803 846 Ut
824 783 1000 867 virginitatis
1022 782 1158 865 perferre
1193 772 1197 780 Χ

136 898 267 982 gloriam
289 898 387 977 liceat,
411 903 443 961 ut
464 898 501 961 ad
525 898 635 963 domini
657 899 787 981 praemia
803 895 841 977 13)
864 901 969 963 venire
992 899 1157 982 confingat,

109 1012 301 1076 simultatum
322 1014 464 1096 precibus
488 1032 591 1078 exora.
630 1014 810 1078 commenda
826 1013 884 1076 illic
898 1013 1057 1076 thesauros
1080 1020 1158 1094 tuos,

130 1126 191 1189 ,ubi
214 1125 263 1189 fur
284 1127 383 1190 nullus
400 1123 441 1205 ¹⁴)
464 1127 601 1208 effodiat,
631 1146 692 1209 quo
722 1126 819 1191 nullus
842 1126 984 1190 insidians
1007 1135 1160 1213 grassator

136 1243 296 1322 inrumpat
333 1243 546 1306 Possessiones
569 1244 630 1323 tibi,
653 1242 707 1306 sed
730 1242 875 1306 caelestes
898 1241 993 1325 magis
1015 1259 1157 1323 conpara,

137 1356 193 1422 ubi
216 1354 331 1418 fructus
353 1360 422 1418 tuos
444 1356 531 1440 iuges
554 1373 590 1419 ac
609 1352 648 1434 ¹⁵)
677 1371 828 1440 perennes
860 1361 890 1418 et
919 1354 955 1418 ab
979 1353 1060 1418 omni
1081 1369 1159 1416 con-

145 1555 352 1567 ...a-..m-m..

215 1666 262 1736 11)
279 1670 317 1722 I't
334 1669 441 1722 diuitem
458 1669 574 1721 ceutiaat
585 1665 626 1719 W.
661 1666 775 1720 Alterum
794 1676 828 1733 te,
846 1668 913 1737 quod
932 1675 991 1736 post
1009 1671 1161 1738 locupletem

142 1755 241 1809 addidit
258 1754 395 1820 Balanitae,
422 1770 473 1808 om.
491 1746 531 1807 W.
551 1754 615 1808 Mac.
634 1753 663 1808 B.
700 1755 786 1819 Quare
810 1758 927 1824 expunxi.
963 1753 1000 1808 Gi.
1020 1756 1051 1807 ad
1070 1755 1161 1809 librum

142 1843 177 1896 de
194 1842 259 1910 laps.
279 1839 341 1910 Cap.
360 1839 423 1894 xit.
442 1856 467 1894 u.
488 1841 529 1893 15.
575 1841 619 1907 12)
640 1841 677 1893 lta
695 1841 755 1895 Ver.
774 1840 816 1894 W.
834 1841 898 1895 illac.
917 1841 953 1908 B,
974 1857 1005 1894 ex
1024 1857 1088 1895 corr.
1107 1842 1159 1909 llilr,

142 1928 245 1984 Gambr.
265 1932 290 1981 iu
309 1945 376 2000 mg„
403 1931 464 1982 item
489 1930 547 1983 edd.
565 1929 659 1982 Manat.
679 1927 724 1982 ox.
744 1929 848 1996 Goldlr„
873 1933 1063 2001 patrimonium
1086 1919 1160 1985 mum

142 2021 220 2073 deum
236 2022 331 2089 [mora
350 2016 411 2086 (sic)
431 2015 468 2082 Α,
492 2020 681 2087 patrimonium
706 2027 779 2072 tuum
800 2021 847 2071 deo
864 2020 972 2085 foemora
989 2013 1083 2068 Pamel.
1101 2015 1157 2085 Iiig.

142 2104 247 2172 Baium,
271 2108 430 2176 patrimonia
454 2115 501 2158 tua
526 2108 571 2159 deo
594 2108 686 2173 seuera
703 2103 745 2156 lid
769 2113 923 2174 veteresque
947 2105 1004 2156 cdd.
1025 2121 1046 2156 c.
1067 2103 1157 2156 Remb.

143 2189 240 2260 Erasm.
260 2191 334 2245 Grau.
353 2191 450 2243 llorell.
482 2190 555 2243 Coni.
575 2191 607 2243 ad
625 2191 717 2244 llbrum
736 2192 767 2243 de
786 2191 863 2260 lapsis
877 2189 937 2258 Cap.
950 2190 1058 2244 xxviii.
1077 2207 1102 2243 n.
1116 2190 1157 2244 13.

144 2280 282 2332 Adnotavit
299 2278 432 2332 Baluzius:
460 2277 601 2346 „Pamclius
619 2287 719 2351 etpost
737 2295 794 2332 euro
812 2277 935 2348 Rigaltios
953 2287 1091 2348 posuerunt
1106 2299 1157 2349 pa·

145 2371 299 2422 trimontium
324 2377 398 2422 taram
425 2372 470 2422 dea
493 2373 599 2438 seuera,
624 2383 697 2436 marn
723 2368 858 2420 lectionem
882 2370 968 2419 inveni
993 2369 1019 2419 in
1043 2375 1160 2435 quattuor

146 2455 333 2524 exemplaribus
351 2457 468 2526 antiquis.
504 2457 610 2508 Veteres
630 2456 688 2508 edd.
707 2465 733 2508 et
752 2458 870 2509 undecim
891 2464 979 2509 uetera
1006 2453 1159 2523 exemplaria

144 2541 240 2596 habent
255 2547 416 2614 patrimauia
440 2554 484 2598 tua
509 2549 554 2598 deo
580 2550 680 2615 [carcaa.
715 2545 862 2598 lectionem
886 2553 985 2611 autern,
1010 2560 1085 2613 quam
1109 2559 1159 2612 cgo

145 2633 251 2697 retinui,
277 2632 425 2699 praeierunt
449 2632 583 2684 duodecim
604 2632 660 2686 libri
678 2642 739 2685 vett.
759 2641 786 2684 et
804 2633 843 2686 ed.
864 2631 955 2686 Manat.
973 2635 1084 2704 itemque
1103 2635 1159 2683 An-

145 2715 228 2786 glie.“‚
257 2715 308 2768 Sed
330 2721 424 2770 erravit
441 2722 480 2772 vir
499 2721 580 2784 doct.;
605 2719 684 2775 hahet
705 2723 770 2774 eninr
789 2723 814 2773 in
834 2730 954 2774 contextu
971 2724 1161 2791 patrimonium

146 2813 219 2858 tuum
237 2809 282 2860 aleo
301 2811 408 2876 seuera,
434 2817 462 2860 ut
485 2825 561 2876 supra
583 2810 676 2861 dictum
704 2818 756 2874 est3
783 2811 808 2860 in
833 2809 1053 2862 observationIbus
1076 2815 1161 2860 autern

145 2901 220 2944 notae
239 2909 301 2945 suae
320 2898 451 2962 praemisit
466 2900 623 2964 patrimonia
642 2907 702 2962 tuo,
722 2900 757 2949 ita
781 2907 808 2949 ut
831 2898 899 2950 aliud
924 2900 1065 2966 cogitasse,
1092 2895 1161 2947 allud
1227 2948 1230 2962 ,

146 2981 279 3047 scripsisse
299 2982 425 3034 videatur.
460 2981 552 3034 Veram
578 2992 663 3034 tamen
687 2984 824 3036 lectionem
848 2982 927 3035 multo
952 2991 1011 3036 ante
1029 2981 1161 3034 Baluzium

146 3082 160 3117 c
188 3067 262 3119 codd.
291 3070 340 3120 iam
365 3071 471 3122 restituit
498 3069 687 3124 Gronovius
713 3073 738 3122 in
762 3069 903 3123 Observatt.
929 3072 1028 3138 saepius
1054 3069 1160 3122 laudatt

146 3171 170 3221 p.
189 3155 249 3208 559.
286 3154 406 3209 Ceterum
424 3161 571 3226 scripturam
587 3163 695 3228 [carrera
719 3159 783 3225 (vid.
810 3158 916 3227 sitttg.
941 3157 1024 3212 Praei.
1045 3159 1077 3211 ad
1096 3156 1161 3212 Plin.

145 3251 197 3295 nat.
214 3242 270 3295 hist.
291 3243 316 3297 Ρ.
334 3244 428 3313 LXXI.)
446 3251 533 3314 recepi
553 3265 567 3298 e
587 3248 662 3301 codd.
681 3248 719 3300 lla
739 3258 765 3300 et
782 3247 810 3301 B.
843 3247 906 3300 Ilell.
926 3249 1047 3302 exhibent
1065 3254 1159 3319 fertura

146 3341 256 3401 excepto
274 3337 305 3385 A.
341 3333 396 3386 Vid.
416 3335 448 3386 ad
466 3335 556 3387 librum
583 3336 615 3388 de
638 3337 701 3406 laps.
721 3335 782 3406 Gap.
801 3336 906 3388 XXVIII.
926 3353 951 3390 u.
971 3335 1012 3388 13.
1059 3336 1105 3408 13)
1126 3340 1160 3390 ad

146 3424 221 3474 doram
239 3425 359 3490 praemia
376 3421 426 3476 tid.
464 3421 525 3474 Tum
544 3426 646 3478 inverso
665 3427 754 3479 ordine
772 3431 864 3482 curura
879 3429 1000 3497 praemia
1018 3425 1069 3491 lib,
1091 3443 1160 3496 pcr-

146 3511 237 3561 vcua'rc
254 3507 294 3559 W.
340 3508 384 3574 tt)
402 3513 497 3564 mullus
521 3515 569 3580 fur
594 3512 654 3564 edd,
675 3521 733 3564 aute
760 3512 869 3577 Manat,
892 3516 953 3566 item
970 3512 1068 3566 llorell.
1105 3517 1161 3567 Fur
1230 3546 1233 3556 x

147 3591 220 3645 deest
237 3595 262 3645 ln
281 3595 311 3646 Α.
348 3593 410 3646 Tum
429 3607 569 3652 crassatur
586 3596 615 3651 B.
653 3598 698 3666 15)
717 3608 741 3652 ct
758 3598 789 3650 Α.
827 3599 893 3652 Dein
910 3598 1095 3670 percucurrit.
1109 3598 1160 3652 liId.

147 3681 214 3734 liet
232 3681 273 3734 ed.
293 3682 427 3749 Dareium,
453 3703 581 3754 pereamus
605 3691 636 3740 al
662 3685 798 3752 amaillo,
817 3697 841 3742 et
859 3688 904 3756 (ac
926 3686 961 3756 Α)
981 3689 1051 3740 auaui
1068 3686 1118 3751 tta,
1137 3695 1161 3742 ct
1274 3759 1295 3808 ·

148 3773 178 3822 (ὠ
199 3809 269 3859 omui
286 3805 337 3859 tto.
373 3805 433 3859 Post
450 3811 573 3864 inmunes
591 3827 655 3862 unus
672 3810 727 3863 Ital.
747 3812 846 3864 inserit:
874 3829 922 3866 uec
947 3814 1030 3866 iudex
1053 3811 1159 3876 ambiat,

147 3909 195 3952 occ
214 3897 350 3969 praecitur
367 3899 491 3973 iuquirat.
520 3896 580 3950 llox
591 3897 631 3950 tte
648 3913 783 3970 perperam
796 3909 903 3954 actem.
933 3897 995 3954 rum
1009 3900 1082 3954 cadat
1094 3894 1159 3954 Mod·
