2868 4700
684 398 728 464 20

202 547 334 641 cirott)
344 551 451 620 christi
467 559 496 620 et
512 561 644 622 sanctum
661 557 769 623 domini
786 557 842 622 eici
858 557 939 622 lorus
954 576 1015 624 non
1031 563 1140 642 poteri
1155 577 1214 626 nec

201 671 326 736 ullaulla
339 669 527 736 credentibus
539 675 658 750 praeter
669 689 757 734 uuam
770 671 927 736 ecclesiam
936 671 1041 736 domus
1052 678 1106 736 est.
1129 671 1212 736 llenc

202 786 319 850 domum
333 783 389 870 Ἡ),
412 786 470 848 boc
486 785 684 848 unanimitatis
701 785 858 868 hospitium
881 785 1018 870 designat
1039 793 1069 850 et
1091 786 1210 851 denun-

198 902 251 966 tiat
273 901 393 983 spiritus
424 904 543 962 sanctus
566 900 596 962 in
626 899 745 982 psalmis
769 896 943 984 dicens²²):
976 903 1062 966 Deus
1084 904 1137 985 qai
1157 902 1211 966 in-

173 1013 337 1078 obebitorc
357 1013 437 1093 facit
457 1013 615 1076 unanimes
636 1013 670 1077 in
691 1012 787 1077 danao.

602 1177 605 1182 ’
662 1211 752 1280 viu.

285 1356 317 1417 ln
340 1354 428 1419 domo
445 1353 511 1433 dei,
533 1354 564 1417 in
586 1354 715 1418 ecelesia
731 1354 839 1418 Christi
861 1356 1014 1420 unanimes
1030 1356 1209 1442 babitant¹)‚

199 1468 366 1534 concordes
380 1477 410 1534 et
421 1471 568 1551 simplices
580 1445 785 1553 perseverant.
821 1461 935 1536 Idcirco
943 1469 971 1550 ²)
984 1481 1014 1536 et
1029 1476 1058 1539 in
1074 1475 1209 1544 columba

196 1585 277 1648 venit
299 1586 419 1667 spiritus
447 1593 582 1665 sanctus,
612 1587 739 1668 simplex
770 1587 875 1650 animal
907 1595 936 1650 et
957 1585 1126 1670 laetum³)‚
1148 1607 1209 1652 non

196 1699 267 1762 lelle
289 1717 434 1777 amarum,
457 1716 518 1762 non
540 1698 687 1762 morsibus
709 1716 846 1779 saevum,
871 1718 931 1764 non
945 1702 1068 1785 ungium
1084 1699 1204 1764 lacera·

1415 3956 1418 4003 t

1415 4014 1418 4051 Ι

156 1821 182 1864 1⁰
195 1814 276 1876 tione
296 1810 301 1894 Ι
320 1811 495 1890 violentum,
523 1812 649 1893 hospitia
673 1812 798 1876 bumana
822 1813 961 1898 diligere,
985 1815 1074 1878 unius
1098 1813 1258 1879 damasit?

196 1926 377 1990 consortium
392 1944 493 2006 nosse,
516 1945 583 1989 cum
604 1924 799 2011 generant⁴]‚
822 1928 906 1990 simul
921 1928 997 1992 lilios
1014 1927 1116 2008 edere,
1140 1946 1207 1992 cum

196 2044 377 2118 commeant,
409 2039 555 2101 volatibus
581 2039 707 2102 invicem
739 2041 920 2120 cohaerere,
950 2042 1096 2104 communi
1128 2059 1206 2105 con-

195 2153 366 2216 versatione
394 2153 484 2213 vitam
516 2166 599 2212 suam
628 2151 756 2234 degere,
789 2153 849 2214 oris
881 2152 984 2214 osculo
1015 2153 1206 2216 concordiam

194 2269 276 2349 pacis
305 2266 492 2350 adgnoscere
504 2261 545 2344 5),
574 2264 671 2348 legem
700 2265 779 2328 cirea
810 2267 907 2328 omnia
936 2267 1131 2330 unanimitatis
1155 2245 1208 2329 in-¹

193 2489 304 2541 cicietur
331 2502 394 2539 caro
423 2488 454 2539 de
478 2488 553 2538 domo
579 2483 635 2548 blb,
666 2486 767 2537 cicietie
795 2483 870 2534 codd.
897 2484 976 2536 nostri
1001 2500 1097 2538 omnes.
1141 2484 1204 2538 Item

193 2575 218 2625 in
242 2589 313 2641 seqq.
338 2575 397 2626 cici.
438 2570 579 2640 Praeposlt.
604 2576 634 2627 dc
659 2580 718 2622 ante
743 2575 817 2625 domo
841 2572 864 2623 Α
887 2586 936 2624 om.
976 2572 1022 2640 20)
1042 2576 1155 2628 Canacen
1171 2573 1203 2625 Α.

193 2659 239 2728 21)
258 2665 371 2714 Domum
389 2664 456 2713 bunc
474 2660 514 2712 W.
533 2659 630 2710 Vitiosa
650 2663 698 2713 bec
715 2661 877 2713 unanimitas
895 2658 926 2712 Α.
961 2658 1077 2712 Proxime
1099 2663 1203 2715 detun-

193 2751 246 2802 ca'ot
264 2757 287 2801 ct
304 2751 425 2818 dcaipnat
437 2746 481 2812 Ba,
500 2759 524 2801 ct
541 2751 644 2801 nuntiat
662 2745 712 2800 bib.
732 2743 780 2811 Bb,
799 2749 972 2802 denanaciatur
988 2748 1019 2800 n.
1052 2747 1116 2799 Dein
1132 2741 1203 2802 aaa·

191 2843 253 2888 ctus
273 2835 299 2886 in
317 2833 356 2884 Mc
375 2851 389 2885 a
407 2851 427 2887 r.
446 2851 479 2886 m.
497 2834 702 2900 superscriptum.
739 2832 784 2901 22)
802 2830 891 2886 Parim.
911 2833 953 2900 67,
972 2834 997 2887 7.

268 2921 331 2972 Vlll.
361 2921 388 2988 1)
415 2925 559 2975 inhabitant
582 2918 632 2973 btb.
674 2920 703 2989 2)
729 2924 831 2976 iccirco
850 2921 909 2974 edd.
927 2930 989 2975 vett.
1010 2926 1130 2991 (excepta
1147 2921 1202 2974 Da-

135 3064 137 3068 ,
193 3009 288 3078 ventr.)
306 3007 395 3061 Remb.
414 3007 506 3059 llanut.
525 3006 619 3058 Pemel.
637 3005 730 3076 Rigalt.
751 3006 829 3060 Oxou.
859 3007 917 3060 Mox
934 3013 963 3062 in
981 3013 1127 3064 columbam
1143 3009 1202 3062 Ver.

193 3097 221 3164 3)
241 3101 335 3151 tactum
353 3107 393 3150 cat
405 3096 444 3148 W.
457 3094 521 3146 blab.
535 3093 598 3147 Bab.
612 3103 637 3146 et
656 3113 693 3164 pr.
706 3095 753 3148 blc.
784 3095 820 3148 lta
833 3098 909 3149 etiarn
923 3095 1029 3149 Gravius
1042 3105 1068 3149 et
1079 3095 1204 3149 Pamclius

191 3193 285 3253 puncto
309 3191 368 3236 unte
391 3186 508 3250 rimptcoe
531 3184 623 3250 posito.
666 3183 753 3235 Statim
777 3202 829 3238 non
853 3195 894 3238 ert
921 3203 1055 3255 amarum,
1084 3201 1137 3240 non
1163 3195 1205 3239 eet

191 3277 328 3326 morsibus
353 3271 383 3324 Α.
427 3269 492 3321 Dein
516 3286 642 3324 coaevum
666 3271 713 3323 nte.
755 3271 824 3324 ldem
848 3273 912 3324 infra
937 3276 1066 3328 ccccvitia
1092 3281 1118 3325 et
1144 3287 1203 3325 mox

191 3344 296 3415 arcaea.
332 3358 509 3429 Procopium
534 3357 593 3409 edd.
610 3367 671 3411 vett.
691 3376 712 3411 c.
731 3358 820 3414 Remb.
840 3365 1007 3431 copularum.
1052 3362 1080 3427 4)
1100 3379 1199 3432 capno-

191 3465 265 3502 accrc
284 3452 405 3517 qnoniam
422 3457 546 3516 perierant
559 3445 591 3511 Α,
612 3459 782 3517 conpererant
799 3464 845 3516 pro
863 3467 923 3504 cnm
940 3459 1063 3520 perimunt
1082 3449 1139 3501 edd.
1158 3464 1199 3516 pr.

193 3542 219 3584 et
236 3534 336 3599 Venet,
353 3543 444 3605 perant
463 3533 509 3587 Bb.
544 3534 605 3586 Tum
623 3539 714 3590 cedere
731 3536 779 3590 bla.
798 3535 842 3589 Bu.
877 3536 969 3590 Deleta
988 3541 1061 3590 edere
1078 3534 1110 3587 ab
1127 3553 1147 3590 r.
1166 3555 1201 3593 m.

193 3625 390 3689 superscriptum
409 3625 478 3675 atcrc
496 3623 542 3688 (ita
555 3620 610 3675 Vat.
630 3623 655 3676 2.
674 3632 700 3674 et
711 3623 762 3689 blo)
781 3626 806 3675 in
819 3624 868 3676 blb.
898 3623 964 3676 Dein
983 3628 1104 3695 quoniam
1122 3643 1199 3680 aom-

193 3718 314 3762 mancant
336 3707 374 3773 A,
399 3720 515 3763 comeant
539 3707 586 3763 Bb.
621 3710 670 3762 Pro
694 3716 827 3768 velocitate
849 3712 890 3765 W.
916 3711 996 3766 blabc.
1018 3711 1056 3766 Bu
1079 3713 1201 3767 mendose

193 3800 362 3862 volatilibus,
389 3795 426 3847 Bb
445 3801 603 3853 colantibus.
645 3799 675 3869 5)
702 3803 861 3870 odpnoaocrc
887 3803 944 3867 (pra
972 3802 1127 3872 apnorccre)
1151 3799 1200 3852 tta.

195 3882 234 3934 De
257 3883 305 3936 buc
328 3887 450 3938 varietate
474 3887 526 3939 vid.
554 3888 694 3957 Wagner
721 3885 837 3958 Ortbogr.
856 3887 950 3958 Vergil.
975 3905 1000 3958 p.
1021 3888 1081 3942 407.
1116 3888 1201 3944 Verba

194 3975 306 4041 proxima
324 3979 508 4030 unanimitatis
525 3979 624 4046 inplere
642 3991 692 4028 om.
709 3974 758 4028 itta.

1406 4474 1414 4670 l
