2880 4696
740 375 876 442 86·

136 587 141 600 .
255 523 394 600 metronia
415 536 453 600 de
476 536 536 612 tte,
561 536 614 615 pei
637 535 784 598 interris
808 534 1007 602 intuterant?
1030 541 1060 600 et
1080 535 1274 617 requiescere

257 669 292 714 ao
318 651 488 733 patientiam
520 630 625 712 tenere
638 644 667 727 ⁸)
689 649 784 712 adhue
806 650 952 715 iubentur.
996 649 1034 714 Et
1056 647 1275 733 quemquam‘i)

255 779 348 846 posse
386 763 491 846 aliquis
526 764 674 826 existimat
707 762 892 828 remittendis
925 767 1035 848 passim
1069 764 1276 846 donandisque

257 880 387 962 peccatis
410 879 520 942 bonum
542 877 608 940 fieri
631 882 733 947 contra
756 877 885 940 indicem
909 879 998 958 velie,
1022 885 1073 943 aut
1090 851 1173 960 prius
1190 895 1276 959 quarn

231 975 424 1058 evindicetur
440 989 494 1072 ¹⁰),
518 993 583 1074 ipse
605 991 680 1056 alios
703 1009 794 1074 posse
817 991 1015 1056 defendere?
1059 990 1199 1058 Mandant
1219 992 1277 1054 ali-

259 1106 332 1188 quid
351 1114 497 1190 martyres
517 1103 553 1183 ¹¹)
574 1104 648 1168 iieri.
692 1105 724 1169 st
745 1104 842 1185 iusta,
864 1107 890 1166 si
915 1105 1018 1185 licita,
1041 1106 1067 1168 si
1089 1123 1151 1169 non
1173 1111 1277 1167 eontra

259 1217 355 1300 ipsum
393 1218 540 1281 dominum
577 1235 594 1278 a
632 1214 681 1280 dei
717 1215 876 1280 sacerdote
912 1215 1047 1280 iacienda
1082 1219 1120 1280 sit
1155 1218 1275 1282 obtem-

259 1333 392 1414 perantis
415 1331 508 1394 facilis
532 1338 562 1394 et
583 1331 879 1420 pronaheonsensim
905 1333 931 1394 si
952 1333 1081 1413 petentis
1105 1331 1195 1396 inerit
1217 1349 1274 1394 re-

260 1447 367 1532 ligiosa
390 1446 563 1534 moderatio.
609 1445 748 1510 Mandant
769 1447 878 1529 aliquid
901 1454 1048 1532 martyres
1070 1448 1146 1512 fieri.
1193 1425 1279 1527 8111)

222 1564 370 1644 rescripta
392 1579 453 1626 non
476 1561 586 1624 sintin
609 1559 719 1624 domini
740 1561 810 1644 lega
832 1571 910 1643 qnae
934 1563 1089 1643 mandant,
1121 1568 1191 1626 ante
1223 1569 1279 1644 est,

262 1851 320 1905 iris
336 1851 483 1903 introitione
496 1845 545 1912 ite,
564 1849 681 1901 trahitant
693 1845 737 1901 Ba.
774 1846 803 1917 8)
816 1851 952 1903 sustinere
968 1863 1006 1917 pr.
1019 1847 1072 1915 itt,
1091 1852 1176 1904 adine
1194 1860 1283 1905 tenere

264 1937 321 1991 edd.
341 1945 399 1988 ante
417 1936 510 1989 Manat.
529 1951 617 1988 omnes
636 1951 657 1988 e.
677 1933 775 1988 Morell.
813 1935 840 2002 9)
860 1954 1005 2007 quenquam
1023 1935 1065 2002 W,
1086 1940 1212 2008 quendam
1233 1936 1281 2003 Bb,

263 2043 312 2096 qne
329 2029 435 2096 inparem
453 2024 483 2077 A.
520 2021 581 2076 Tum
600 2027 736 2078 existimet
754 2023 821 2076 idem
843 2023 919 2077 liber.
954 2023 1012 2076 Mox
1035 2028 1142 2096 dipsium
1165 2040 1213 2093 pro
1232 2030 1281 2081 da-

263 2131 327 2169 num
343 2111 469 2166 Pameiius
492 2114 577 2165 invitis
602 2112 678 2165 codd.
698 2120 724 2162 et
748 2112 807 2166 edd.
844 2110 888 2179 10)
913 2114 1046 2167 indicetne·
1071 2109 1109 2163 Bb
1134 2121 1160 2163 et
1177 2129 1214 2180 pr.
1234 2111 1282 2165 Me.

266 2199 311 2270 11)
336 2200 374 2253 lta
397 2200 471 2253 codd.
500 2207 526 2251 et
541 2189 625 2266 edd,
649 2202 670 2254 si
694 2202 805 2269 excipias
829 2197 990 2251 Baiuzianam
1015 2208 1041 2251 et
1059 2197 1283 2266 Goldhornianam‚

265 2303 331 2358 quas
354 2300 486 2359 martyres
510 2291 610 2358 ntipoid
633 2288 736 2341 habent.
785 2286 846 2340 Post
868 2291 926 2357 peri
952 2286 1087 2355 (piurimaa
1115 2287 1173 2341 edd.
1192 2287 1233 2341 hie
1258 2297 1285 2341 et

265 2374 329 2428 inira
346 2377 552 2445 interrogationis
569 2377 641 2444 signo
660 2376 827 2453 distinguunt)
847 2376 905 2428 eod.
924 2372 962 2426 Bb
986 2377 1069 2428 statim
1095 2375 1212 2429 exhibet:
1237 2381 1286 2432 sed

266 2467 294 2519 ei
317 2468 419 2533 scripta
443 2481 496 2517 eron
520 2473 584 2517 aurat
609 2465 766 2516 intermediis
793 2465 899 2516 omissis.
935 2465 1002 2531 Ante
1026 2467 1054 2518 ei
1077 2467 1150 2519 iusta
1173 2465 1199 2516 in
1226 2464 1285 2518 cod.

267 2551 340 2603 Voss,
362 2551 384 2603 1.
404 2558 430 2601 et
448 2550 511 2608 edda
525 2550 647 2603 Darentr.
670 2549 744 2604 Grav.
768 2549 854 2604 Baiae.
877 2559 953 2620 atque
972 2549 1061 2603 Goldh.
1086 2553 1205 2604 insertum
1230 2555 1286 2607 sed.

268 2636 353 2690 Verba
370 2641 398 2691 aa·
415 2641 488 2692 dieite
506 2653 555 2692 om.
568 2637 598 2690 Α.
629 2637 687 2690 ttox
706 2642 782 2693 deum
798 2655 845 2708 pro
863 2642 997 2694 dominum
1008 2639 1121 2691 scribunt
1133 2638 1172 2692 W.
1186 2638 1286 2693 Mabed.

268 2723 300 2777 A.
337 2722 398 2776 Tum
419 2743 450 2780 ne
468 2729 509 2780 dei
526 2730 688 2781 sacerdotem
707 2725 763 2779 Mab
784 2735 809 2780 et
827 2725 870 2779 Ba.
907 2726 1007 2782 Deinde
1032 2731 1155 2797 faciende
1178 2732 1233 2782 sint
1250 2725 1288 2780 tta

269 2820 296 2864 et
314 2810 351 2878 Α,
369 2817 423 2882 foe.
448 2823 512 2882 sarit
535 2810 591 2864 Med
616 2828 638 2865 e.
658 2812 715 2866 edd.
740 2822 800 2865 ante
820 2812 906 2866 Belua.
932 2822 1009 2882 atque
1029 2812 1134 2880 Goion,
1158 2830 1173 2866 a
1197 2814 1288 2884 quibus

268 2910 334 2955 sont
358 2900 444 2966 abest,
471 2909 497 2952 ut
520 2917 535 2952 e
559 2901 633 2954 codd.
651 2901 706 2954 rell.
746 2901 812 2954 Part.
832 2903 956 2966 conipnet.
976 2905 1004 2956 si
1022 2900 1141 2969 deinceps
1159 2902 1288 2969 praebant

272 2986 344 3039 codd.
358 2986 426 3052 tthd,
440 2989 500 3040 item
515 2989 572 3042 edd.
584 2997 655 3054 vett,
668 2991 688 3042 si
701 2991 812 3058 excipias
825 2989 954 3055 flavente,
974 3006 1023 3042 una
1036 3005 1093 3042 eum
1103 2985 1200 3043 Erasm.
1213 2989 1288 3044 Gran.

272 3073 368 3127 Morali.
377 3074 462 3128 Baius.
472 3085 547 3146 atque
556 3077 660 3141 Goidh.;
673 3080 698 3130 in
711 3078 766 3131 eod.
781 3087 865 3130 autem
877 3077 914 3129 Me
927 3094 948 3131 r.
959 3094 992 3130 m.
1005 3093 1079 3145 snpra
1092 3077 1195 3130 addidit.
1224 3077 1289 3129 Eam

273 3178 322 3214 om.
335 3160 371 3213 Ba
390 3171 416 3214 et
428 3162 459 3228 A,
478 3165 623 3234 quibdseum
642 3167 785 3234 conspirant
797 3165 854 3217 edd.
867 3163 961 3218 Pamel.
975 3164 1067 3234 Rigalt,
1081 3163 1162 3218 Oxon.
1193 3163 1289 3217 Contra

273 3249 415 3302 Manutiana
434 3251 510 3304 habet
526 3257 649 3330 facienda
666 3259 718 3309 sit:
745 3257 868 3322 obtemp,
892 3268 938 3320 pro
957 3269 1007 3322 quo
1024 3255 1050 3303 in
1069 3251 1179 3322 Gotting,
1198 3267 1288 3306 exem·

272 3337 336 3405 piari
353 3339 391 3389 vir
411 3338 479 3392 doct.
498 3343 605 3393 correxit
622 3345 760 3412 saeternae:
779 3346 816 3396 sit
834 3346 892 3408 obt,
912 3349 938 3392 ut
957 3349 995 3392 est
1012 3342 1039 3392 in
1057 3339 1122 3392 libro
1132 3339 1202 3404 Ver„
1221 3355 1288 3408 quo·

154 3427 159 3436 “
274 3440 331 3476 curn
343 3425 439 3478 iaciunt
451 3427 490 3481 W.
500 3427 614 3498 Seguier.
629 3437 655 3481 et
669 3428 714 3482 Ma.
744 3428 815 3482 Hane
828 3431 976 3497 scripturam
989 3427 1088 3480 subiate
1100 3435 1157 3495 post
1168 3429 1290 3496 facienda

272 3512 473 3581 interpunctione
486 3519 641 3569 verissimam
654 3532 710 3570 esse
722 3516 933 3586 putatRigaitius‚
946 3531 1022 3585 quem
1034 3524 1134 3568 secutus
1149 3530 1212 3567 sam.
1247 3513 1289 3566 ttb

275 3599 318 3652 dat
328 3609 540 3673 optemperetis,
550 3604 582 3656 de
591 3621 640 3673 qua
651 3606 778 3658 scribendi
788 3607 885 3656 ratione
897 3605 948 3658 rid.
959 3603 1056 3672 Wago
1065 3591 1106 3655 erss
1117 3599 1289 3670 Orthograph.

274 3686 370 3756 Vergil.
390 3705 415 3756 p.
433 3689 484 3742 413
502 3707 540 3760 sq.
576 3690 622 3757 12)
641 3695 708 3758 Sed,
735 3694 803 3762 quod
821 3702 880 3744 ante
898 3697 925 3748 ei
943 3690 1054 3744 inierunt
1074 3691 1132 3744 edd.
1152 3698 1178 3742 et
1195 3691 1290 3760 aliquot

277 3774 367 3841 codd,
385 3784 456 3828 reete
475 3794 524 3831 orn.
544 3776 577 3827 W
595 3787 621 3830 et
640 3779 689 3834 Ma.
724 3779 789 3833 Dein
808 3781 899 3833 ordine
916 3781 1017 3844 inverso
1035 3771 1089 3836 non
1107 3783 1210 3850 scripta
1227 3784 1292 3833 aurat

278 3861 380 3915 exhibet
402 3863 440 3929 A,
467 3883 521 3919 aer.
544 3885 598 3921 non
621 3876 685 3922 aurit
710 3868 769 3922 dant
791 3867 831 3921 W.
852 3867 917 3921 ttcd.
941 3865 979 3920 Bb
1002 3875 1155 3937 veteresque
1182 3865 1240 3918 edd.
1266 3850 1303 3916 es

205 3985 206 3988 η
277 3947 373 4004 Eraem.
393 3947 468 4006 arar.
485 3952 580 4010 Manat.
597 3953 694 4010 Morell.
