2834 4686
737 345 802 412 288

258 505 421 572 sicientins
442 505 579 586 nomm,
606 509 719 586 questo
741 503 837 585 mens
859 502 1029 586 patientiam
1053 509 1158 566 tenere
1175 502 1285 566 ⁴debe-

258 635 341 695 nos,
374 635 432 698 ons
461 614 606 680 edintrice
636 620 667 676 et
695 615 807 678 consite
837 613 934 676 omnio
947 610 1068 676 'infeste
1090 614 1286 678 toleremus?

258 731 377 799 Domini
409 736 439 792 et
473 729 608 812 magistri
642 729 738 792 nostri
758 724 785 800 ²)
821 727 951 790 sainture
985 733 1178 810 praeceptum
1217 736 1285 792 est:

261 843 322 920 Osi
338 842 530 918 toleraverit,
554 841 649 921 inquit
662 837 706 918 ³),
722 857 820 920 oeque
836 839 879 902 od
890 839 993 918 finem,
1016 839 1070 900 tric
1084 841 1192 904 setosi
1211 841 1286 904 erit.

257 956 294 1022 m
310 953 338 1033 ⁴)
361 958 483 1020 iterum:
519 953 555 1018 Si
582 954 820 1034 permanseritis
838 949 866 1027 ⁵)
897 952 931 1013 in
960 951 1058 1015 verbo
1087 971 1175 1042 meo,
1209 972 1287 1016 cere

258 1069 408 1148 discipuli
430 1067 490 1130 mei
512 1067 605 1143 asos,
628 1075 660 1128 et
679 1065 877 1147 copnnscctis
899 1066 1079 1140 ceritatem,
1108 1073 1137 1128 et
1159 1065 1286 1128 ocritos
1384 1153 1385 1156 Ἴ

258 1181 408 1244 tttsrabs‘r
421 1199 489 1245 eos.
525 1179 725 1248 Tolornodom
740 1185 832 1244 estet
847 1177 1104 1260 perseversndnm
1116 1174 1154 1255 ⁶),
1172 1177 1285 1242 iratres
1384 1231 1385 1256 2

259 1293 460 1372 dilectissimi,
494 1301 526 1357 ut
548 1292 586 1358 nd
608 1310 691 1376 spen
715 1292 847 1356 veritatis
870 1297 901 1355 et
921 1291 1065 1354 libertatis
1091 1291 1214 1357 sdmisn
1247 1293 1284 1355 nd

259 1409 413 1472 veritatem
444 1414 474 1472 et
501 1407 666 1493 libertatem
697 1405 789 1486 ipsam
820 1405 981 1486 pervenire
1010 1405 1193 1486 possimus,
1213 1407 1283 1486 qnin

258 1520 316 1584 hoc
339 1521 451 1610 ipsum,
482 1519 561 1600 quod
586 1519 744 1581 Christiani
768 1535 886 1597 sumus,
915 1517 984 1580 fidei
1008 1503 1049 1580 e‘t.
1060 1519 1125 1598 spei
1148 1537 1200 1582 res
1226 1528 1283 1582 est.

258 1630 295 1692 Ut
317 1637 413 1692 nutem
437 1631 599 1710 pervenire
620 1632 694 1711 spes¹
711 1636 739 1692 et
757 1628 831 1691 ides
847 1628 884 1689 nd
904 1627 1029 1690 [ructum
1046 1631 1092 1693 sui
1109 1633 1230 1712 possint
1246 1627 1282 1711 ⁷),

257 1743 397 1826 patientie
413 1727 497 1824 'opus
521 1751 575 1806 est.
614 1743 682 1805 Non
706 1743 784 1804 enim
808 1747 995 1822 praesentem
1019 1741 1145 1824 gloriam
1171 1746 1282 1826 sequi·

210 1935 213 1940 Ι
258 1876 323 1922 mor
339 1853 385 1937 8),
418 1857 473 1922 sed
497 1857 624 1923 futurem
647 1855 812 1920 seeundum
836 1853 916 1937 quod
941 1861 970 1920 et
993 1856 1098 1921 Penius
1123 1859 1281 1938 apostotus

257 1978 357 2036 monet
378 1971 482 2038 dicem
498 1965 545 2048 ,⁹J:
560 1971 630 2052 JSpe
650 1971 769 2034 soiooti
790 1988 916 2032 semes:
952 1969 1032 2048 Spes
1054 1979 1175 2048 actm,
1200 1989 1281 2051 quoe
1384 1977 1385 1980 ’

258 2185 280 2224 e.
300 2167 397 2222 Ersssx.
416 2178 443 2222 et
460 2169 542 2234 idem,
567 2173 680 2224 retinere
695 2168 742 2222 os.
785 2169 814 2228 2)
832 2173 921 2224 nostri
939 2184 990 2221 on.
1009 2167 1113 2220 dsunt..
1145 2168 1174 2231 3)
1195 2171 1282 2238 inerit

257 2257 331 2310 obest
354 2274 374 2319 e
394 2257 433 2309 W.
471 2257 582 2324 Sumpsit
604 2257 668 2310 hsce
693 2273 726 2308 ex
750 2256 970 2321 tistth.10,22.
1006 2254 1068 2307 Tnm
1092 2255 1115 2308 Α
1138 2259 1168 2308 iss
1192 2261 1279 2324 posss-

258 2346 287 2411 4)
306 2347 341 2400 lit
359 2344 392 2396 sb
409 2345 447 2398 si:
510 2347 676 2415 praemissum
695 2348 720 2398 in
732 2345 772 2396 W.
810 2345 838 2406 5)
857 2344 887 2397 Η.
901 2345 916 2396 Ι.
929 2348 1013 2414 inquit
1026 2359 1075 2396 om.
1089 2343 1165 2395 codd.
1180 2359 1279 2398 omnes.

258 2433 419 2500 Qnspropter
436 2437 552 2501 expunxi.
586 2435 641 2488 Vid.
659 2433 746 2487 loson.
768 2433 794 2497 8,
814 2431 856 2484 31.
894 2430 992 2484 Omisso
1010 2433 1162 2498 pronomine
1181 2431 1276 2484 edicet.

199 2556 202 2563 ,
256 2519 347 2574 srsoA
366 2518 444 2570 hebet
461 2523 520 2574 ees-i
539 2525 622 2584 (vers,
640 2515 738 2581 ἀληθῶς,
757 2527 828 2572 recte
848 2518 961 2573 scribunt
979 2521 1070 2581 ceteri)
1091 2533 1202 2586 moxque
1219 2525 1278 2585 (pro

257 2605 360 2672 vulgato
374 2607 462 2668 eritis)
471 2609 552 2670 estis,
573 2606 640 2672 quod
658 2611 776 2658 convenit
790 2623 846 2658 cnm
860 2605 957 2658 Graeco
970 2604 1007 2664 iet
1019 2622 1059 2672 op.
1073 2603 1277 2684 drengeiistnrn.
1384 2659 1385 2664 ,

132 2733 142 2752 ,
256 2690 294 2744 tn
313 2693 389 2744 etism
403 2692 462 2742 Ver.
484 2691 538 2742 vn.
552 2693 577 2744 2.
597 2692 627 2744 W
646 2701 672 2744 ct
690 2693 789 2746 diebcd.
827 2693 978 2761 conspirent
997 2695 1022 2744 in
1036 2693 1085 2761 Ep.
1100 2692 1133 2742 sd
1145 2691 1278 2744 Fortuost.
1384 2685 1385 2754 i

258 2776 574 2842 preeminencie
594 2789 620 2832 et
637 2779 716 2832 ltsiici
734 2796 831 2832 omnes.
868 2780 933 2832 oern
954 2784 1074 2834 titerooit
1093 2793 1181 2831 errore
1199 2778 1278 2830 solito

258 2864 288 2916 W
303 2872 328 2916 et
342 2863 389 2915 Mn.
427 2866 457 2931 6)
475 2870 705 2922 Wotsrnndosrest
720 2874 977 2936 erperseeersnenn
990 2859 1159 2920 nabentem
1192 2863 1231 2918 Gi.
1246 2865 1278 2916 de

258 2952 376 3004 mortalit.
396 2967 451 3020 cop.
465 2953 550 3004 XVlli.
566 2956 620 3006 init.
656 2953 761 3020 Legitur
779 2955 856 3022 irrigo
876 2959 1039 3010 tolerandum
1058 2965 1082 3008 et
1097 2971 1204 3023 perseo.
1222 2963 1278 3014 κη

258 3036 294 3090 Bb
315 3047 342 3090 et
361 3039 400 3090 did
420 3055 469 3090 om.
490 3051 545 3108 est,
576 3041 635 3092 dein
660 3043 846 3092 coniunctionis
865 3041 1014 3108 perticulam
1033 3051 1057 3096 et
1075 3041 1109 3092 sl.
1129 3057 1161 3092 m.
1181 3056 1278 3107 snper·

257 3127 357 3197 scripsit
375 3128 400 3178 in
420 3126 469 3176 dib.
507 3127 537 3192 7)
553 3127 590 3178 itn
611 3128 686 3178 codd.
707 3143 796 3179 omnes
815 3145 837 3178 c.
857 3129 916 3181 edd.
934 3128 1007 3181 Grsv.
1027 3136 1054 3180 et
1073 3126 1169 3181 Moreii.
1209 3123 1278 3178 Cor·

257 3213 322 3263 rexit
340 3214 374 3262 itn
394 3213 471 3262 etiem
491 3215 530 3264 vir
552 3213 618 3269 dcet.
637 3216 662 3266 in
681 3213 839 3284 Gottiogensi
858 3215 1019 3269 Monutisnee
1045 3215 1160 3268 editionis
1185 3229 1278 3266 exem·

257 3296 419 3366 praenotus
445 3299 493 3350 ioci
520 3301 650 3368 vuignrem
677 3301 812 3353 verborum
838 3304 970 3368 ordinem,
997 3305 1040 3371 qui
1064 3303 1102 3354 eie
1127 3302 1220 3353 hebet:
1250 3309 1280 3354 est

256 3395 342 3452 sotem
364 3401 428 3455 spes
452 3399 476 3441 et
497 3391 561 3456 tides
586 3392 619 3442 od
641 3393 761 3457 merom
778 3394 825 3444 sni
841 3395 948 3459 possint
964 3393 1113 3458 pervenire·
1158 3389 1189 3456 8)
1208 3406 1278 3443 eose-

255 3477 393 3542 seprsimm·
410 3473 458 3526 tto.
495 3476 561 3528 Boin
581 3479 628 3530 set
645 3481 781 3543 torrerent,
807 3482 855 3532 sed
873 3483 940 3546 qnod
961 3478 1019 3530 edd.
1038 3486 1102 3530 vett.
1122 3485 1148 3528 et
1166 3473 1278 3538 Ermum,

256 3562 303 3613 sed
325 3564 540 3629 testemonium
561 3567 629 3632 qood
647 3563 722 3615 Grnv.
743 3581 766 3618 c.
787 3565 883 3617 dioreii.
919 3563 1140 3632 Pmepositionem
1164 3563 1278 3614 deletam

256 3645 409 3714 sdienntio,
428 3664 503 3717 quem
522 3653 611 3704 secuti.
624 3651 757 3716 Pometios,
778 3652 901 3720 dignitios
921 3661 945 3704 et
965 3649 1134 3712 oxonienses,
1154 3650 1209 3701 inre
1227 3649 1278 3700 sd-

258 3733 320 3785 didit
344 3737 381 3786 vir
406 3737 474 3788 doct.
502 3737 525 3788 in
550 3735 708 3804 Gottingensi
733 3737 880 3806 exemplari.
918 3737 976 3790 idox
1000 3748 1023 3792 et
1045 3751 1095 3788 om.
1115 3733 1163 3787 Bb.
1186 3735 1226 3788 Mo
1252 3744 1280 3788 et

256 3818 312 3871 libri
329 3829 389 3873 eote
409 3821 495 3874 Bsine.
515 3823 596 3884 editi;
618 3821 714 3874 hebent
732 3831 817 3876 umen
836 3823 895 3876 Ver.
915 3823 1010 3876 Benev.
1031 3821 1070 3874 W.
1090 3822 1174 3876 diebd,
1195 3820 1230 3873 Be
1252 3831 1280 3873 et
1384 3869 1385 3896 r

256 3903 286 3956 Α·
323 3909 467 3976 merens
485 3912 590 3964 ramos
609 3909 696 3962 scribit
715 3909 753 3962 W.
790 3911 819 3978 9)
837 3911 910 3962 Rom.
930 3911 957 3976 8,
976 3911 1019 3960 24.
