2880 4696
625 388 668 456 95

130 544 208 610 quos
243 547 350 597 eorum
380 507 483 602 ¹tristes
513 543 611 610 exitus
641 527 746 614 flemus
766 547 822 630 ³)‘t
870 554 935 622 Nec
951 554 979 638 ⁴)
1006 561 1056 628 hio
1084 582 1154 632 esse

130 641 195 706 sine
220 661 322 726 poena
344 660 480 736 possunt,
503 661 637 740 quamvis
660 664 785 730 necdum
807 686 927 754 poenae
949 673 1012 741 dies
1028 683 1152 746 venerit.

129 753 303 823 Flectuntur
348 764 465 830 interim
512 772 647 855 quidam,
695 797 755 860 quo
777 777 804 860 ὅ)
847 787 942 851 ceteri
980 792 1151 876 dirigantur.

128 867 274 954 Exempla
305 884 375 941 sunt
409 885 536 948 omnium
580 893 727 956 tormenta
765 913 935 976 paucorum.
996 907 1077 974 Unus
1111 929 1152 976 ex

103 981 226 1066 ahian,
251 991 302 1071 qui
318 1001 426 1074 sponte
443 995 616 1080 Capitolium
639 1015 805 1090 negaturus
828 1017 972 1098 ascendit,
994 1028 1150 1104 postquam

129 1097 276 1165 Christum
309 1111 447 1191 negavit,
481 1114 631 1182 obmutuit
687 1121 787 1188 Poena
818 1127 889 1193 inde
922 1135 1037 1217 coepit,
1071 1139 1150 1203 unde

35 1196 41 1212 ⁸
128 1216 230 1296 coepit
252 1222 282 1278 et
303 1221 433 1304 crimen,
456 1231 487 1289 ut
509 1246 566 1292 nec
588 1250 698 1316 rogare
721 1237 779 1301 ianr
801 1251 906 1322 posset
923 1239 950 1322 7)
984 1249 1034 1330 qui
1056 1253 1149 1317 verba

127 1326 164 1390 ad
195 1346 319 1410 precum
349 1337 583 1405 misericordiam
612 1364 674 1410 non
704 1348 836 1416 haberet.
881 1356 948 1422 Alia
981 1361 1011 1424 in
1032 1363 1147 1432 balneis

125 1445 287 1508 constituto
309 1448 382 1526 (hoo
404 1453 479 1518 enim
503 1458 618 1523 crimini
641 1462 706 1526 cius
729 1471 760 1528 et
784 1469 867 1534 malis
896 1471 1016 1556 deerat,
1046 1486 1079 1543 ut
1109 1481 1147 1545 ad

90 1571 114 1614 n
126 1555 250 1622 balneas
261 1555 289 1638 ⁸)
313 1565 410 1630 statim
433 1578 577 1654 pergeret
598 1594 677 1657 quae
691 1577 802 1646 lavacri
817 1585 914 1652 vitalis
930 1594 1055 1674 gratiam
1069 1613 1145 1678 per·

193 1761 223 1828 3)
247 1765 344 1834 flemus
367 1778 394 1823 et
419 1773 538 1829 dolemus
565 1777 640 1831 codd.
660 1777 788 1852 Burgund.
808 1796 834 1839 et
853 1788 924 1846 Voss.
951 1793 975 1845 2.
994 1793 1056 1862 (non
1079 1800 1142 1868 Vct,

4 1849 5 1870 ³
123 1855 149 1900 ut
171 1852 208 1903 ait
225 1848 336 1922 Baium).
378 1857 409 1926 d)
432 1876 465 1914 ns
486 1859 535 1914 Md.
560 1861 678 1925 'Deinde
703 1874 762 1926 sine
782 1892 867 1944 poeno
882 1891 997 1947 poscunt
1014 1899 1075 1937 esee
1092 1883 1142 1939 Mb.

123 1935 240 1993 Proxime
256 1959 356 2011 poeseos
372 1949 431 2001 dies
448 1953 550 2004 venerit
566 1967 615 2020 pro
633 1957 690 2009 dtsa
709 1964 812 2016 emerit
827 1980 942 2034 poenae,
971 1969 1037 2036 quod
1056 1967 1141 2039 friget,

120 2027 268 2094 scripsimus
295 2047 316 2084 c.
343 2033 417 2088 codd.
437 2035 477 2090 W.
496 2035 580 2092 diahd.
608 2038 644 2096 Ba
672 2051 698 2097 ct
723 2047 783 2100 edd.
801 2047 895 2105 Manui.
922 2056 1139 2127 antecedentibus,

120 2114 272 2182 quibuscum
290 2123 417 2189 conspirat
434 2123 547 2194 dionisii,
571 2147 655 2200 peona
671 2138 773 2189 venerat
792 2140 849 2192 dieo
867 2138 905 2192 Bb
925 2148 952 2194 et
969 2141 1023 2210 tte,
1046 2147 1141 2200 iudicis·

120 2202 178 2256 dies
195 2209 298 2274 omaep't
315 2206 431 2278 Seguier.
472 2211 544 2267 Conf.
564 2207 626 2286 Cap.
644 2217 696 2272 XV.
716 2222 770 2275 init.
807 2224 869 2280 Voc.
890 2246 990 2299 poenos
1016 2246 1066 2284 om.
1090 2229 1139 2284 iio.

121 2285 228 2343 Posthac
247 2294 306 2349 cod.
324 2294 442 2352 Aiebat
459 2300 508 2354 hoc
526 2303 633 2360 lemma:
661 2309 786 2377 Epicteto
804 2323 898 2382 quarta
915 2319 947 2370 de
964 2321 1064 2373 unitate
1080 2321 1140 2390 fidet

122 2384 147 2429 et
162 2380 223 2433 siue
240 2386 453 2452 cosrfeeeoritus.
489 2386 574 2460 Pergit
592 2391 712 2463 deinceps
730 2396 788 2464 (iol.
803 2397 844 2464 17,
863 2400 893 2468 b)
912 2403 964 2454 ite:
984 2406 1140 2462 Pteetuutur

121 2466 226 2522 maian
250 2477 300 2522 eto.
341 2471 369 2537 5)
395 2483 425 2528 ut
447 2476 478 2528 Α.
519 2477 568 2530 Pro
594 2485 779 2554 corriperetur,
805 2486 875 2555 quod
899 2504 931 2542 ex
957 2491 998 2544 ed.
1016 2489 1138 2548 Darentr.

117 2553 251 2609 invexerat
267 2554 402 2626 Erasmus,
423 2564 510 2632 recepi
527 2569 679 2639 dirigantur
696 2557 802 2625 eiibris
821 2573 859 2626 W.
879 2573 978 2630 diabcd.
997 2578 1067 2646 Bab,
1085 2580 1138 2632 lta·

117 2645 181 2710 licis,
202 2645 327 2698 tredecim
344 2645 485 2702 Baiusianis
503 2661 529 2704 et
546 2653 626 2708 tribus
640 2656 762 2726 Aegiicis.
800 2659 921 2716 Mendose
940 2666 962 2715 Α
982 2667 1137 2738 diriperetur.

116 2732 225 2788 Litteras
244 2735 307 2789 duas
324 2737 473 2792 novissimas
491 2741 516 2792 in
528 2741 561 2793 W
573 2759 593 2795 r.
607 2760 639 2797 m.
659 2747 761 2802 adiecit.
798 2749 827 2817 6)
845 2753 904 2818 taffo
917 2751 957 2803 tid
978 2752 1038 2805 οιΑ
1059 2770 1081 2808 c.
1097 2755 1138 2807 ed.

116 2819 240 2874 Daventr.
272 2821 370 2880 Monta
383 2829 541 2898 Oopttote'um
553 2829 602 2884 oth.
632 2833 711 2887 Paulo
724 2845 783 2904 post
795 2843 933 2895 ommutuit
944 2839 989 2894 Ba.
1026 2843 1055 2909 t)
1068 2861 1137 2924 poc·

114 2919 152 2970 eit
170 2915 222 2967 eth.
258 2911 319 2965 Tum
336 2917 371 2968 od
386 2933 507 2986 praecem
524 2923 725 2978 misericordiae
743 2941 775 2976 ex
799 2934 885 2979 mutat.
904 2929 930 2979 in
953 2943 1002 2982 ros.
1021 2927 1081 2995 nn,
1105 2934 1139 2986 od

114 3005 277 3072 praesectum
294 3007 506 3059 misericordiam
524 3007 582 3059 cod.
601 3006 693 3062 Toron.
713 3028 736 3064 c.
757 3013 797 3064 ed.
818 3011 903 3079 Grau,
925 3017 959 3069 od
972 3019 1135 3084 precandam

115 3107 148 3142 ss.
167 3087 291 3142 Daventr.
309 3087 406 3143 Erasm.
425 3090 518 3144 Manat.
536 3091 630 3149 Pamei.
647 3095 739 3166 Rigalt.
756 3098 854 3164 Oxon.;
873 3105 1000 3158 medelam
1017 3118 1062 3170 pro
1081 3107 1137 3158 πη·-

114 3180 294 3233 sericorda‘um
312 3178 368 3231 cod.
386 3177 517 3234 Forensis.
553 3181 620 3235 Dein
637 3187 759 3241 tabuerit
777 3184 808 3239 Α.
844 3185 873 3254 8)
893 3198 916 3242 et
939 3201 968 3245 ut
985 3189 1024 3256 Α,
1049 3201 1080 3246 at
1104 3195 1149 3248 sct-

115 3269 224 3322 tatneac
253 3268 302 3334 (ita
319 3265 359 3319 iia
386 3275 412 3321 et
428 3276 489 3321 vett.
508 3267 566 3323 edd.
585 3287 608 3322 c.
627 3251 756 3326 ii'emhoit.
774 3282 850 3344 etque
878 3273 990 3343 Erasm.)
1009 3276 1075 3330 Wa
1104 3296 1136 3331 m.

113 3369 168 3422 pc,
194 3355 229 3407 ab
246 3370 268 3406 r.
286 3365 317 3410 ot
334 3365 358 3410 et
376 3359 409 3410 od
429 3359 467 3422 in,
494 3373 558 3426 quae
584 3357 662 3412 lectio
680 3363 805 3430 reperitur
824 3364 849 3415 in
872 3363 931 3416 edd.
950 3363 1025 3418 Gran.
1044 3364 1136 3420 Manat.
1231 3435 1233 3440 Ι

114 3442 212 3496 Moreli.
226 3442 370 3510 ceterisque
382 3444 575 3498 recentioribus.
605 3445 698 3499 Verum
710 3459 742 3514 ct,
757 3449 824 3518 quod
838 3466 889 3502 non
904 3452 1010 3522 quadret
1024 3461 1050 3504 et
1062 3453 1137 3505 valdo

113 3531 228 3602 languet,
249 3531 371 3599 expunxi3
386 3534 419 3585 ad
431 3546 480 3584 om.
494 3529 542 3598 iio,
561 3537 652 3589 balneo
669 3535 757 3588 scribit
769 3535 799 3588 Α.
831 3535 893 3590 Tum
912 3541 1000 3594 tavare
1011 3538 1073 3607 (sic)
1087 3538 1136 3606 Bb,

113 3621 238 3676 mosaici
249 3617 280 3672 Α.
317 3617 449 3685 dioscori,
468 3621 536 3689 quod
554 3621 623 3690 vulg.
642 3622 724 3687 deest,
743 3632 874 3692 receptum
893 3625 960 3679 cW.
973 3624 1013 3677 Ma
1032 3633 1058 3677 et
1071 3622 1135 3690 Bab,

110 3709 188 3778 idque
207 3724 223 3761 a
242 3723 310 3759 corr.
330 3722 362 3757 m.
381 3705 460 3758 habet
486 3709 563 3760 etiam
581 3707 630 3759 Mb.
667 3707 726 3762 Post
754 3722 875 3780 concepto
894 3710 1014 3764 Erasmus
1036 3711 1136 3762 intrusit

112 3797 219 3851 verbum
239 3797 345 3860 cecidit,
366 3796 408 3846 cui
425 3793 509 3847 locum
528 3797 554 3848 in
572 3804 692 3848 contextu
708 3797 770 3848 item
788 3797 913 3850 dederunt
930 3797 1022 3849 Manat.
1040 3791 1135 3850 Pamei.

108 3883 200 3960 Piguit.
223 3892 252 3939 et
272 3881 371 3950 onom,
398 3883 444 3936 sed
463 3884 539 3938 codd.
557 3885 655 3950 nostri,
680 3900 730 3937 nec
747 3899 799 3938 non
816 3885 875 3938 Ver.
893 3883 1034 3938 Benevent.
1052 3881 1134 3952 Neap.

103 3985 183 4050 atque
208 3971 346 4030 Baimiani
369 3971 567 4028 additamentum
590 3974 658 4028 istud
681 3982 752 4027 recte
778 3975 902 4028 omittunt.
938 3975 1060 4032 concidit
1085 3973 1133 4043 (ita
