2858 4688
627 399 687 466 143
721 382 725 387 ’

40 641 42 646 Ι
146 560 310 624 secundum
333 559 575 642 pollicitationem
598 559 727 636 domini,
752 558 916 624 secundnm
939 559 1025 626 iidem
1050 561 1113 623 veri
1136 561 1167 626 bt

146 672 334 756 proiectione
357 672 412 734 bac
436 688 488 734 sua
514 678 542 733 et
565 670 761 734 translatione
776 669 927 752 ‘gorrdcre
966 671 1015 736 Sic
1037 671 1166 754 denique
1218 751 1229 761 '

146 770 313 850 invenimus
338 790 365 846 et
383 781 409 857 ²)
433 783 537 848 Enoch
560 783 732 846 translaturo
762 799 847 862 esse,
879 783 928 864 qni
960 782 1017 848 deo
1047 786 1166 866 placuit,

148 900 226 962 sicut
247 900 275 961 in
300 897 411 960 Genesi
433 904 558 966 testatur
582 905 611 960 et
641 897 773 978 loquitur
803 897 950 977 scripture
983 898 1095 978 divina:
1129 899 1169 962 Et

145 1013 269 1094 placuit
290 1013 400 1076 Enccb
417 1009 445 1089 3)
468 1013 548 1088 dec,
580 1019 610 1074 et
631 1030 695 1076 nen
719 1019 765 1075 cat
787 1011 933 1075 iacentes
957 1013 1167 1090 posmodum,

149 1127 226 1206 qaia
249 1128 326 1188 derra
352 1126 440 1186 illam
463 1125 630 1187 transtulit.
676 1123 741 1187 Hoc
769 1121 822 1185 suit
851 1123 999 1203 placuisse
1028 1124 1057 1184 in
1089 1142 1168 1188 con·
1266 1105 1268 1110 ⁵

149 1245 252 1320 spectu
272 1238 320 1300 dei
333 1235 370 1314 ⁴),
395 1238 432 1298 de
456 1238 513 1300 boc
536 1238 676 1320 contagio
701 1237 812 1299 saeculi
836 1238 982 1298 meruisse
1005 1236 1168 1300 transferri.

150 1352 198 1418 Sic
222 1357 251 1413 ct
273 1369 328 1433 per
351 1351 540 1415 Salomonem
559 1348 584 1426 ⁵)
616 1349 703 1414 docet
732 1349 853 1432 spiritus
883 1354 1004 1410 sanctus
1033 1367 1087 1412 cos
1119 1349 1170 1430 qui

151 1465 208 1530 deo
238 1464 374 1545 placeant
400 1463 540 1527 maturius
564 1463 651 1526 istinc
675 1463 764 1525 eximi
788 1467 817 1523 ct
840 1460 925 1526 citius
949 1460 1086 1540 libcrari,
1120 1480 1169 1542 ne,

150 1577 218 1640 dum
241 1579 271 1640 in
293 1577 351 1641 istc
375 1575 484 1640 mundo
508 1575 617 1639 diutius
640 1576 838 1654 inmorentur,
863 1573 962 1637 mundi
987 1575 1169 1638 contactibus

146 1692 327 1776 polluantur.
372 1691 564 1772 Raptorem,
588 1685 734 1779 inquitj⁶)‚
758 1709 796 1752 rte
818 1690 940 1753 nrolitia
962 1694 1096 1750 mutaret
1117 1689 1168 1750 in·

152 1805 303 1892 tellectum
336 1803 423 1894 t'lliua
435 1824 447 1877 ,·
481 1804 606 1883 placita
639 1805 719 1866 enim
752 1810 822 1866 crat
855 1803 912 1866 deo
948 1801 1056 1863 anima
1092 1801 1169 1864 elur.

152 1917 282 1996 Propter
302 1909 605 1996 boc⁷)·properocit
627 1917 758 1980 edocere
783 1934 850 1978 curo
871 1916 909 1978 de
930 1914 1034 1976 credie
1049 1913 1169 1992 iniqui·

152 2038 222 2092 tate.
267 2029 316 2094 Sic
339 2035 369 2091 et
385 2029 420 2114 'in
436 2024 464 2106 ⁸)
486 2029 666 2110 psalmisad
694 2029 843 2100 dominum
873 2033 1016 2110 properat
1046 2025 1169 2113 spiritali

151 2257 201 2309 qne
220 2215 318 2305 (taen,
346 2243 484 2311 lupercal
507 2244 633 2310 plarrpcre
656 2257 708 2294 non
727 2242 795 2294 debet
816 2238 869 2302 ttb,
897 2257 944 2293 nec
961 2245 1088 2311 plonpcre
1106 2240 1127 2291 tt
1146 2246 1172 2290 et

150 2325 231 2394 Neep.
250 2327 389 2394 pluresque
407 2325 507 2394 nnglici
528 2343 549 2378 c.
567 2327 663 2390 'ceteris
683 2327 766 2378 editio.
805 2324 940 2394 Perpetem
952 2327 1171 2381 sollicitationem

151 2411 182 2464 tt.
222 2407 281 2466 Ver-'r'
304 2421 375 2464 recle
399 2411 515 2464 scribunt
539 2414 614 2464 etiam
633 2409 938 2477 mirabilitate,
966 2426 982 2462 e
1005 2415 1064 2466 ceri
1088 2410 1114 2459 io
1133 2409 1173 2461 bic

152 2505 252 2550 enatum
279 2506 318 2550 est
343 2503 464 2553 meritolio
490 2501 536 2565 (ito
563 2499 619 2551 cod.
641 2497 762 2551 Becceno.
784 2506 809 2550 et
828 2498 886 2550 libri
905 2507 964 2550 ante
985 2495 1069 2548 Bolon.
1090 2495 1172 2560 editi),

150 2589 224 2640 cerlo·
248 2586 326 2638 babet
350 2583 399 2636 tlt:
436 2584 506 2638 Idem
528 2590 705 2657 protectione,
732 2590 753 2637 Α
778 2590 944 2655 perfectione.
982 2584 1049 2639 Deiit
1072 2589 1122 2644 tor
1147 2586 1172 2634 in

151 2673 209 2724 edd.
235 2682 298 2726 vett.
326 2681 352 2726 et
377 2675 403 2724 in
428 2673 525 2727 Ereem.
554 2683 631 2743 etque
659 2673 774 2740 blcrell.‚
801 2689 832 2727 ae
859 2675 932 2740 prim.
960 2669 1097 2728 exhibebat
1122 2669 1172 2721 lto.
1220 2658 1224 2670 '

152 2757 266 2810 Proxime
287 2770 311 2814 et
335 2775 384 2812 orn.
405 2761 433 2811 Α.
478 2762 507 2827 2)
527 2761 610 2813 Etiam
629 2761 655 2812 b.
674 2760 689 2811 Ι.
713 2762 734 2811 Α
754 2775 804 2812 om.
823 2760 972 2828 particulam
991 2769 1022 2812 et.
1060 2757 1108 2809 Pro
1127 2759 1173 2810 deo

152 2843 220 2892 idem
234 2843 320 2894 scribit
333 2847 446 2897 dominc.
478 2835 699 2898 bloxditaa'rooom.
714 2843 763 2894 bib.
791 2843 847 2892 Vid.
865 2843 926 2894 Gen.
939 2844 1019 2908 5,,24.
1056 2842 1085 2906 3)
1098 2844 1174 2894 linco

153 2926 203 2978 bid.
241 2926 340 2978 Deinde
365 2925 410 2998 pari
434 2957 467 2966 -
492 2933 574 2983 ιἰιιιιιι
599 2929 627 2979 Α.
673 2931 702 2990 4)
727 2930 866 2995 placuisse
890 2931 936 2981 dec
956 2926 1002 2978 lib.
1038 2926 1125 2978 Statim
1144 2927 1175 2979 de

153 3019 203 3068 luc
226 3017 377 3083 oontapioac
400 3013 499 3082 Neap,
527 3023 555 3066 nt
578 3013 635 3066 edd.
662 3021 720 3065 sote
743 3012 836 3064 Manui.
874 3011 936 3063 Τιιιιι
960 3015 1105 3064 mireet
1123 3010 1173 3064 bib.

153 3100 182 3168 5)
205 3117 254 3170 per
271 3103 435 3154 Salernorrem
454 3099 500 3152 Bb.
538 3098 654 3152 Pronom.
681 3117 727 3153 eor
752 3114 801 3149 ont.
829 3097 887 3150 edd.
906 3097 1074 3150 monotropon
1098 3105 1173 3149 ante·

154 3180 276 3239 cedentes
295 3203 317 3237 c.
331 3186 437 3252 morell,
457 3190 560 3240 domim
579 3201 625 3254 pro
644 3189 690 3240 deo
709 3186 796 3238 scribit
810 3184 841 3250 Α,
860 3187 1023 3238 licenciati
1041 3182 1174 3250 tegebatur

154 3267 385 3336 salemanniam,
413 3291 461 3328 nec
485 3277 547 3328 darm
571 3281 611 3323 est
634 3274 658 3324 in
678 3272 716 3338 Α,
742 3289 775 3326 ne
799 3289 859 3326 orem
882 3273 907 3322 in
933 3271 991 3321 edd.
1010 3277 1072 3322 vett.
1109 3267 1173 3321 Deio

153 3369 292 3414 irrorantur
309 3357 386 3410 babet
404 3357 457 3424 Bb,
484 3370 508 3412 ot
527 3362 619 3426 mundi
639 3358 695 3424 bib,
724 3359 924 3427 contopiorribur
949 3357 1009 3408 dont
1028 3355 1059 3406 W
1079 3363 1103 3407 et
1126 3354 1172 3407 tta.

55 3476 61 3486 ,
155 3446 182 3508 6)
202 3449 286 3514 inquit
304 3423 448 3516 mqi⁹ecdd
469 3461 519 3498 om.
557 3443 675 3498 Ceterum
693 3445 744 3497 vid.
765 3444 824 3511 Sap.
842 3443 867 3507 t,
890 3443 929 3494 tt.
968 3442 1043 3495 Verb.
1062 3452 1175 3496 mutaret

155 3530 228 3580 deest
248 3532 272 3580 in
286 3529 317 3580 Α.
355 3530 404 3582 Pro
423 3536 500 3586 illiue
518 3531 573 3584 edd.
590 3533 681 3583 blanot.
701 3530 881 3584 antecedentes
901 3539 927 3580 et
940 3528 1036 3580 blorell.
1055 3527 1175 3578 exhibent

155 3621 222 3670 ciros.
260 3616 375 3668 Proxime
395 3622 497 3672 domino
515 3633 563 3686 pro
582 3621 627 3672 deo
645 3617 731 3668 scribit
751 3618 779 3668 Α.
827 3618 854 3677 7)
881 3620 1023 3685 Propterea
1035 3615 1093 3680 llaec
1112 3615 1173 3678 (sic)
1201 3658 1203 3666 ,

156 3702 203 3752 blo.
240 3702 268 3764 8)
288 3707 316 3756 in
336 3706 427 3756 onntl.
465 3703 513 3757 Prc
533 3709 567 3759 od
584 3709 718 3758 dominum
737 3703 778 3754 W.
797 3701 885 3754 ttabet
906 3711 930 3752 et
950 3700 986 3751 Bb
1005 3700 1175 3766 praebuerunt

155 3793 189 3843 orl
206 3793 291 3842 doram.
329 3787 389 3839 Τιιιιι
406 3807 556 3860 properares
576 3788 652 3840 babet
670 3788 708 3852 lt,
727 3789 866 3858 spirituali
884 3786 940 3850 bic,
959 3788 1072 3854 speciali
1090 3783 1174 3848 Gran,

155 3877 258 3928 dornim
277 3889 324 3942 pro
344 3879 399 3939 deo,
420 3884 447 3927 at
465 3876 539 3941 solet,
560 3876 619 3927 dcin
639 3877 703 3928 dicit
718 3871 756 3936 tt;
777 3877 878 3939 diesne,
898 3877 969 3925 sicet
987 3873 1117 3940 oertpmm
1135 3881 1175 3923 eet

157 3957 208 4026 ba,
234 3965 306 4015 elcut
324 3965 453 4029 scriptum
472 3972 512 4016 cet
531 3975 579 4028 pro
599 3962 690 4014 dicem
708 3958 802 4027 legitur
821 3960 847 4010 in
867 3957 906 4008 W.
925 3955 1000 4008 llebd
1019 3963 1045 4008 ot
1064 3957 1087 4008 in
1106 3955 1174 4010 libris
