2882 4692
653 411 692 474 13

160 582 216 627 nec
244 565 455 630 coercentibus
472 561 498 643 3)
528 555 665 658 claustris
696 567 769 629 intra
799 575 879 632 certa
911 577 1053 636 metarum
1083 575 1177 656 spatia

160 677 301 742 frenatur.
348 679 446 742 Manat
469 680 586 763 ingiter,
611 677 758 744 exuberat
781 680 987 761 aiiluenter⁴).
1035 687 1175 752 Nostrum

160 797 271 855 tantum
302 793 381 856 sitiat
411 799 514 874 pectus
532 791 558 868 5)
584 801 613 855 et
638 799 745 874 pateat.
791 795 937 870 Quantum
967 799 1036 862 iiiuc
1051 785 1087 877 ὅ)
1107 801 1176 864 fidei

70 895 71 898 '
158 906 276 986 capacis
308 905 485 987 adserimus,
521 915 631 971 tanturn
665 910 779 993 gratiae
814 909 983 976 inundantis
1016 913 1174 980 haurimus.

158 1016 230 1080 inde
258 1020 313 1082 ianr
346 1019 469 1084 facultas
498 1021 583 1084 datur
613 1024 747 1086 castitate
778 1024 895 1102 sobrie,
928 1031 1027 1089 mente
1049 1026 1174 1110 integra,

158 1148 233 1194 voce
268 1150 341 1214 pura
364 1127 388 1205 ⁷)
426 1134 454 1194 in
490 1114 645 1198 medetan'
669 1134 829 1200 dolentium
865 1153 956 1217 posse
991 1155 1174 1202 venenorum

157 1243 238 1306 virus
271 1246 483 1328 exstinguere,
516 1248 678 1311 animorum
710 1247 917 1330 desipientium
950 1249 1030 1313 labes
1060 1251 1174 1315 reddita

156 1356 442 1442 sanitatemque,
467 1358 711 1442 infestisiubere
730 1379 848 1443 pacem,
872 1363 1011 1426 violentis
1035 1363 1173 1446 quietern,

102 1483 107 1489 ·
156 1465 371 1534 ferocientibus
395 1470 553 1548 lenitatem,
577 1470 735 1534 inmundos
757 1479 786 1534 et
807 1474 951 1537 erraticos
970 1477 1099 1564 spiritus,
1124 1480 1173 1560 qui
1266 1562 1270 1567 ³

155 1597 189 1642 se
217 1582 423 1665 expugnandis
454 1561 620 1646 bominibus
650 1585 857 1664 inuenerint,
891 1587 929 1649 ad
952 1588 1173 1656 confessionem

155 1691 242 1758 ruinis
266 1696 487 1778 increpantibus
512 1715 634 1780 cogere,
663 1704 694 1760 ut
717 1699 868 1781 recedant,
892 1701 973 1765 duris
997 1704 1172 1770 verberibus

155 1832 245 1839 ...ἡ
253 1833 362 1840 -μ-...ωη

225 1900 254 1970 3)
279 1907 477 1958 eobarcentiius
498 1903 556 1956 cdd.
577 1913 655 1970 vete,
682 1873 877 1965 cohercentibns
898 1910 951 1975 ab,
978 1891 1171 1972 cabu⁰entiius

154 1984 207 2052 tte,
237 1989 399 2044 cominius
425 1988 455 2040 Α.
498 1989 587 2057 inepte
614 2002 700 2046 cetera
727 2005 870 2067 metrorum
897 1997 962 2050 idean
991 1999 1062 2054 iiber.
1106 2001 1171 2056 Dein

151 2077 245 2142 spacia
264 2071 326 2126 aas.
346 2075 411 2127 iicd.
431 2079 468 2141 Α“,
496 2078 556 2129 item
583 2078 640 2131 edd.
667 2078 711 2133 SP.
736 2079 824 2134 Rernb.
846 2081 941 2137 Etanna.
979 2085 1059 2140 Recte
1085 2098 1169 2143 tamen
1238 2140 1243 2148 .

151 2160 230 2211 ceteri
248 2159 306 2213 iibri
325 2163 411 2229 scripti
431 2163 537 2215 crediti
555 2168 650 2233 spatia.
688 2165 742 2218 Vid
760 2166 891 2240 Wapner.
910 2160 928 2222 ΙᾸ
944 2188 965 2223 c.
985 2191 1010 2242 p.
1024 2175 1083 2228 ⁴73.
1120 2176 1168 2228 Pro
1269 2208 1274 2214 -

149 2249 271 2312 frenatur
299 2248 453 2316 (fraenentur
480 2251 544 2304 mate
572 2251 774 2321 argutantur,
804 2265 829 2308 et
856 2257 940 2312 Baius.
984 2261 1040 2315 vid.
1072 2267 1168 2320 Geiiar.

150 2328 268 2401 Orthogr.
297 2333 350 2387 Lai.
380 2355 404 2404 p.
429 2338 474 2402 93)
503 2340 560 2392 edd.
584 2349 651 2407 ‘vett
684 2341 779 2394 habent
808 2351 960 2414 refrenatur
988 2349 1169 2418 (refraenatur

151 2417 278 2486 noscit),
307 2437 353 2489 pro
372 2441 422 2493 qao
441 2428 465 2478 in
486 2425 525 2478 bib
545 2438 686 2480 correctum
706 2439 745 2482 est
761 2435 892 2500 frenatur.
935 2437 963 2499 4)
983 2440 1109 2506 opinanter
1128 2439 1168 2504 W,

149 2507 285 2574 effluenter
296 2503 327 2573 Α,
348 2514 528 2567 habundanter
547 2513 592 2566 ub.
630 2517 657 2580 5)
676 2519 747 2571 sciat
766 2517 796 2582 Α,
816 2523 853 2573 sit
871 2525 1003 2592 impetam,
1023 2525 1047 2577 iu
1067 2543 1116 2596 mg.
1137 2527 1168 2580 ab
1235 2520 1239 2525 ’

149 2606 199 2644 rac.
220 2607 256 2644 aaa·
272 2597 347 2650 sitiat
364 2609 457 2666 pactas
477 2600 523 2653 bic.
561 2603 590 2671 6)
608 2607 665 2658 ittie
683 2605 713 2655 W
734 2614 759 2657 st
778 2606 840 2660 bisc,
877 2608 976 2664 Deinde
995 2616 1168 2672 innundantia

150 2675 187 2730 iia
207 2687 233 2730 et
252 2685 375 2740 aarimus
394 2702 432 2754 pr.
455 2687 493 2737 W.
542 2690 571 2758 7)
590 2695 686 2746 uirtute
705 2698 829 2760 sincera,
856 2697 923 2764 qaod
942 2708 1000 2766 post
1018 2719 1080 2756 ecee
1097 2722 1168 2772 pern

149 2763 262 2832 additur,
283 2786 331 2821 om.
353 2769 392 2822 W.
414 2771 493 2824 biabc.
515 2773 575 2826 Bab.
597 2776 618 2828 Α
638 2795 659 2828 c.
681 2780 721 2830 ed.
742 2778 850 2850 argete,
870 2782 963 2836 babent
983 2787 1085 2839 inverso
1104 2805 1166 2841 ver·

149 2852 237 2904 boram
257 2851 344 2909 ordine
365 2861 462 2914 uirtute
479 2863 595 2925 sincera,
615 2878 679 2916 accc
695 2883 766 2931 pura
785 2867 841 2920 cod.
863 2867 903 2919 ttd
924 2880 948 2920 at
966 2872 1024 2923 edd.
1043 2872 1088 2926 SP.
1102 2874 1166 2928 Dar.

148 2936 236 2991 Reunb.
256 2940 352 2996 Erasin.
374 2943 488 3009 Marcii,
517 2951 625 3000 virtutis
645 2952 767 3014 sincera,
794 2971 817 3005 a.
837 2974 862 3020 p.
887 2965 967 3007 exstat
986 2959 1010 3010 in
1031 2961 1121 3013 Venet.
1143 2973 1168 3016 et

149 3024 228 3078 daun.
266 3027 338 3084 Unde
354 3031 475 3101 ,equidem
496 3031 577 3085 nudius
596 3033 684 3086 dubito
710 3045 843 3108 atrumque
863 3042 1012 3096 vocabalum
1032 3063 1045 3097 a
1065 3048 1166 3116 glossa-

149 3115 211 3164 toris
240 3132 313 3167 manu
340 3133 397 3169 esse
424 3118 539 3168 adsutum
567 3119 677 3189 ideoque
703 3125 918 3180 exterminandam
944 3133 1038 3196 putavi.
1079 3133 1166 3188 Statim

148 3201 175 3250 in
193 3205 328 3256 medellam
346 3207 490 3258 dedentium
502 3207 589 3258 scribit
603 3207 652 3274 Ma,
671 3211 738 3262 sicut
750 3211 904 3267 Veronensis
917 3224 943 3268 et
955 3234 1018 3272 nnus
1034 3219 1166 3278 Vaticanus

148 3286 214 3352 apud
235 3286 381 3354 baluzium,
407 3307 456 3343 nec
475 3291 547 3344 aiiter
565 3296 644 3362 primo
670 3296 803 3367 legebatur
821 3303 846 3353 in
866 3301 905 3354 W.
943 3306 982 3358 De
1000 3308 1095 3376 duplici
1113 3317 1123 3366 t
1141 3315 1166 3366 in

148 3387 215 3422 voce
234 3377 343 3428 medella
361 3377 427 3430 coni.
448 3383 542 3434 Ostiar.
563 3380 578 3431 Ι.
594 3400 616 3433 c.
636 3401 660 3452 p.
678 3385 725 3438 118
739 3403 775 3456 sq.
796 3405 815 3439 s.
833 3406 855 3440 v.
876 3397 981 3460 querela
999 3389 1164 3469 ar'trapaar.

149 3455 163 3505 Ι.
184 3473 205 3506 c.
232 3475 256 3525 p.
276 3459 334 3512 467.
372 3463 494 3522 flendose
513 3466 553 3520 ttb
578 3469 656 3524 babet
678 3477 740 3528 inde
764 3479 863 3531 medeta
886 3483 1042 3548 dodanim,
1072 3485 1112 3537 ttd
1139 3492 1166 3541 in

147 3547 250 3608 nudata
268 3551 434 3606 rabientium.
472 3554 536 3608 disin
553 3577 602 3625 pro
621 3577 652 3614 se
669 3574 715 3628 pro
735 3579 816 3631 posse
835 3572 860 3615 et
879 3566 903 3618 in
922 3584 992 3638 seqq.
1012 3572 1163 3638 despicien-
1220 3557 1221 3560 Ἰ

146 3633 212 3684 tiam
231 3631 277 3685 iic.
316 3633 343 3686 ia
363 3653 432 3708 seqq.
454 3655 500 3708 pro
524 3645 713 3710 fer-amidae
737 3647 831 3716 iegitur
853 3654 989 3719 ferocibus
1007 3656 1031 3708 in
1050 3655 1087 3708 Bb
1107 3667 1131 3710 et
1151 3676 1165 3710 a

147 3733 179 3768 aa.
202 3735 238 3784 pr.
260 3721 283 3772 in
305 3721 333 3774 Α.
372 3724 489 3779 Proxime
509 3747 570 3784 eane
589 3730 617 3783 Α.
655 3732 715 3785 Tum
739 3737 908 3799 tumuerunt
927 3738 1081 3807 werith,
1110 3749 1163 3798 im-

145 3810 288 3862 merserint
308 3810 390 3880 vulg„
409 3817 569 3870 immerserit
589 3816 644 3883 did,
667 3823 847 3878 inmerserunt
865 3823 912 3890 Bb,
931 3830 1115 3884 irnmsrseraut
1134 3831 1164 3883 Α.

146 3889 194 3943 Pro
219 3893 269 3948 boc
295 3897 390 3964 verbo,
418 3901 485 3968 quod
510 3905 652 3957 exciditin
671 3905 725 3972 tta,
755 3925 805 3961 rec.
828 3927 858 3963 cr.
879 3912 972 3964 ibidem
994 3914 1027 3966 ad
1046 3933 1096 3986 mg.
1115 3920 1163 3971 ad·

146 3980 245 4047 scripsit
264 3985 396 4056 ingerunt,
416 3996 442 4039 ut
461 3991 486 4040 in
506 3998 600 4044 textum
620 3995 802 4062 recipiendum.
835 3997 900 4051 Mate
919 4003 1002 4056 nimis
1019 4019 1066 4071 pao
1083 4011 1165 4065 arnna
