2858 4688
722 339 782 402 tau

240 498 389 582 desideria
412 505 441 562 et
465 505 533 562 vota
557 453 673 581 potiora
695 503 763 564 sunt
788 495 905 560 servire
928 496 994 558 istic
1018 495 1149 576 diabolo,
1173 515 1260 578 quam

240 631 370 696 regnare
401 632 466 677 cum
499 611 644 675 Christo?
696 611 833 690 Denique
864 599 895 672 ul
926 594 1111 674 manifestius
1143 609 1260 680 diuinae

240 726 445 811 providentiae
468 725 576 789 indicia
594 721 621 802 l)
646 724 871 801 clarescerent,
904 721 984 804 quod
1008 722 1145 786 dominus
1168 742 1261 805 prae·-

240 843 319 904 soius
351 840 519 906 futurorum
551 841 613 904 suis
648 839 784 902 consulat
814 837 850 902 ad
883 856 984 902 veram
1016 839 1159 915 salntem,
1194 856 1260 916 oum

132 975 137 986 ·
241 955 359 1037 quidam
383 955 421 1017 de
444 953 568 1037 collegis
595 959 624 1014 et
656 951 922 1018 consacerdotibus
953 953 1064 1016 nostris
1094 951 1261 1014 infirmitate

242 1068 381 1131 defessus
404 1073 435 1130 et
458 1067 495 1128 de
519 1065 775 1150 adpropinquante
793 1071 889 1130 morte
906 1065 1050 1128 sollicitus
1067 1063 1261 1128 commeatum

242 1182 298 1244 sibi
321 1190 512 1263 precaretur,
540 1181 650 1245 adstitit
673 1178 846 1262 deprecanti
870 1185 901 1242 et
923 1181 979 1242 iam
1003 1198 1100 1264 paeue
1124 1180 1262 1242 monent

241 1295 358 1358 iuvenis
388 1295 504 1359 honoro
535 1301 564 1356 et
595 1277 748 1376 maiestate
778 1292 974 1372 irenerabilis,
1009 1299 1086 1356 statu
1110 1293 1209 1356 celsus
1232 1299 1263 1354 et

242 1409 342 1472 clarus
367 1416 488 1492 aspectu
513 1417 542 1471 et
571 1428 659 1490 quem
688 1405 879 1470 adsistentem
909 1407 967 1468 sibi
996 1406 1048 1468 vix
1078 1407 1174 1487 possit
1202 1406 1262 1468 bu-

243 1649 373 1701 adceleret
391 1651 531 1712 (caederet
546 1646 627 1716 vulg.)
647 1646 762 1698 scribunt
774 1645 848 1698 ttaba
866 1646 932 1714 (vid.
951 1649 1071 1718 Wspseer.
1086 1646 1102 1700 l.
1116 1661 1140 1700 c:
1154 1663 1179 1716 p.
1190 1647 1263 1714 tot),

243 1738 375 1788 edaciores
394 1735 485 1804 legitur
504 1737 528 1786 iu
548 1733 595 1800 lib,
616 1737 713 1790 celeret
732 1735 756 1786 io
773 1732 814 1784 W.
851 1733 910 1786 Post
924 1737 1004 1805 repat
1022 1733 1059 1785 fib
1079 1734 1147 1786 addit
1165 1737 1262 1790 oenia-

243 1839 314 1874 mus.
349 1819 406 1873 llos
425 1838 471 1890 pro
491 1825 554 1876 istie
573 1820 633 1874 inb
652 1819 781 1873 invenitur
798 1824 861 1875 istie
880 1822 927 1887 (ita
942 1824 1023 1887 primo
1036 1821 1173 1874 exhibebat
1185 1823 1262 1873 etiam

244 1909 312 1974 lla),
333 1911 377 1962 bie
396 1911 421 1961 in
442 1909 481 1960 lld
501 1919 527 1960 et
546 1908 586 1961 ed.
608 1907 703 1961 blorell.
741 1909 770 1972 4)
789 1911 892 1962 iudicia
911 1907 950 1958 bid
970 1916 995 1960 et
1014 1907 1093 1976 Nesp.
1111 1907 1136 1960 3.
1156 1909 1263 1976 conspi-

243 1996 356 2048 rantibus
374 1994 433 2047 edd.
447 1995 510 2048 Dar.
531 2002 557 2048 et
574 1994 647 2046 Grau.
686 1994 747 2046 tun
766 1997 892 2064 quomedo
912 2010 958 2062 pro
978 1999 1046 2065 quod
1065 1993 1110 2047 ua.
1146 1995 1264 2048 Proxime

245 2086 306 2137 suis
324 2083 396 2135 deest
416 2085 441 2134 in
462 2081 494 2134 Α.
530 2081 629 2134 Deinde
654 2084 687 2135 sd
710 2084 824 2136 aetutem
850 2097 941 2136 aarum
965 2082 1043 2134 babet
1061 2081 1107 2134 bb.
1144 2083 1209 2136 lllale
1233 2087 1264 2138 de

245 2173 366 2239 eutleyiia
379 2169 428 2220 blb.
448 2168 530 2221 utun.
545 2176 608 2234 tam,
628 2167 695 2238 quod
714 2175 773 2219 ante
792 2171 943 2236 infirmitate
962 2171 1131 2237 interponitur
1150 2172 1264 2225 inlibris

244 2265 303 2308 ante
322 2255 407 2310 Balua.
427 2259 512 2323 editis,
532 2273 581 2309 om.
603 2257 677 2308 codd.
692 2255 751 2308 Ver.
768 2254 859 2323 Neap„
878 2257 928 2307 mei
948 2272 1035 2308 omnes
1055 2265 1080 2308 et
1099 2257 1189 2310 decern
1207 2259 1264 2311 An-

244 2342 313 2414 gliei.
350 2343 398 2396 Pro
413 2348 546 2414 defessus,
566 2344 632 2414 quod
648 2345 741 2396 excidit
755 2345 779 2395 in
794 2343 851 2395 edd.
866 2343 910 2396 SP.
925 2340 1015 2396 Veuet.
1030 2344 1110 2397 Kuen.
1125 2354 1150 2397 et
1162 2347 1265 2415 bamb,

245 2434 270 2484 in
296 2433 359 2485 [tar.
386 2442 425 2484 eat
449 2437 603 2502 depassus.
640 2431 710 2484 ldem
736 2430 802 2482 liber
828 2447 877 2483 om.
903 2442 929 2486 st
951 2435 989 2486 da·
1035 2436 1267 2508 Adprepioquarste

245 2521 418 2587 praebuerunt
439 2518 469 2568 W
496 2527 521 2570 et
545 2518 601 2570 blab
628 2534 674 2587 pro
700 2519 768 2586 vulg.
795 2537 900 2589 approq.
937 2518 1077 2572 Addiderat
1100 2524 1176 2573 etiam
1203 2523 1227 2574 b.
1246 2524 1265 2576 l.

246 2607 375 2659 llorsllius
394 2611 462 2672 iam,
490 2605 567 2673 idque
589 2613 740 2674 receperunt
759 2604 875 2657 baluzius
901 2614 927 2656 et
948 2609 1112 2674 posteriores.
1150 2609 1200 2661 Sed
1220 2627 1266 2664 re-

246 2693 374 2760 fragantur
393 2693 468 2744 codd.
489 2695 556 2757 mei,
582 2695 603 2743 si
624 2695 737 2761 excipias
757 2693 807 2745 Μὰ.
845 2691 928 2756 Quare
954 2697 1063 2762 expunxi
1088 2695 1138 2748 hoc
1163 2698 1266 2776 pddita-
1301 2719 1305 2724 ·

247 2788 373 2844 mentum,
399 2779 466 2848 quod
491 2795 537 2848 pro
562 2780 646 2848 glossa
671 2781 815 2834 babendum
840 2790 887 2833 est.
924 2781 1020 2834 Vocem
1041 2795 1212 2838 commeatum
1231 2787 1266 2837 ita

248 2868 354 2935 egregie
374 2867 480 2919 illustrat
496 2871 620 2924 Latinius
641 2859 810 2936 (Bibliotheca
830 2885 894 2921 sacr.
914 2886 938 2937 p.
955 2869 1010 2922 179.
1031 2870 1078 2922 col.
1093 2870 1146 2934 2.):
1168 2870 1266 2937 „Com-

247 2963 345 3006 meatus
364 2954 468 3007 facultas
487 2965 525 3008 est
544 2958 712 3025 imperatoris,
736 2973 783 3025 qua
803 2957 863 3008 licet
883 2957 957 3009 militi
976 2975 991 3010 a
1010 2958 1097 3009 castris
1117 2961 1148 3012 ad
1169 2967 1266 3010 certum

178 3054 182 3060 ’
246 3049 346 3108 tempus
365 3043 463 3095 abesse.
501 3043 536 3094 lta
555 3044 595 3095 liic
615 3060 660 3112 pro
679 3044 799 3097 facultate
824 3047 962 3118 accipitur,
992 3055 1018 3097 ut
1042 3065 1055 3099 a
1082 3049 1267 3116 congressione

248 3135 273 3179 et
298 3129 397 3195 proelio
423 3134 509 3182 mortis
534 3121 624 3184 abesse
649 3132 723 3184 liceat
746 3133 777 3183 ad
799 3132 898 3201 aliquod
918 3142 1025 3206 templus.
1063 3133 1118 3198 Qua
1137 3137 1162 3186 in
1181 3137 1265 3202 signi-

247 3215 364 3266 ficatione
384 3216 495 3285 eleganti
514 3219 659 3286 metaphora
679 3221 826 3286 saepissime
846 3237 859 3270 a
876 3219 979 3273 Tertull.
1000 3231 1026 3273 et
1039 3221 1167 3288 Cypriane
1187 3237 1265 3273 usur-

248 3306 347 3369 patur.“
384 3304 445 3356 Tum
465 3310 548 3360 ostitit
567 3305 610 3358 Ba.
630 3306 686 3357 bled
706 3315 731 3356 et
750 3307 783 3370 A,
802 3314 829 3358 ut
849 3309 954 3359 maxima
975 3325 1005 3359 ex
1024 3318 1098 3377 parte
1116 3310 1173 3361 libri
1193 3311 1265 3375 editi,

248 3396 349 3446 asstitit
367 3389 419 3456 bb,
445 3395 541 3446 iamin
561 3393 599 3443 lle
618 3409 630 3443 a
650 3410 669 3444 r.
691 3409 722 3443 rn.
742 3397 956 3463 superscriptum,
981 3400 1058 3449 etiam
1077 3396 1169 3449 habeat
1188 3395 1220 3446 W
1241 3405 1267 3449 et

249 3475 297 3529 tta.
334 3477 414 3532 Recte
437 3497 519 3549 posite
542 3479 606 3546 (vid.
627 3483 720 3535 Callum
741 3479 858 3550 Orthogr.
881 3481 932 3534 Lat.
952 3499 972 3535 s.
993 3485 1031 3550 v.)
1052 3483 1107 3534 dlbc
1133 3491 1159 3534 et
1181 3484 1215 3534 Ba
1243 3503 1266 3538 c.

248 3563 307 3615 edd.
326 3564 419 3618 blaaut'.
439 3565 531 3617 Pamel.
552 3563 653 3631 (totth,
671 3585 735 3636 pene
753 3571 832 3621 ceteri
853 3569 908 3621 libri
927 3571 1013 3638 scripti
1033 3579 1060 3622 et
1078 3570 1147 3622 editi.
1187 3570 1267 3624 Deest

248 3653 354 3706 incertia
372 3653 397 3701 in
417 3649 459 3701 Ba.
499 3650 537 3702 De
559 3651 686 3704 locutione
707 3664 780 3709 stetu
801 3658 891 3710 celsus
913 3657 963 3707 rid.
986 3659 1099 3711 Graecae.
1122 3655 1265 3710 Observatt.

248 3737 272 3785 io
286 3735 456 3802 scriptoribus
470 3727 563 3790 eccles.
577 3755 632 3807 cap.
645 3739 686 3792 lll.
701 3757 725 3808 p.
736 3742 787 3794 570
799 3759 852 3811 seq.
886 3748 1127 3814 aspectomaxque
1141 3756 1266 3814 aspectus

249 3821 310 3872 dant
329 3823 403 3874 codd.
424 3838 519 3876 omues,
557 3824 605 3877 Pro
625 3839 649 3881 at
669 3845 743 3898 quem
763 3827 797 3880 Ba
818 3830 904 3882 scribit
926 3833 960 3884 ad
982 3849 1064 3900 quesn.
1101 3830 1165 3882 Dein
1185 3834 1266 3885 edei·-

248 3916 358 3962 atentem
377 3909 496 3961 exhibent
515 3909 554 3962 W.
574 3911 631 3965 llab
651 3922 676 3965 et
695 3913 730 3966 Ba
750 3933 771 3967 c.
792 3916 832 3968 ed.
853 3915 968 3982 llorell.,
996 3920 1167 3971 saaiatarttssa
1186 3918 1270 3968 ceteri
