2868 4700
565 422 610 496 π

99 583 239 670 momodo
261 592 291 650 et
312 603 379 650 cum
400 585 494 652 tribus
515 586 620 669 pueris
639 586 670 652 iu
690 585 807 654 domim
827 583 909 670 ignis
929 583 1002 666 latit,
1023 581 1095 663 ομ)

99 702 209 786 quiam
231 700 317 764 deum
345 699 494 783 simplices
517 706 606 782 atoue
629 701 706 767 inter
728 719 763 764 se
791 700 946 768 matrimes
974 715 1096 783 pernas*

98 818 209 896 nebant,
230 813 352 880 dammis
374 815 569 880 ambientibus
592 815 707 882 medios
730 815 833 899 spiritu
847 813 925 880 roris
941 813 1096 878 animabit:

99 931 238 1014 quomodo
262 929 406 1010 apostolis
430 928 547 992 duobus
569 931 599 992 in
623 927 755 994 custodia
778 929 903 1009 clausis,
932 929 1000 1011 quia
1022 927 1097 992 sim·

76 1046 197 1127 apices,
220 1045 287 1127 quia
309 1045 463 1110 unanimes
487 1051 588 1124 erant,
611 1047 675 1127 ipso
699 1043 843 1124 admitt),
871 1046 935 1127 ipae
957 1043 1098 1108 resolutis

98 1159 216 1222 carceris
238 1159 390 1236 claustris,
414 1165 447 1220 ut
468 1159 610 1236 verbum,
634 1156 714 1240 quod
737 1155 861 1222 fideliter
880 1156 1098 1240 praedicabant,

97 1272 260 1336 multitudini
282 1271 449 1352 traderent,
479 1272 517 1334 ad
538 1270 634 1336 iorum
657 1287 760 1334 rursus
790 1271 928 1354 inposuit.
973 1270 1098 1346 Quando

97 1405 163 1472 crgo
175 1389 204 1450 in
219 1388 386 1470 praeceptis
402 1388 465 1451 suis
480 1384 599 1467 ponit⁵)
623 1391 651 1448 et
666 1385 755 1449 dicit:
781 1384 840 1448 Udi
860 1385 979 1467 puniat
990 1381 1018 1462 6)
1037 1385 1098 1450 duo

97 1509 144 1566 cot
164 1509 223 1566 trca
244 1503 365 1570 collecti
387 1503 421 1564 in
443 1503 563 1564 nominc
584 1518 667 1577 meo,
691 1517 746 1582 epo
768 1519 837 1564 curn
861 1499 907 1563 cia
927 1518 1013 1576 aum,
1036 1516 1097 1564 noo

68 1613 224 1678 ttbomines
240 1616 277 1679 ab
302 1614 430 1678 ecclesia
452 1613 557 1676 dividit
578 1615 628 1696 qui
651 1613 775 1677 instituit
798 1620 829 1676 et
844 1612 914 1678 lecit
930 1613 1099 1693 ecclesiam,

96 1723 176 1809 sed⁷)
205 1727 392 1812 exprobrans
422 1724 600 1790 discordiam
630 1725 753 1808 peridis
776 1731 805 1788 ct
827 1724 962 1794 fidelibus
995 1745 1099 1810 pacem

96 1861 143 1907 sua
157 1863 231 1908 voce
247 1840 460 1908 commendans
476 1839 605 1904 ostendit
619 1841 715 1925 magis
730 1855 799 1904 esse
815 1857 849 1903 se
858 1834 886 1918 ⁸)
902 1857 969 1904 cum
983 1840 1099 1905 duobus

96 1965 138 2022 aut
151 1959 241 2022 tribus
263 1955 442 2022 unanimiter
465 1954 634 2034 orantibus,
658 1971 745 2036 quam
765 1973 832 2018 cum
855 1954 1064 2020 dissidentibus
1072 1949 1099 2036 ⁹)

95 2071 224 2154 plurimis,
235 2071 363 2154 plusque
371 2069 511 2152 inpetrari
522 2086 613 2150 posse
621 2086 784 2150 paucorum
795 2067 938 2133 concordi
948 2087 1039 2150 prece
1052 2064 1100 2148 ¹⁰),

65 2191 172 2267 ¹⁵quam
198 2185 386 2251 discordiosa
420 2185 554 2248 oratione
587 2183 755 2247 multorum.
806 2181 878 2247 ldeo
908 2191 938 2248 et
954 2182 994 2262 ¹¹)
1033 2201 1098 2248 cum

98 2311 294 2324 -ι-κ--η-...ιμ-

159 2358 185 2428 3)
200 2370 224 2415 et
241 2375 295 2412 om.
316 2357 365 2411 lla.
400 2357 459 2410 llos
477 2360 506 2411 io
524 2359 661 2414 mmtnom
678 2358 764 2410 scribit
782 2358 836 2424 blo,
860 2361 889 2413 io
913 2359 1018 2412 domino
1039 2357 1099 2410 dant

97 2444 148 2498 Ver.
165 2446 241 2516 deep.
260 2455 289 2500 et
307 2443 355 2510 RB,
374 2447 403 2498 io
421 2447 506 2508 domo,
526 2441 594 2513 quod
613 2444 777 2496 rectissimum
798 2460 854 2498 asse
874 2453 963 2498 censet
979 2443 1100 2516 Rigaltiur

94 2532 109 2584 l.
126 2550 145 2586 c.
163 2535 263 2588 exbibet
282 2531 490 2586 Beneventanus.
526 2530 578 2584 Sed
602 2531 623 2584 ai
645 2534 790 2600 respexeris
807 2533 886 2586 asrba
906 2533 1099 2602 praecedentius

93 2636 146 2674 eust
166 2625 241 2678 deum
266 2623 419 2676 millite
442 2629 467 2674 et
489 2621 530 2674 dai
550 2627 689 2690 praecepta
712 2623 898 2689 semmam,
926 2622 997 2692 vulg.
1018 2622 1097 2674 lectio

92 2709 200 2762 mutanda
218 2724 270 2762 non
289 2708 399 2761 uidetur.
436 2704 556 2760 Ceterum
574 2709 603 2760 in
621 2710 697 2762 doum
715 2716 741 2760 ct
758 2712 828 2762 iratas
844 2724 875 2763 aa
899 2711 1028 2780 aptissima
1053 2709 1101 2763 ribi

91 2807 248 2864 opponuntur.
286 2795 353 2849 Baio
372 2813 418 2865 pro
441 2801 627 2867 permanebant
650 2798 675 2848 io
694 2796 752 2850 Ver.
770 2797 863 2867 legitur
885 2801 1099 2869 perseverabant,

90 2886 195 2948 proxime
212 2889 301 2942 medio
319 2883 410 2936 iuBab
423 2887 535 2953 itemque
553 2883 621 2938 ind.
657 2883 686 2948 t)
705 2887 785 2954 affuit
796 2885 833 2938 Bb
847 2894 873 2938 et
886 2885 916 2939 b
948 2885 1009 2938 'lum
1023 2889 1101 2955 ipsos

91 2968 133 3023 lle.
167 2971 232 3026 Dein
256 2975 357 3028 achatio
382 2977 512 3028 clmtatrr'a
536 2976 656 3028 cua-cerie
674 2973 710 3037 tt,
735 2976 834 3029 solutis
860 2976 936 3028 atium
955 2972 1005 3026 lld.
1043 2971 1100 3026 llos

89 3063 190 3115 rcrlom
208 3077 259 3114 om.
278 3059 328 3126 BB,
345 3077 438 3116 cmm
462 3075 509 3128 pro
533 3063 643 3116 verdum
665 3059 742 3114 babet
759 3061 803 3114 Ba.
845 3063 874 3131 5)
898 3066 928 3117 in
949 3064 1099 3132 praeceptio

89 3150 140 3201 aiut
160 3154 252 3216 poscit
277 3159 302 3204 et
325 3152 388 3204 dicit
410 3150 441 3200 Α.
488 3147 518 3218 6)
539 3152 649 3218 fuerunt
672 3148 709 3213 A,
740 3153 807 3215 duo,
835 3151 935 3220 inquit,
970 3159 1017 3204 aot
1044 3159 1101 3204 tm

89 3238 184 3302 fundat
200 3237 253 3290 btb.
290 3236 374 3288 Verba
391 3252 478 3306 seqq.:
503 3239 605 3291 collecti
628 3240 657 3292 a'n
681 3241 784 3292 nostine
807 3255 864 3292 mae
886 3238 978 3290 dosunt
994 3239 1021 3289 iu
1038 3237 1098 3295 Ver.

90 3307 126 3374 W.
139 3323 219 3377 llabc.
232 3322 271 3376 Bb
285 3331 312 3374 et
324 3321 355 3388 d,
373 3327 402 3378 a'n
417 3326 520 3378 nominc
536 3339 592 3378 mco
611 3327 636 3376 in
650 3323 693 3378 Ba.
727 3324 792 3376 Dein
805 3342 867 3380 cum
879 3343 939 3379 cunt
956 3328 997 3380 eie
1014 3325 1103 3378 scribit

89 3407 118 3461 b„
152 3410 179 3476 7)
198 3415 249 3466 cod
269 3425 316 3478 pro
334 3413 382 3466 ced
399 3409 445 3464 Bb.
478 3409 540 3464 Tum
558 3417 725 3483 exprobrans
743 3414 769 3465 iu
786 3412 818 3465 W
839 3421 983 3481 corruptum
1000 3415 1027 3466 iu
1046 3433 1100 3470 ecc.

88 3503 215 3568 proban
234 3501 397 3554 da'eccrdiom
415 3502 580 3568 exprobrans
599 3512 623 3556 ct
640 3504 763 3570 fidelibus
782 3500 884 3553 exbibet
896 3499 947 3566 bib,
966 3504 1102 3557 discordo

90 3587 175 3638 vitiose
194 3584 242 3638 Bb.
289 3584 320 3652 8)
338 3601 369 3640 cc
387 3587 506 3640 omissum
526 3595 567 3640 cst
585 3589 609 3640 in
627 3587 663 3641 Ba
683 3597 708 3640 et
725 3588 762 3655 A,
780 3591 978 3658 superscriptum
999 3606 1013 3642 s
1031 3606 1051 3641 r.
1069 3605 1102 3640 m.

90 3671 180 3728 iullb.
224 3673 545 3742 attenuationibus&
570 3683 597 3728 et
613 3675 646 3728 A.
682 3677 743 3730 Tum
765 3679 890 3748 plurilus
907 3676 967 3728 Ver.
1001 3674 1102 3727 Deinde

92 3761 230 3828 imperari,
260 3761 286 3811 io
304 3773 381 3828 marg.
399 3758 432 3810 ab
449 3775 469 3812 r.
490 3777 522 3814 m.
540 3765 678 3833 impetrari
695 3762 744 3815 llo.
788 3763 835 3831 to)
853 3765 1023 3817 concordium
1040 3777 1103 3828 poco

92 3843 133 3910 Ba,
152 3851 326 3902 concordium
344 3864 432 3916 pacem
450 3863 487 3915 pr.
507 3847 556 3901 blb.
587 3848 644 3904 llox
662 3853 798 3906 discordia
815 3849 846 3901 A.
877 3847 941 3900 Dein
960 3849 1103 3901 multorum

92 3937 205 3988 oratione
223 3932 272 3985 llo.
318 3934 362 3999 rt)
382 3945 405 3990 ct
430 3951 479 3988 om.
499 3935 546 3990 Bb.
583 3937 670 3991 Statim
689 3941 814 4008 montorio
833 3953 879 4006 pro
899 3953 960 3991 curo
977 3933 1056 3993 batto
1071 3933 1102 3991 Α.

93 4015 154 4090 Boio
172 4025 313 4080 mantibus
331 4022 372 4076 ed.
390 4023 512 4080 Davautr.
