2868 4700
284 851 361 914 Hinc
390 849 533 914 haereses
547 846 573 926 ¹)
596 853 626 910 et
654 847 750 912 iactae
772 853 840 912 sunt
870 847 1043 930 frequenter
1069 855 1101 912 et
1130 849 1213 931 bunt,

200 965 268 1029 dum
290 981 435 1048 perversa
457 979 541 1027 mens
564 963 737 1026 nonhabet
758 979 879 1044 pacem,
910 962 978 1025 dum
1000 962 1125 1044 perfidia
1148 964 1215 1028 dis·

199 1075 327 1143 cordans
350 1096 411 1142 non
434 1083 516 1142 tenet
537 1078 685 1142 unitatem.
729 1077 808 1142 Fieri
838 1075 952 1155 verni)
974 1079 1049 1140 baec
1080 1077 1235 1144 dominus·

199 1192 338 1275 permittit
353 1197 383 1253 et
397 1191 505 1272 patitur
523 1197 661 1253 manente
683 1191 824 1273 propriae
844 1191 989 1253 libertatis
1012 1189 1144 1271 arbitrio,
1167 1199 1210 1268 ut,

173 1304 269 1370 udum
299 1299 425 1380 corda³i
456 1309 486 1366 et
516 1310 631 1366 mentes
660 1311 779 1366 nostras
809 1304 941 1367 veritatis
972 1303 1132 1370 discrimen
1154 1323 1215 1368 ex-

200 1420 317 1497 aminat,
342 1417 535 1499 probatorum
550 1416 623 1480 fides
638 1417 755 1500 integra
770 1416 924 1480 manifesta
939 1418 1007 1482 luce
1027 1416 1216 1497 clarescant.

201 1531 258 1594 Per
273 1529 439 1611 apostolum
455 1523 630 1610 praemonet
644 1508 764 1610 spiritns
779 1536 899 1592 sanctus
915 1537 946 1592 et
961 1529 1030 1594 dicit
1048 1530 1094 1610 ⁵):
1112 1531 1215 1614 Opor-
1244 1553 1253 1564 ·
1325 1617 1327 1624 y

202 1648 245 1708 tei
259 1651 289 1706 et
300 1639 328 1720 ⁶)
349 1643 491 1705 haereses
512 1661 587 1722 esse,
611 1650 646 1705 ot
665 1642 787 1723 probati
808 1645 964 1724 manifesti
984 1646 1048 1708 sint
1061 1624 1096 1709 io
1116 1647 1214 1711 cobis.

202 1757 252 1824 Sic
266 1757 428 1840 probantur
449 1756 563 1837 fideles,
587 1757 631 1819 sic
653 1757 757 1839 perfidi
779 1757 959 1842 deteguntur
966 1781 976 1837 ;
999 1760 1042 1822 sic
1058 1766 1088 1822 et
1098 1752 1124 1838 7)
1149 1767 1237 1843 ante,

164 1870 304 1936 miudicii
333 1870 410 1934 diem
438 1869 492 1961 ¹bic
515 1888 635 1951 quoque
657 1871 714 1932 iam
747 1872 893 1933 iustorum
925 1877 1013 1953 atque
1042 1871 1218 1940 iniustorum

202 1986 316 2050 anmrae
332 1982 501 2047 dividuntur
516 1991 546 2046 et
561 2003 578 2047 a
593 1983 740 2047 frumento
755 1977 895 2066 paleae⁸)
918 1991 1103 2066 separantur.
1141 1981 1218 2064 Η19)

203 2104 272 2164 sunt
293 2099 392 2181 quise
415 2099 492 2162 ultro
508 2098 586 2180 apud
607 2099 784 2162 temerarios
807 2115 958 2184 convenas
969 2093 1009 2176 ¹⁰)
1033 2099 1099 2162 sine
1119 2099 1218 2164 divina

204 2213 400 2297 dispositione
421 2212 612 2295 praeficiunt,
636 2213 687 2292 qui
708 2230 743 2275 se
758 2212 945 2294 praepositos
969 2212 1035 2274 sine
1057 2213 1115 2277 ulia
1131 2215 1216 2278 ordi-

206 2328 333 2392 nationis
353 2326 425 2410 iege
447 2326 649 2404 constituunt,
680 2325 730 2404 qui
751 2323 871 2386 nemine
903 2324 1107 2407 episcopatum
1129 2328 1219 2392 dente

170 2458 196 2502 ro
210 2444 346 2525 episcopi
368 2443 425 2506 sibi
448 2459 559 2504 nomen
581 2440 753 2502 adsumunt:
777 2437 902 2520 quesn)
925 2439 1061 2522 designat
1083 2442 1113 2504 in
1135 2443 1219 2525 psal-

274 2589 315 2669 tx]
345 2615 372 2683 1)
394 2619 509 2693 {dereses
532 2617 593 2668 bine
612 2611 669 2678 bid,
694 2615 798 2666 beroeis
816 2610 857 2667 W.
875 2611 910 2664 Ba
931 2621 957 2664 et
974 2631 1011 2682 pr.
1029 2613 1094 2667 mab.
1129 2614 1179 2667 Pro
1198 2623 1223 2668 st

204 2709 291 2776 factae
308 2701 344 2755 Ba
366 2708 478 2775 effectae.
514 2701 605 2754 Partis.
634 2711 658 2756 ct
683 2715 732 2753 om.
750 2701 789 2752 bic
815 2710 841 2752 et
858 2699 889 2753 Α.
925 2701 990 2754 Dein
1008 2702 1047 2752 bic
1065 2701 1142 2753 hebet
1158 2711 1223 2787 'WW

204 2811 268 2873 sint,
287 2808 330 2860 ilie
346 2809 449 2860 inverso
467 2807 556 2860 ordine
569 2817 595 2861 st
604 2811 755 2876 frequenter
765 2812 837 2877 fiunt.
869 2805 917 2859 Pro
930 2810 992 2862 dom
1003 2805 1041 2858 Bb
1055 2805 1140 2859 scribit
1152 2824 1220 2861 cuna.

205 2896 234 2961 2)
252 2895 404 2951 Dcestocro
417 2898 443 2948 in
455 2894 486 2948 Α.
522 2894 551 2963 3)
569 2893 656 2946 Belus.
677 2903 703 2946 et
716 2893 805 2946 Goidh.
825 2894 919 2947 addunt
937 2905 1031 2950 nosne
1044 2896 1133 2946 invitis
1152 2894 1221 2946 libris

206 2989 232 3034 et
249 2997 325 3034 manu
343 2984 450 3034 exaratis
468 2989 494 3032 et
511 2982 578 3049 typis
597 2981 744 3049 exscriptis3
770 2991 868 3034 mentes
895 2989 1005 3035 nostrm
1031 2991 1055 3034 ct
1073 2984 1155 3046 cordo
1173 2998 1220 3034 ex-

94 3098 100 3110 ·
205 3069 293 3123 bibent
311 3069 352 3121 Md
370 3077 396 3122 et
414 3068 455 3122 ed.
474 3066 571 3120 Moreii.
606 3066 663 3119 mox
681 3071 836 3122 discrimine
853 3069 897 3120 dat
913 3069 944 3121 Α.
987 3069 1017 3138 4)
1036 3072 1160 3124 clarescit
1183 3085 1220 3137 pr.

207 3157 254 3208 bic.
290 3157 320 3225 5)
335 3155 419 3208 Verba
436 3167 460 3211 ct
477 3159 541 3210 dicit
559 3171 608 3209 om.
622 3154 660 3219 A=3
678 3155 756 3208 iubis
775 3156 867 3224 iegitur
884 3160 983 3211 dicens.
1012 3155 1052 3208 Se.
1067 3157 1090 3209 1.
1106 3155 1163 3209 Gor.
1179 3157 1221 3222 11,

209 3243 249 3295 19.
285 3243 315 3312 6)
333 3243 370 3295 Ita
383 3243 422 3294 W.
437 3243 511 3294 btabd
531 3252 557 3294 et
576 3242 634 3296 edd.
652 3245 765 3312 exeeptis
778 3243 863 3295 Baluz.
877 3252 952 3312 atque
968 3241 1068 3309 Goion,
1086 3246 1111 3295 in
1131 3245 1221 3314 quibus

208 3340 242 3396 et,
264 3333 301 3382 uti
323 3332 349 3382 in
374 3331 448 3383 codd.
467 3331 529 3385 Bab.
549 3331 588 3383 bic
613 3341 639 3382 et
662 3331 699 3397 Α,
726 3332 806 3384 deest.
842 3332 868 3384 b.
888 3331 981 3384 lttaad
1009 3333 1107 3397 Qnirin.
1127 3349 1149 3386 c.
1169 3332 1221 3397 93„

208 3417 251 3469 ubi
268 3418 329 3471 editi
346 3417 405 3470 libri
423 3435 445 3471 c.
465 3418 538 3471 codd.
552 3419 585 3470 W
603 3437 633 3472 ae
650 3419 692 3472 btb
712 3429 737 3474 ct
754 3427 902 3489 agnoscunt,
920 3419 958 3472 Ba
976 3429 1002 3472 et
1013 3420 1054 3472 Mc
1071 3420 1222 3488 particulam

208 3506 354 3558 illuminem
372 3508 497 3559 omittunt.
531 3506 580 3559 Pro
598 3512 723 3563 haereses
741 3508 774 3558 W
792 3517 817 3560 et
834 3505 871 3560 ba
890 3509 950 3560 dent
968 3511 1089 3562 haeresis
1113 3514 1139 3559 et
1162 3513 1221 3575 post

209 3611 270 3648 esse
281 3593 341 3646 Ver.
358 3592 434 3645 iniert
452 3605 476 3649 st
493 3600 647 3650 schismata.
677 3596 706 3646 ln
723 3611 792 3665 seqq.
806 3599 835 3648 iss
853 3609 902 3646 om.
921 3593 967 3660 Ba,
985 3597 1014 3648 in
1031 3597 1108 3648 nobis
1125 3594 1221 3647 babent

209 3680 251 3732 Md
270 3688 296 3732 et
312 3679 343 3732 A·
379 3681 408 3750 7)
426 3692 450 3738 ct
468 3684 582 3737 emble.
617 3683 648 3752 8)
666 3683 746 3735 Deest
762 3686 856 3754 potens
872 3685 897 3734 in
915 3683 946 3734 Α.
982 3681 1011 3746 9)
1031 3685 1078 3736 Hii
1094 3681 1132 3734 Ba
1151 3680 1222 3746 οιΑ,

210 3771 254 3824 bic
276 3766 317 3819 tte
340 3775 366 3820 et
389 3785 427 3836 pr.
446 3770 503 3837 btb,
526 3776 587 3826 binc
609 3771 649 3823 W.
668 3770 714 3823 Ma.
734 3770 780 3822 Bb.
817 3769 862 3836 10)
889 3787 1021 3824 convenas
1045 3785 1100 3838 pr.,
1126 3769 1220 3820 deinde

211 3857 338 3910 convivas
351 3855 396 3922 lib,
415 3867 559 3912 concentus
571 3857 619 3925 Mc,
637 3859 698 3908 item
716 3873 730 3908 a
749 3873 799 3909 soc.
816 3873 849 3908 m.
863 3856 912 3909 tto.
941 3855 1000 3908 Mox
1018 3859 1223 3927 dispensacione

211 3957 257 4009 pro
276 3945 448 4013 dispositione
464 3944 495 3997 A.
524 3931 595 3997 Idem
609 3946 722 4014 proxima
740 3933 954 4014 dispensacioni's
971 3959 1018 4011 pro
1039 3945 1222 3998 ordinationis.

211 4029 290 4084 Paulo
300 4038 359 4100 post
370 4036 486 4089 assumit
497 4030 545 4085 nd.
583 4031 628 4100 11)
647 4035 715 4105 quod
725 4031 774 4085 Ma.
823 4071 825 4073 -
