2868 4700
662 373 703 445 65

172 545 343 622 praecepto
363 557 431 602 meo
453 558 516 602 oon
530 538 772 613 observaverint,
795 535 928 601 visitabo
950 535 983 601 in
997 532 1087 620 sirpo
1105 532 1190 622 foci·

176 671 257 716 noro
288 670 393 714 eornm
423 659 453 713 et
484 652 517 712 io
536 647 667 731 depellis
689 651 801 712 delicto
824 669 939 714 eorem.
984 653 1190 718 Praenuntiata

178 771 246 830 sunt
269 765 325 828 ista
348 751 434 828 nobis
448 760 489 842 ¹⁸)
513 771 543 827 et
566 771 635 827 ante
658 763 817 847 praedicto.
856 764 915 828 Sed
931 782 987 828 nos
1004 765 1091 829 datae
1112 768 1189 851 legis

178 873 261 955 et¹⁹)
284 877 502 942 observationis
524 877 703 940 inmemores
726 875 755 938 id
780 877 895 959 egimus
918 896 973 960 per
995 886 1097 943 nostra
1114 900 1191 963 pec·-

151 999 255 1072 ecata,
276 998 318 1071 ut,
342 991 411 1054 dum
433 989 545 1052 domini
566 987 701 1050 mandata
722 989 947 1068 contemnimus,
970 990 1008 1053 ed
1023 995 1192 1057 correctio-

179 1125 248 1170 nem
278 1105 376 1169 delicti
410 1111 441 1167 et
471 1103 678 1185 probationem
712 1101 780 1164 lidei
813 1102 953 1166 remediis
989 1106 1193 1170 severioribus

179 1220 358 1284 veniremus.
403 1218 466 1280 Nec
496 1213 654 1294 saltemil)
678 1234 748 1281 sero
777 1217 917 1280 conversi
947 1216 984 1278 ed
1013 1216 1123 1281 domini
1152 1222 1194 1283 ti-

179 1352 294 1398 morem
309 1349 422 1412 snmus,
444 1337 477 1395 nt
491 1332 568 1394 benc
584 1332 805 1416 eorreptionem
821 1337 954 1392 nostram
968 1332 1194 1411 probationem-

180 1466 240 1530 que
262 1447 390 1512 deinum
411 1447 558 1529 patienter
581 1452 611 1508 et
634 1444 753 1509 fortiter
775 1446 952 1510 subiremus.

665 1643 704 1710 V.

140 1809 168 1852 ro
269 1790 317 1854 Ad
355 1791 449 1872 prima
485 1789 582 1854 statim
618 1790 711 1850 verba
739 1789 874 1852 minantis
908 1790 1017 1853 inimici
1049 1789 1193 1852 maximus

181 1903 305 1966 fratrum
327 1920 470 1966 numerus
492 1902 581 1966 tidem
602 1919 685 1965 suam
708 1902 851 1983 prodidit,
879 1921 936 1968 nec
958 1908 1123 1984 prostratus
1149 1909 1195 1965 est

182 2017 401 2103 persecutionis
424 2017 538 2098 inpetu,
560 2016 615 2079 sed
638 2015 805 2078 voluntario
827 2014 912 2098 lapsu
934 2033 969 2078 se
984 2014 1010 2093 ¹)
1032 2018 1098 2097 ipse
1120 2033 1196 2097 pro-

184 2132 299 2196 stravit.
344 2129 420 2205 Quid
432 2127 469 2210 ¹²),
493 2107 759 2210 ordinantium,
785 2130 855 2211 quid
877 2149 987 2194 novum
1009 2138 1143 2210 venerat,
1166 2136 1198 2194 ut

188 2245 269 2308 velut
289 2242 450 2324 incognitis
473 2248 561 2323 atque
583 2241 741 2323 inopinatis
763 2243 854 2304 rebus
878 2243 991 2304 exortis
1014 2243 1120 2306 Christi
1143 2262 1198 2307 so-

151 2374 177 2419 m
191 2364 370 2422 crementum
392 2356 556 2419 temeritate
580 2355 732 2438 praecipiti
755 2354 949 2418 solveretur?
993 2356 1101 2419 Nonne
1123 2357 1199 2420 boec

185 2655 246 2707 item
255 2655 314 2706 Ver.
328 2661 353 2706 et
363 2653 443 2720 Neap.
470 2650 518 2720 te)
531 2654 607 2706 nobis
620 2668 718 2720 quoque
729 2655 783 2705 isto
794 2650 843 2704 blb.
873 2651 915 2719 19)
930 2652 1138 2707 coniunctionem
1151 2671 1200 2709 om.

185 2741 217 2794 A.
236 2741 302 2792 Dein
310 2744 339 2794 id
349 2743 451 2810 spirans
460 2741 625 2791 immemores
634 2747 795 2807 perpeccoto
804 2749 897 2793 nostro
906 2741 1008 2792 inverso
1020 2743 1108 2794 ordine
1124 2743 1201 2796 babet

186 2827 237 2880 tlh.
257 2811 373 2878 Proxime
382 2841 428 2894 pro
438 2828 499 2879 dum
507 2827 532 2875 in
542 2824 564 2876 A
575 2824 691 2897 scribitur
701 2829 833 2894 quomodo.
851 2826 911 2880 Post
923 2844 985 2880 vero
997 2835 1203 2900 contempsimus

187 2923 227 2968 est
245 2917 271 2967 in
290 2914 347 2967 edd.
366 2914 486 2966 Deventr.
506 2921 532 2964 et
549 2911 652 2976 Penei,
671 2912 729 2963 dein
748 2915 781 2966 od
801 2919 989 2984 eorreptionem
1007 2920 1096 2969 delicti
1113 2919 1138 2968 in
1151 2916 1199 2969 blb.

186 3001 242 3056 Bab
266 3009 293 3052 et
316 2998 452 3068 exemplari
469 2997 567 3050 Mosell.
602 2997 664 3048 'lum
686 3001 836 3052 sectoribus
856 3001 881 3050 in
902 3000 949 3053 llb.
985 3000 1033 3053 Prc
1052 3008 1203 3059 vestiremur

186 3093 213 3143 in
239 3090 279 3143 ed.
297 3088 464 3141 llsnntianam
489 3101 625 3155 operarum
649 3085 709 3137 vitio
734 3087 836 3154 irrepsit
859 3105 1006 3143 oreremnr.
1046 3088 1092 3156 20)
1113 3095 1204 3145 saltim

381 3223 383 3229 ,
434 3191 444 3226 e

187 3248 220 3299 W
241 3255 269 3298 et
293 3245 348 3311 lde,
373 3247 466 3328 saltem
487 3241 537 3296 llb.
573 3240 631 3292 blox
650 3244 726 3296 deam
743 3258 789 3311 pro
809 3245 968 3300 dominilld.
998 3246 1203 3303 numssmasn.

189 3349 265 3415 Quod
290 3350 403 3419 seqnitur
424 3357 454 3402 ut
477 3349 502 3399 in
521 3346 554 3396 W
572 3347 730 3401 emendatum
750 3365 781 3400 ex
800 3359 830 3404 et.
867 3349 932 3400 Dein
950 3349 990 3400 Ma
1010 3359 1036 3402 et
1054 3351 1084 3404 Α.
1105 3369 1126 3404 c.
1145 3352 1204 3406 edd.

189 3437 333 3490 Marotiana
351 3437 531 3504 antiquioribus
551 3436 671 3489 exhibent
690 3441 886 3492 correctionem.
922 3438 950 3490 ln
970 3440 1079 3492 clausula
1099 3452 1122 3495 et
1142 3447 1204 3510 for-

189 3530 250 3581 titer
270 3541 319 3578 cm.
339 3525 404 3577 edd„
417 3523 566 3578 Gravianam
585 3526 775 3578 antecedentes.
812 3524 869 3591 Md,
895 3543 977 3596 aquo
1001 3528 1074 3580 abest
1090 3531 1204 3597 fortiter,

189 3612 238 3666 boc
256 3613 349 3666 vocob.
369 3629 384 3664 a
400 3631 420 3666 r.
439 3631 472 3666 m.
491 3629 566 3681 supra
583 3617 712 3683 patienter
730 3613 848 3666 additum·
860 3614 945 3668 babet.

259 3702 288 3756 V.
319 3702 347 3770 1)
372 3719 403 3757 se
425 3717 440 3754 a
466 3718 530 3754 corr.
557 3718 590 3752 m.
610 3702 806 3769 superscriptum
829 3703 854 3752 in
872 3703 913 3755 W.
957 3703 986 3771 2)
1005 3700 1093 3754 Omisit
1117 3716 1154 3767 pr.
1171 3717 1203 3754 nu

190 3790 215 3842 in
233 3789 281 3842 lle.
318 3787 385 3843 Dein
409 3807 473 3856 oro,
495 3793 647 3844 moodotom
670 3789 761 3842 vitiose
779 3788 810 3842 A.
846 3789 903 3843 blox
923 3791 1044 3844 evaserat
1061 3787 1107 3840 bb.
1144 3789 1206 3841 Tune

190 3881 261 3934 velot
278 3894 294 3930 a
313 3893 347 3930 m.
364 3893 417 3944 pn,
436 3893 451 3928 a
471 3894 491 3929 r.
510 3881 592 3934 caleti
610 3877 652 3942 W,
675 3880 758 3931 vetuti
776 3876 839 3932 llbc.
859 3877 895 3932 Bo
920 3885 946 3928 et
962 3877 993 3929 A.
1034 3874 1151 3928 Proxime
1173 3894 1206 3932 ce

188 3967 338 4036 inopinatis
355 3962 404 4017 lde.
439 3963 538 4021 Deinde
556 3967 677 4020 esberno
694 3961 739 4016 lte.

979 4059 998 4126 5
