2858 4688
518 345 525 354 ’
627 387 687 452 tet

149 562 253 608 manus
277 551 416 628 aspectus
440 545 534 609 ocutis
557 544 725 608 carnalibus
748 546 866 626 intueri,
888 547 950 610 nisi
974 548 1055 630 qnod
1078 548 1166 612 taletn
1205 549 1220 597 ¹·

146 660 250 724 videre
283 661 340 722 ianr
374 667 493 744 poterat
528 660 565 722 de
599 660 722 724 saeculo
755 678 941 724 recessurus.
988 660 1087 744 Atque
1117 663 1167 726 illo

146 793 206 840 non
224 772 250 849 ⁵)
264 775 347 837 „sina
370 773 497 857 quadarn
521 774 608 838 anicii
632 779 660 836 ct
684 774 769 838 vocis
792 773 995 858 indignatione
1016 775 1168 840 intremuit
1205 843 1222 851 ἦ

148 895 178 950 et
201 888 290 951 arnt:
314 888 373 952 ran
397 869 516 966 taneta,
540 887 624 950 extre
645 905 706 950 non
724 888 823 968 tutto,
847 887 917 970 quta
934 887 1038 951 rueram
1055 888 1167 952 vocar
1224 927 1226 934 s

147 1000 329 1084 increpantis
351 1005 484 1062 nonest
499 994 526 1076 6)
553 1006 583 1062 et
604 998 772 1078 monentis,
805 1000 855 1081 qui
886 999 924 1062 de
954 1002 1168 1082 perseeutione

147 1113 294 1192 sollicitis,
318 1112 355 1176 de
379 1114 576 1176 arcessitione
595 1113 711 1176 securis
729 1130 790 1176 non
807 1116 955 1178 consentit
971 1114 1006 1178 ad
1022 1087 1168 1197 praesens

147 1224 340 1304 desideriunt,
363 1224 428 1288 sed·
442 1225 570 1288 consulit
591 1227 622 1288 in
643 1201 780 1286 loturum.
819 1223 940 1296 Audiuit
956 1225 1049 1301 irater
1064 1236 1168 1292 noster

149 1344 179 1400 et
196 1333 220 1412 ⁷)
254 1337 370 1421 collega
403 1335 564 1398 moriturus
595 1333 675 1415 quod
707 1334 816 1398 ceteris
846 1335 968 1398 diceret.
1013 1337 1087 1400 Natn
1118 1339 1168 1420 qtti

149 1452 309 1514 moriturus
332 1447 472 1528 audivit,L
492 1448 528 1511 ad
553 1448 610 1513 hcc
625 1443 654 1520 Β)
680 1447 807 1526 audiuit,
838 1455 870 1510 ut
894 1447 1024 1526 diceret3
1055 1449 1169 1516 audivit

149 1582 210 1628 non
232 1563 289 1626 sibi
311 1562 378 1642 ille,
412 1562 465 1626 sed
490 1563 586 1626 nobis.
631 1563 704 1626 Nam
729 1562 798 1644 qnid
824 1559 996 1642 disceret⁹)
1028 1544 1084 1628 ianr
1114 1584 1169 1631 re-

150 1676 318 1740 cessurus?
363 1677 471 1740 Didicit
493 1672 636 1754 immam)
660 1671 891 1756 remanentibus,
909 1684 946 1742 ut
968 1677 1036 1742 dutn
1059 1697 1168 1742 sacer·
1220 1667 1227 1682 ⁸
1267 1677 1269 1681 ’

151 1789 261 1868 dotem,
283 1790 335 1870 qui
358 1793 553 1852 commeatum
575 1787 705 1871 petebat,
729 1788 905 1887 increpitum
929 1806 998 1852 esse
1022 1793 1168 1872 conperi-

150 1921 232 1983 rnus,
255 1903 324 1984 quid
348 1903 462 1966 cunctis
486 1901 624 1985 expediat
648 1919 853 1966 nosceremus.

151 2145 208 2200 libri
231 2144 336 2213 vulgati.
374 2144 534 2212 Statim-eis
557 2158 604 2212 pre
628 2149 679 2200 eie
697 2143 751 2210 Ba,
777 2147 865 2213 pessit
889 2143 971 2212 (vals.
990 2146 1095 2216 posset)
1121 2162 1167 2198 re·

152 2240 252 2300 ceptam
271 2247 286 2282 e
305 2231 345 2282 W.
365 2230 440 2283 Maio
460 2237 487 2282 et
504 2229 547 2282 ea.
584 2229 684 2282 Deinde
701 2239 821 2300 peteteret
840 2229 890 2282 tlh.
937 2232 965 2294 5)
990 2249 1044 2286 esst
1068 2245 1118 2284 orn.
1137 2231 1167 2283 t.

152 2318 212 2372 Post
229 2322 366 2388 infremuit
384 2319 409 2369 in
422 2317 463 2369 ltlb
483 2317 584 2369 additur
603 2335 711 2388 qttoqtte·
748 2316 777 2383 6)
795 2327 848 2381 set,
863 2317 931 2385 quod
951 2333 965 2368 a
984 2333 1005 2368 r.
1025 2333 1057 2370 nr.
1076 2334 1168 2385 snper-

149 2407 273 2473 scriptun
292 2403 590 2467 habetllc‚1ornitttsnt
610 2403 649 2456 W.
668 2402 707 2455 Ια
727 2412 753 2455 et
771 2401 824 2466 nt,
852 2403 893 2456 lltl
915 2411 1002 2456 suum
1027 2412 1054 2456 et
1072 2403 1093 2455 t
1113 2413 1171 2472 post

149 2497 281 2560 proesentis
300 2494 479 2560 interponunt,
504 2497 531 2542 nt
549 2491 609 2542 edd.
630 2491 722 2544 Manat.
740 2489 835 2542 Psnral.
853 2489 909 2558 tttg.
930 2499 957 2542 et
976 2488 1075 2556 Dran,
1102 2491 1170 2544 unde

151 2580 201 2634 lroc
219 2580 370 2632 vocabalum
390 2594 406 2631 e
423 2578 577 2648 glossemate
595 2576 699 2630 llsxissc
722 2592 772 2630 non
794 2579 918 2629 immerito
937 2580 1061 2646 suspicari
1080 2581 1170 2647 possis.

152 2667 214 2720 Tuos
232 2667 299 2720 male
317 2671 454 2724 sollicitos
473 2695 505 2704 -
525 2684 642 2722 secor-sss
663 2667 702 2718 W.
723 2665 788 2718 llab.
809 2663 862 2718 Bab
881 2674 908 2718 et
925 2666 962 2732 tt,
984 2668 1043 2719 item
1063 2684 1100 2735 pr.
1121 2667 1170 2733 lle,

151 2765 176 2809 et
193 2758 224 2810 de
241 2758 396 2810 acutiam
414 2751 461 2818 Bb,
480 2757 511 2808 tte
528 2757 703 2808 accersitione
715 2752 754 2804 W.
769 2752 836 2805 llab.
851 2751 884 2804 Da
905 2753 1082 2822 editionesque
1095 2753 1170 2808 Grau.

154 2838 250 2890 Ucrall.
276 2846 302 2888 et
326 2841 500 2901 recentiores,
527 2841 681 2892 accersione
700 2837 738 2888 lld
764 2837 832 2888 cett
855 2852 904 2890 uns
929 2853 986 2890 curn
1013 2839 1072 2889 edd.
1098 2848 1171 2904 vett,

152 2925 245 2994 quibua
263 2924 445 2992 adstipulantur
462 2923 559 2975 Eresm.
580 2931 606 2974 et
626 2922 735 2983 Manat..
755 2925 893 2977 werricus
912 2923 975 2988 (sic)
994 2923 1042 2974 llo.
1079 2923 1171 2992 Scripsi

153 3014 338 3066 arcessitione.
371 3009 426 3060 vid.
447 3010 479 3064 ad
499 3025 555 3076 cap.
569 3007 599 3058 ll.
621 3014 673 3058 not.
687 3007 710 3058 9.
748 3006 1005 3062 Datedaccssotutt
1017 3007 1061 3059 tta.
1099 3011 1132 3074 7)‘
1149 3019 1173 3064 st

154 3116 203 3152 orn.
217 3099 249 3152 Α.
285 3098 315 3168 8)
334 3098 432 3152 Desunt
443 3113 515 3151 socc.
529 3098 639 3159 sedicit,
659 3098 693 3149 stt
704 3099 754 3150 ltoc
766 3096 792 3146 in
805 3093 841 3149 o·
853 3103 880 3147 et
891 3096 923 3148 Δ.
960 3093 1007 3146 Pro
1015 3095 1171 3150 diceret‘ad.

154 3186 244 3238 Demb.
266 3186 344 3238 habet
363 3189 486 3242 disceret.
524 3181 597 3246 Quod
620 3184 734 3251 sequitur
753 3198 777 3234 u.
797 3185 899 3236 audivit
917 3197 966 3234 orn.
986 3181 1035 3234 lllla.
1072 3182 1101 3248 9)
1120 3187 1174 3237 siti

154 3278 270 3330 disceret
283 3273 400 3326 Belusius
419 3281 445 3324 et
462 3272 620 3323 recentiores
639 3271 725 3322 invitis
743 3269 815 3321 libris
832 3269 935 3337 scriptis
954 3277 981 3320 et
999 3268 1072 3321 editis
1090 3286 1172 3338 sape·

155 3360 274 3426 rioribus,
293 3364 390 3416 diceret
403 3359 459 3410 lled
477 3366 503 3410 et
518 3355 564 3422 Bb,
583 3362 637 3411 isan
655 3357 686 3409 ab
706 3355 795 3409 eadem
814 3371 888 3408 manu
905 3371 981 3424 snpra
1001 3358 1114 3410 additura
1134 3367 1174 3412 est

156 3450 181 3500 in
196 3447 244 3500 lta.
284 3448 328 3516 10)
342 3451 420 3502 inesto
433 3449 509 3502 actis
521 3449 716 3500 remanentibus
729 3444 787 3512 cdd.
800 3443 970 3496 llontltisnrurt
981 3444 1172 3496 antecedentes.

145 3534 206 3586 eat
224 3539 302 3590 stolis
321 3537 436 3587 omittunt
453 3549 506 3588 non
525 3533 607 3586 solutn
626 3533 762 3584 duodecitn
788 3531 860 3583 codd.
881 3531 996 3600 duplici,
1025 3531 1070 3582 sed
1096 3533 1172 3582 etiarn

158 3621 213 3674 Ver.
235 3621 290 3672 vat.
311 3630 337 3674 et
360 3623 409 3672 rnei
432 3633 529 3673 ornnes.
567 3621 665 3672 ldcirco
689 3622 779 3671 merito
804 3621 924 3686 expunxit
943 3618 1073 3670 lianthide.
1111 3615 1173 3668 Tum

155 3712 318 3764 sacerdotates
336 3711 378 3762 dei
395 3709 484 3760 scribit
503 3707 547 3760 Ba.
584 3707 668 3758 Et'ita
688 3707 748 3758 olirn
768 3705 884 3757 ediderat
903 3704 1009 3758 Gravius
1033 3713 1060 3756 et
1084 3703 1173 3755 codice

157 3797 266 3865 quoda·
281 3795 388 3848 llorellii
405 3793 625 3859 adinstructus,
645 3809 719 3863 quern
739 3795 820 3847 secuti
839 3802 895 3849 sunt
908 3793 1031 3861 Rigaltius
1050 3800 1086 3855 et,
1105 3791 1172 3859 quod

156 3884 271 3948 mireris,
299 3881 472 3949 Osonienses‚
500 3897 649 3950 quamquem
674 3896 766 3932 novem
790 3880 846 3932 libri
867 3880 1043 3948 duplici-voc.
1063 3882 1103 3932 dei
1121 3893 1172 3931 non

155 3977 305 4038 agnoscunt.
343 3969 404 4022 Post
422 3972 467 4040 pusi
485 3969 570 4022 in-ed.
591 3967 740 4022 Damnate
759 3969 879 4020 insertum
898 3971 960 4022 siti.
1000 3963 1099 4016 Deinde
1122 3967 1169 4018 itt-
