2868 4700
671 411 714 476 39

102 572 105 576 ’
181 573 227 636 ris
242 567 307 657 ¹⁷),
331 571 478 636 adversus
499 569 676 636 sacrificium
692 567 801 633 Christi
822 569 958 649 rebelbs,
981 588 1037 652 pro
1052 569 1111 634 fids
1132 589 1207 652 per-

182 687 280 765 tidus,
304 704 361 768 pro
378 687 526 770 religione
550 685 735 766 sacrilegus,
758 684 963 764 inobsequens
985 701 1111 762 servus,
1131 684 1207 748 lilim

181 802 281 882 inpius
303 798 397 862 frater
419 799 556 860 inimicus
585 797 763 876 contemptis
793 796 944 877 episcopis
968 802 998 858 et
1028 795 1077 858 dei
1099 813 1207 859 sacer-

183 912 302 976 dotibus
326 910 478 972 derelictis
488 905 534 992 ¹⁸]
558 909 742 973 constituere
758 907 848 972 audet
863 908 942 970 aliud
959 909 1063 986 altare,
1084 925 1206 989 precem

154 1025 306 1089 salteram
329 1022 446 1086 inlicitis
477 1020 601 1083 vocibus
623 1019 743 1096 facore,
777 1018 942 1082 dominicae
966 1019 1083 1081 hostiae
1117 1021 1204 1082 veri·

182 1145 273 1201 tatem
295 1135 438 1219 persalse
461 1134 608 1197 sacrificia
630 1132 807 1214 profanare,
831 1149 888 1194 nec
903 1132 982 1194 scire
996 1125 1035 1208 ¹⁹)
1058 1131 1198 1212 quoniam

182 1254 235 1334 qui
259 1258 365 1314 contra
390 1247 608 1312 ordinationem
632 1245 682 1308 dei
704 1245 825 1324 nititur,
849 1246 887 1308 ob
911 1244 1084 1308 temeritatis
1108 1243 1204 1306 euda-

183 1366 261 1428 ciam
285 1363 384 1426 divina
406 1358 666 1424 animadversione
689 1357 818 1438 punitur.

650 1553 745 1620 xvt.

272 1702 321 1768 Sic
345 1700 423 1764 Coro
437 1699 463 1776 ¹)
495 1703 525 1760 et
553 1695 669 1760 Datban
699 1702 730 1759 et
758 1695 892 1775 Abiron,
927 1697 977 1776 qui
1007 1696 1064 1760 sibi
1097 1701 1206 1758 contra

146 1826 174 1871 10
186 1817 319 1899 llloysen
341 1821 371 1876 et
392 1810 497 1873 Aaron
520 1807 708 1872 sacerdotem
738 1806 926 1870 sacrificandi
955 1808 1104 1870 licentiam
1135 1809 1206 1869 vin-

184 1931 290 1994 dic'are
308 1927 409 2007 vconati
433 1930 518 2003 suut,
540 1939 655 2004 poenas
678 1923 775 1984 statim
797 1938 853 2001 pro
876 1921 938 1984 suis
969 1921 1124 1983 conatibus
1147 1939 1206 2002 pe-

185 2073 396 2084 ‚...-.-—-—-

258 2138 303 2201 ts)
322 2139 411 2192 bostis
437 2143 477 2188 est
495 2134 592 2186 altoris
610 2127 655 2180 Ba.
691 2126 753 2179 Voc.
772 2129 868 2179 altoris
887 2125 960 2178 abest
979 2141 994 2176 a
1011 2125 1058 2179 Bb.
1094 2127 1159 2178 Dein
1179 2136 1203 2182 at

184 2232 308 2282 insertum
332 2226 357 2276 iu
375 2221 439 2275 Bab.
474 2219 577 2271 {averso
603 2217 694 2268 ordine
713 2212 750 2265 Ba
768 2213 846 2264 babet
865 2216 969 2268 Oba-isti
986 2216 1160 2282 sacrificium,
1180 2221 1207 2264 et

183 2332 232 2386 pro
250 2315 359 2368 rebellis
376 2313 401 2361 in
419 2295 460 2358 blb
478 2306 571 2374 legitur
586 2307 659 2373 facit.
699 2301 760 2352 Tum
783 2304 879 2370 perfide
903 2305 1020 2371 perfidus
1044 2316 1154 2369 moxque
1178 2305 1207 2354 tn

183 2405 319 2472 obsequiis
335 2412 470 2468 perperam
487 2393 573 2446 scribit
591 2390 620 2442 Α.
659 2389 703 2454 18)
723 2391 827 2444 delictis
847 2404 884 2455 pr.
897 2388 937 2438 W.
974 2387 1041 2438 Dein
1060 2392 1154 2440 audeat
1173 2386 1206 2440 Α.

185 2491 232 2555 19)
253 2488 339 2555 „llaec
358 2486 482 2551 scriptura
501 2481 609 2532 habetur
626 2481 651 2530 in
671 2477 788 2528 omnibus
807 2477 916 2545 antiquis
940 2475 1072 2527 codicibus
1096 2483 1121 2526 et
1146 2475 1203 2526 edi-

184 2578 306 2640 tionibus,
325 2575 371 2625 uisi
389 2570 458 2640 quod
477 2571 501 2620 in
520 2567 609 2618 codice
627 2564 788 2633 burgundico
807 2565 928 2631 scriptum
949 2572 1003 2616 ost:
1025 2566 1117 2616 Nescit
1135 2579 1204 2631 quo-

184 2669 264 2720 niam.
302 2661 408 2726 Quidam
426 2672 504 2721 uero,
528 2654 575 2707 sed
593 2655 668 2721 pauci
686 2670 718 2706 ne
737 2654 817 2705 scire,
851 2650 975 2702 Manutius
995 2649 1073 2700 edidit
1092 2667 1140 2702 nec
1158 2652 1204 2702 di-

184 2763 283 2825 9natur
300 2753 380 2804 scire.
417 2743 490 2809 Quod
513 2742 544 2794 ab
564 2755 596 2791 co
620 2748 691 2792 recto
717 2738 809 2789 laetum
829 2739 863 2789 uit
880 2736 1006 2788 Panaetius
1025 2737 1057 2786 ad
1076 2736 1205 2787 vitandum

185 2838 355 2908 hyperbaton,
374 2833 513 2884 admonens
531 2830 632 2881 interim
651 2841 741 2879 vocem
760 2828 885 2894 stipentur
899 2839 949 2874 non
964 2831 1064 2874 exstare
1076 2824 1101 2872 in
1115 2837 1206 2872 manu-

184 2929 291 2994 scriptis.
321 2921 387 2974 Sauo
400 2934 449 2987 ego
468 2917 535 2968 illam
554 2919 580 2966 in
598 2913 668 2966 nullo
689 2927 777 2965 ooruna
796 2919 912 2962 veterum
931 2909 1121 2975 exemplarium,
1143 2909 1203 2976 qui-

185 3015 235 3067 bus
262 3019 333 3074 utor,
359 3009 450 3074 reperi.
487 3004 566 3055 Deest
593 3003 671 3054 etiam
698 3002 724 3050 in
750 3007 848 3065 septem
869 2997 1032 3065 Anglicanis,
1059 3003 1087 3044 ut
1105 2995 1207 3046 minime

187 3097 351 3154 dubitandum
379 3095 410 3146 sit
436 3094 497 3162 quin
523 3090 635 3158 expungi
661 3087 780 3140 debeat.“
816 3087 960 3138 uetustus.
981 3109 1012 3120 -
1035 3084 1169 3150 Dipnotus·
1194 3096 1209 3132 o

187 3186 281 3251 codd,
309 3199 372 3253 quos
391 3182 446 3248 ipse
465 3178 582 3241 excussi,
601 3174 700 3236 nullus3
729 3187 761 3223 ex
788 3169 881 3222 Italicis
900 3185 964 3220 unus
983 3167 1068 3229 babet,
1084 3165 1151 3218 trude
1169 3165 1210 3216 vir

188 3276 279 3329 doctus
298 3269 448 3324 demendum
467 3265 575 3318 consuit.
606 3261 694 3314 Statim
715 3263 775 3330 puio
794 3273 839 3326 pro
858 3259 980 3326 quostiam
999 3257 1044 3324 qui
1060 3252 1107 3305 Bb.
1138 3252 1209 3304 Idem

187 3379 221 3416 ec
238 3377 284 3429 pro
303 3363 341 3414 ob.

259 3447 321 3500 XVl.
342 3445 369 3510 1)
388 3444 425 3497 lta
438 3441 492 3494 Bnb
510 3449 536 3492 et
549 3439 622 3504 Mon,
643 3437 698 3490 rell.
713 3434 800 3501 scripti
818 3440 895 3500 atque
914 3429 1078 3484 reddebere.
1109 3425 1168 3496 Seq.
1187 3433 1212 3478 et

189 3554 241 3592 om.
268 3535 299 3589 A.
349 3532 410 3584 Tum
435 3531 502 3582 idem
533 3527 611 3579 babet
640 3528 753 3594 Atyras.
808 3520 866 3572 llox
899 3523 1015 3587 Mopsom
1051 3516 1113 3566 dant
1144 3511 1211 3575 blac,

187 3615 537 3679 comessationum
557 3623 582 3666 et
600 3613 629 3664 A.
666 3609 749 3664 Primo
769 3611 795 3659 in
815 3606 854 3658 lllb
873 3607 994 3674 scriptum
1017 3602 1065 3653 luit
1093 3600 1210 3667 diiipen-

189 3717 263 3768 tinen.
300 3709 361 3760 Tum
380 3705 559 3760 vindicarem
578 3700 635 3752 llab
654 3706 775 3750 mutatum
794 3712 809 3747 a
826 3710 847 3746 r.
866 3710 898 3746 m.
918 3694 944 3743 in
963 3692 1119 3750 veridicare,
1141 3683 1210 3752 quod

190 3797 316 3853 exhibent
335 3794 374 3846 blc
392 3802 418 3846 et
435 3792 465 3844 Α.
502 3790 619 3842 Proxime
636 3804 749 3857 poenam
767 3783 815 3834 Mb.
860 3780 925 3832 Adv.
951 3780 1043 3830 statim
1067 3777 1125 3839 post
1149 3773 1211 3824 suis

186 3886 257 3940 male
274 3889 426 3952 *posuerunt
451 3878 540 3932 Belua.
568 3884 594 3928 et
618 3872 708 3926 Goldb.
745 3870 802 3923 blox
827 3869 1003 3946 dependes-aot
1028 3865 1077 3926 (pr.
1094 3856 1213 3926 repenti.)

187 3990 383 4062 llbssperpend.
396 3985 428 4052 Α,
446 3985 552 4057 repenti.
570 3989 622 4036 tres
635 3978 726 4047 Neap,
744 3974 783 4028 Bb
802 3983 828 4027 et
841 3971 907 4039 blod,
926 3954 954 4043 p
961 3951 1077 4039 re‘peud.
1093 3961 1155 4030 (sic)
1168 3958 1212 4013 Ba.
