2880 4696
702 435 766 502 144

226 607 296 652 rum
317 597 348 652 et
362 597 543 656 ornamenta
560 613 666 657 eoram
681 602 712 658 et
726 597 829 660 mines
844 604 876 659 et
888 597 1054 662 cincinnos
1070 606 1101 662 et
1115 601 1243 666 tanatos

226 711 257 767 et
279 705 444 769 discrimen
464 714 494 768 ct
515 709 656 772 armillas
679 718 709 771 et
735 710 930 774 botronatum
961 721 992 774 ct
1019 714 1182 779 danmatio
1213 725 1244 778 at

225 821 339 883 anulos
380 829 411 882 et
451 821 581 886 inaures
621 831 651 887 et
682 825 786 888 serica
821 835 968 891 contecta
997 849 1065 891 cum
1102 849 1181 894 aura
1214 838 1244 894 et

224 935 397 1016 bpactntbo.
457 937 498 1000 Et
530 939 589 1000 crit
619 957 680 1018 pro
714 940 808 1003 odore
846 943 1015 1006 suavitatis
1051 944 1174 1022 puteis,
1213 954 1243 1007 ct

198 1059 212 1103 ⁵
222 1069 284 1130 pro
335 1051 460 1134 cinpato
488 1049 514 1129 5)
561 1059 644 1116 reste
693 1055 828 1134 cs'npcris
877 1063 907 1118 et
951 1075 1013 1136 pro
1060 1066 1242 1120 ornamento

227 1165 341 1242 capitis
379 1185 477 1231 aureo
514 1169 673 1232 cototttum
709 1167 845 1233 babebis.
899 1171 963 1234 IIoc
1006 1170 1079 1234 deus
1099 1169 1127 1250 ⁶)
1173 1173 1241 1235 cuI-

224 1281 283 1358 pat,
306 1275 365 1340 hcc
388 1277 517 1343 denotet.
570 1281 645 1344 HInc
676 1288 833 1364 corruptas
862 1299 931 1346 esse
944 1260 989 1364 ⁵⁷),
1018 1285 1087 1348 hinc
1114 1303 1131 1348 a
1161 1287 1240 1350 cuitu

224 1409 299 1455 vera
323 1399 413 1474 atque
435 1391 536 1456 diuino
561 1392 726 1458 descivisse
749 1397 929 1477 pronuntiat.
970 1393 1162 1478 Exultatae⁸)
1184 1418 1241 1463 ce-

225 1501 381 1583 ciderunt,
412 1511 549 1587 comptae
571 1505 781 1588 turpitudinem
804 1506 1037 1592 foeditatemque
1059 1522 1240 1578 meruerunt

186 1615 360 1682 ucSerIcum
390 1621 420 1680 et
449 1634 609 1699 purpuram
642 1616 762 1680 indutae
778 1611 806 1697 9)
824 1618 988 1684 ‘Christum
1022 1621 1148 1688 induere
1180 1643 1241 1690 non

222 1738 359 1815 possunt.
402 1731 487 1818 Auro
513 1740 543 1796 et
560 1727 599 1810 ¹⁰)
630 1736 796 1818 margaritis
829 1742 860 1798 et
887 1737 1047 1802 monilibus
1077 1738 1239 1804 adornatae

224 1854 397 1912 ornamenta
427 1845 526 1912 cordis
559 1866 594 1911 aa
624 1850 756 1930 pectoris
779 1848 985 1931 perdiderunt.
1031 1852 1104 1928 Quis
1127 1872 1188 1917 non
1210 1854 1240 1919 id

223 1960 452 2040 exsecretur¹¹)
477 1968 506 2025 et
529 1961 623 2047 fugiat
645 1965 725 2046 quod
741 1965 790 2028 alii
808 1964 896 2029 fuerit
911 1965 1029 2030 exitio?
1067 1967 1139 2043 Quis
1155 1967 1184 2030 id
1197 1965 1238 2045 ¹²)

292 2207 321 2274 5)
335 2139 465 2277 ”balium
487 2205 515 2258 B.
560 2205 625 2258 Dein
649 2195 787 2278 stupentur
811 2212 841 2259 Α.
888 2208 947 2278 Seq.
972 2218 996 2263 ot
1021 2225 1071 2261 cru.
1099 2211 1146 2264 bic.
1189 2211 1238 2265 Pro

222 2313 320 2364 aureo,
346 2295 413 2364 quod
433 2293 505 2366 abest
523 2310 537 2346 a
556 2294 595 2345 Ma
614 2303 639 2347 et
656 2293 693 2360 B,
717 2295 836 2348 scribitur
855 2296 1031 2362 nunciabis,
1050 2300 1127 2351 aurei
1144 2299 1169 2348 iu
1186 2297 1238 2352 Mb.

222 2381 283 2434 Tum
300 2386 426 2438 nabebunt
443 2382 468 2434 in
486 2383 517 2435 Α.
553 2381 581 2448 6)
601 2386 649 2437 deo
668 2369 725 2450 (do)
746 2382 786 2434 W.
822 2382 889 2435 Dein
908 2392 933 2438 et
949 2387 1054 2438 denotat
1073 2385 1131 2438 edd.
1151 2385 1238 2439 Venet.

223 2471 247 2524 1.
266 2471 289 2522 2.
308 2468 428 2522 Darentr.
446 2468 526 2524 Kunn.
544 2469 632 2522 Itemb.
652 2469 749 2522 Ercsm.
769 2467 844 2523 Grav.
886 2471 916 2536 7)
935 2481 1077 2542 corruptas
1095 2490 1156 2526 csse
1173 2476 1237 2527 vir-

219 2561 294 2630 pr‘nes
314 2558 383 2610 editi.
419 2555 470 2610 Sed
488 2556 527 2609 W.
545 2557 605 2610 Ver.
623 2558 648 2611 2.
666 2557 747 2608 bleba.
766 2556 797 2609 A.
817 2573 866 2610 om.
885 2562 1020 2630 cirpirrcs,
1041 2560 1110 2629 quod
1128 2560 1239 2629 glossam

220 2648 291 2715 sapit.
322 2644 402 2698 intell.
422 2647 506 2714 potius
525 2663 539 2698 e
558 2645 772 2714 praecedentibus
789 2648 861 2716 pitius
878 2649 953 2700 Sion.
984 2646 1158 2703 Moxocuttu
1175 2666 1237 2703 aera

619 2752 633 2788 e

220 2801 250 2856 B.
286 2801 347 2855 Turn
366 2808 481 2860 desistas
499 2805 553 2872 bic,
573 2806 706 2890 domuisse
723 2803 774 2854 bid.
811 2802 940 2871 Deinceps
957 2809 1134 2875 praenunciat
1146 2805 1238 2858 Venet.

222 2909 245 2962 1.
264 2909 288 2962 2.
307 2909 427 2962 Darentr.
446 2911 528 2964 IIunn.
547 2908 636 2963 Iiemb.
679 2907 708 2974 8)
726 2907 835 2960 Additur
858 2911 943 2978 inquit
963 2910 988 2960 iu
1006 2909 1081 2974 Ver,
1107 2913 1240 2966 exaltatae

221 3001 370 3053 ceciderant
387 3009 539 3053 ornamenta

341 3079 365 3123 et
418 3073 506 3123 taliter
532 3077 648 3138 comptae
675 3067 840 3132 (occiderunt
863 3073 889 3118 et
914 3077 1066 3121 ornamento
1086 3083 1100 3118 a
1119 3084 1151 3118 m.
1170 3083 1238 3120 saec.

220 3153 283 3208 XIII.
302 3155 441 3223 superrat.)
461 3153 510 3206 Mb.
556 3154 585 3222 9)
602 3155 696 3207 Serico
720 3161 743 3205 ct
765 3157 888 3222 purpura
910 3155 1017 3207 irrdutoc
1035 3161 1088 3204 tres
1106 3152 1165 3204 libri
1183 3152 1237 3206 Ital.

221 3251 247 3295 et
266 3242 323 3296 edd.
337 3241 507 3294 Manutianam
526 3239 706 3293 antecedentes
720 3254 742 3290 c.
753 3238 870 3303 'Motella
886 3257 1033 3310 purporam
1045 3239 1101 3305 bia3
1120 3244 1238 3296 indutam

222 3357 254 3368 -
274 3348 378 3398 mouere
396 3348 448 3384 non
464 3337 581 3400 possunt
598 3326 629 3378 Α.
679 3325 725 3394 10)
744 3343 776 3379 oc
796 3325 848 3394 (pr.
867 3331 956 3397 atque)
978 3327 1009 3383 A.
1045 3326 1107 3379 I'um
1125 3332 1238 3383 motibus

221 3433 258 3486 pr.
283 3416 346 3468 biae.
391 3416 456 3469 Dein
481 3423 626 3470 excusatae
649 3411 679 3464 Β.
725 3411 812 3465 Statim
837 3425 860 3470 ct
884 3425 1038 3470 ornamento
1062 3415 1109 3469 Mc.
1136 3415 1190 3470 0m.
1213 3433 1238 3470 v.

222 3515 374 3559 manacta
385 3505 425 3556 bib
443 3512 500 3572 post
516 3505 686 3573 perdiderunt
703 3500 782 3553 hebet
800 3513 921 3558 ornatum
939 3519 985 3555 ar.
999 3501 1042 3554 ills
1055 3520 1088 3556 m.
1102 3503 1237 3556 adiectum.

220 3590 269 3644 Pro
290 3610 320 3645 ce
337 3595 455 3663 peccoris
472 3589 567 3658 legitur
585 3598 608 3642 et
625 3608 651 3659 p.
670 3589 694 3639 iu
713 3586 754 3641 Fr.
774 3588 855 3642 Emm.
875 3591 916 3656 2.,
943 3591 1004 3642 item
1023 3591 1049 3641 in
1069 3589 1126 3642 edd.
1145 3590 1235 3642 bianu-

221 3680 290 3731 tiana
308 3678 492 3749 antiquioribus
510 3686 536 3729 et
554 3675 661 3741 Mersit,
681 3685 733 3727 tum
751 3680 887 3747 perdidere
904 3679 929 3740 iu
948 3676 996 3729 bic.
1033 3677 1077 3742 11)
1097 3681 1169 3745 Quid
1185 3694 1238 3731 non

221 3768 249 3820 id
266 3774 444 3820 exercuerant
462 3764 492 3829 Α,
513 3767 573 3834 quis
592 3766 646 3816 iam
664 3766 692 3817 td
709 3782 762 3817 non
779 3773 952 3818 mssmoetur
969 3762 1024 3828 bib;
1047 3767 1075 3817 tt
1093 3780 1142 3816 cm.
1162 3763 1194 3814 W
1212 3771 1239 3815 et

222 3851 276 3916 uum
294 3863 418 3908 enecant
434 3851 512 3904 habet
531 3851 577 3905 Ma.
613 3849 672 3903 Mox
690 3854 739 3905 toti
757 3853 804 3918 (ita
823 3851 899 3904 etiarn
918 3851 979 3920 Ma),
1002 3852 1028 3901 iu
1045 3867 1095 3919 mg.
1115 3849 1146 3902 ab
1164 3866 1184 3903 r.
1204 3866 1237 3901 m.

222 3942 286 3993 alite
304 3937 351 3991 bic.
389 3937 449 3990 'Ium
467 3944 556 4010 ficerat
573 3939 624 4006 bid,
641 3943 695 4009 tuit
712 3948 737 4010 et
754 3944 804 3995 teto
823 3937 970 4006 (intermed.
989 3939 1053 4008 cm)
1070 3938 1101 3992 A.
1149 3937 1192 4007 12)
1210 3939 1239 3992 id

223 4041 272 4079 om.
291 4025 372 4079 IIubc.
