2834 4686
631 401 691 480 271

153 565 252 628 caruis
274 569 305 627 et
326 564 481 646 corporis,
513 563 618 644 quibus
651 565 746 633 πίω
778 572 968 648 expugnatur
996 573 1026 630 ot
1048 567 1171 649 capitur,

154 678 289 742 uirtutum
327 696 446 742 suarum
484 678 712 760 propugnaculo
749 679 922 743 reluctatur.
980 679 1202 762 inspicimus,

153 791 283 873 denique
305 810 399 874 pauca
422 791 461 854 dc
484 773 582 856 multis
599 789 638 872 ³),
666 799 698 856 ut
721 791 758 856 do
780 795 885 874 paucis
908 793 1121 874 intellegantur
1143 801 1173 856 ot

151 912 262 970 cetero.
307 905 510 984 Adulterium,
535 905 626 986 fraus,
653 906 843 977 homicidium
866 906 992 971 mortale
1015 907 1128 976 crimen
1145 903 1172 984 ⁴)

152 1024 207 1080 est.
253 1016 297 1080 Sit
313 1013 340 1094 ⁵)
371 1016 455 1080 tortis
486 1023 515 1080 et
546 1017 658 1080 stabitis
690 1016 720 1080 iu
750 1017 844 1081 corde
872 1019 1030 1098 patientia,
1063 1025 1093 1080 et
1115 1037 1173 1084 ucu

152 1129 299 1195 etnttmio
330 1129 542 1195 sanctificatum
572 1147 684 1210 corpus
716 1137 746 1192 et
778 1115 838 1200 dei]
858 1131 998 1213 templum
1021 1131 1171 1212 poiiuitus,

105 1323 107 1326 Ι
152 1262 209 1306 nec
230 1244 359 1311 iustitiae
380 1243 475 1308 dicata
501 1243 671 1306 innocentia
696 1243 877 1325 contagione
901 1241 1014 1306 fraudis
1035 1243 1171 1324 inficitur,

152 1376 208 1422 nac
236 1366 305 1440 post
334 1364 479 1442 gestatam
508 1357 717 1422 metationem
748 1374 852 1419 cianus
882 1357 985 1440 gladio
1005 1345 1037 1420 ¹et
1061 1375 1172 1424 cruore

150 1473 321 1534 maculatur.
368 1470 481 1536 Caritas
512 1470 707 1536 &dormiatis
737 1471 885 1534 vincutum
917 1479 963 1535 est
980 1469 1026 1550 6),
1061 1471 1170 1536 tunm-

152 1593 283 1648 meotnm
304 1583 309 1667 Ι
328 1585 419 1666 pacis,
442 1577 645 1648 temeitosao
666 1585 787 1656 firmitas
810 1586 941 1665 antuus,
964 1601 1041 1668 qnae
1065 1591 1095 1647 et
1115 1603 1171 1667 spe
1185 1604 1224 1647 oco

152 1704 183 1760 et
204 1697 264 1760 tide
282 1689 381 1762 ¹maior
404 1705 469 1777 est,
500 1716 577 1780 quae
607 1704 637 1762 et
666 1715 757 1780 opera
789 1703 819 1760 et
847 1699 985 1781 martyria
1009 1697 1171 1780 praecauti,

154 1827 231 1894 quae
262 1809 416 1873 nobiscum
443 1812 474 1874 in
505 1811 609 1893 reguis
640 1811 820 1876 caelestinus
846 1812 1041 1892 permanebit.
1087 1811 1172 1876 tous

152 1924 196 1987 ilii
213 1917 241 2001 ⁷)
266 1923 450 2005 patientiam,
481 1929 511 1984 et
533 1922 666 1986 desolata
689 1941 749 1986 unu
775 1923 879 2000 durat;
911 1925 982 1987 tolle
1005 1925 1172 1988 sustinendi

154 2036 361 2118 tolerandique
393 2036 603 2115 substantiam,
638 2033 669 2098 e't
698 2037 965 2101 ouiiis‘rndicibus
995 2058 1031 2102 ao
1061 2040 1171 2104 viribus

152 2240 275 2307 corporis
294 2222 362 2287 idem
381 2251 430 2288 om.
468 2234 534 2287 Dein
552 2249 599 2304 pro
620 2238 726 2305 cupitur
743 2233 821 2308 hotot
839 2196 966 2305 puotitur,
986 2236 1022 2288 Bb
1040 2241 1171 2306 carpitur.

153 2323 181 2386 3)
200 2341 250 2394 pro
269 2323 362 2376 multia
383 2321 425 2374 ua.
472 2323 502 2390 t)
530 2325 629 2376 crimen
653 2337 691 2389 pr.
711 2323 830 2373 omissum
855 2337 907 2373 or.
926 2338 961 2374 m.
980 2323 1005 2373 iu
1023 2339 1075 2392 mg.
1095 2323 1172 2376 habnt

153 2409 201 2462 iic.
227 2410 277 2478 ·5)
300 2413 349 2463 Sic
369 2409 408 2460 idd
429 2418 456 2461 ct
475 2410 505 2462 A.
541 2407 602 2460 Post
626 2420 649 2463 ct
667 2409 706 2461 dio
730 2425 780 2461 cm.
804 2427 869 2473 uec,
897 2409 965 2477 qnod
989 2410 1022 2461 al.
1042 2427 1075 2462 m.
1094 2426 1171 2477 snpra

151 2498 250 2550 addidit
268 2499 294 2549 in
312 2497 353 2548 W.
388 2496 448 2551 diez
465 2513 512 2552 nno
531 2500 573 2551 dci
591 2501 715 2566 temptum
733 2495 822 2550 sentit
840 2494 886 2561 Ba,
905 2503 957 2548 tum
976 2511 1024 2563 pro
1041 2498 1171 2562 pudicitur
1214 2567 1220 2572 ι

151 2587 173 2636 A
193 2594 297 2651 tuctur,
317 2583 358 2636 iii
376 2587 514 2654 potiuntur
532 2587 560 2650 (o
577 2586 734 2652 polluitur),
760 2601 794 2641 u
810 2599 857 2651 pro
875 2599 924 2638 uso
942 2581 999 2649 tta,
1024 2583 1082 2636 dein
1102 2600 1168 2638 coa·

151 2675 219 2738 topic
239 2670 360 2724 exhibunt
379 2670 436 2724 Ver.
456 2670 496 2720 W.
518 2669 556 2722 tta
576 2679 602 2721 et
621 2671 657 2734 A,
676 2673 797 2740 inspicitur
813 2671 839 2722 iu
858 2669 899 2720 tto
918 2686 938 2721 r.
959 2686 990 2722 un.
1012 2671 1125 2736 corrupit
1143 2671 1169 2725 iu

151 2759 293 2824 inspiciatur.
337 2756 419 2813 Verba
444 2759 576 2824 sequentia
604 2773 654 2808 om.
682 2757 712 2808 A.
756 2761 848 2818 Potest
874 2773 922 2823 pro
948 2767 1008 2825 poet
1033 2773 1169 2824 perperam

151 2837 239 2892 scribit
258 2841 309 2904 Ba,
336 2851 478 2911 pestutum,
507 2843 574 2907 quod
600 2858 647 2907 pro
669 2852 801 2910 ,tutatum
819 2844 866 2906 (ita
885 2841 923 2892 Bb
943 2851 970 2894 et
988 2840 1040 2908 tte)
1059 2845 1170 2895 restituit

151 2926 290 2990 Pamoiius,
318 2929 424 2994 egregie
450 2927 598 2980 confirmant
619 2927 675 2978 Ver.
697 2927 736 2978 W.
763 2927 835 2978 iiabd
862 2935 888 2978 et
914 2926 957 2979 un.
1001 2927 1040 2979 De
1064 2944 1092 2980 re
1117 2929 1168 2983 vid

150 3017 248 3068 Baius.
268 3011 381 3064 adnutat.
402 3012 461 3063 ccii.
483 3015 577 3081 Conpii
596 3009 707 3062 Glossar.
727 3010 794 3062 med.
814 3020 840 3062 ot
859 3012 934 3065 indm.
950 3011 1050 3088 Latinio
1067 3031 1092 3066 v.
1105 3019 1167 3070 Eu.
1233 3041 1234 3048 κ
1291 3001 1298 3012 ’

150 3103 290 3158 charietto.
326 3097 391 3149 Dein
416 3115 529 3167 mapuna
551 3112 598 3164 pro
620 3114 717 3152 mustus
736 3095 771 3148 Ba
791 3105 817 3149 ot
834 3084 985 3154 inueniatur
1002 3100 1053 3167 (pr.
1072 3119 1168 3156 onacu-

150 3187 235 3254 tutur)
254 3185 305 3237 tto.
342 3185 371 3249 6)
390 3184 431 3237 Pr.
451 3195 474 3240 ct
493 3185 541 3236 tte.
577 3183 638 3236 Post
656 3200 680 3234 v.
698 3193 740 3238 cat
757 3185 783 3236 iu
802 3183 843 3236 dib
862 3187 1060 3253 superscriptum
1079 3187 1170 3254 iegitur
1217 3235 1221 3240 .

150 3284 182 3328 st
220 3271 281 3329 tun
300 3282 325 3326 ct
341 3275 455 3344 mitae
475 3271 551 3324 habet
570 3271 599 3330 A.
636 3270 695 3322 Mox
717 3289 782 3341 punc
806 3282 830 3326 at
853 3276 976 3328 martirio
1000 3291 1082 3344 opera
1108 3274 1169 3340 (sic)

148 3364 280 3430 praecedit
299 3359 346 3410 tto.
386 3359 473 3411 Statim
493 3361 559 3410 idem
579 3359 662 3422 iiber,
689 3367 715 3410 ut
732 3359 823 3426 vulpot
854 3379 919 3428 punc
936 3365 1075 3416 nobiccum
1092 3378 1167 3417 acm-
1255 3415 1258 3423 ,

148 3465 196 3516 per
221 3456 325 3500 aderito
352 3450 421 3514 apud
446 3449 524 3500 mum
548 3450 577 3499 iu
600 3449 692 3515 repnte
719 3449 877 3500 castutituc
903 3450 1073 3514 permanebit.
1116 3447 1168 3502 Sed

151 3549 175 3584 v.
196 3545 302 3586 autento
319 3533 343 3586 h.
363 3533 379 3584 Ι.
400 3531 553 3600 superfluum
573 3549 631 3584 esse
652 3535 745 3584 nemini
765 3549 814 3584 non
835 3533 927 3602 liquet,
946 3535 1056 3600 ideoque
1075 3549 1088 3584 a
1109 3535 1167 3586 cod.

150 3619 189 3670 iia
210 3621 264 3670 tuuc
284 3619 371 3682 πως
392 3623 467 3672 etiam
487 3620 617 3672 uocabulis
636 3623 707 3688 opud
725 3623 811 3684 deuon,
831 3637 897 3687 quae
910 3623 1059 3673 omittuntur
1071 3621 1095 3670 in
1109 3620 1166 3672 Van.

150 3705 188 3756 W.
210 3705 290 3758 Mauo.
311 3707 362 3758 Bab
383 3716 408 3758 et
427 3708 447 3758 A
468 3716 494 3758 et
512 3709 537 3758 io
556 3723 649 3760 nouem
668 3707 787 3775 Angiieiu,
806 3707 840 3758 ob
859 3707 999 3774 sequeutia,
1019 3706 1109 3774 quibus
1128 3723 1167 3763 res

149 3795 210 3844 satis
227 3792 400 3859 significanter
415 3811 536 3862 expressa
553 3803 600 3857 est,
621 3794 754 3846 cootmode
768 3809 856 3846 carone
870 3809 1010 3860 possumus.
1047 3795 1076 3854 7)
1094 3797 1167 3848 ittouu

150 3878 199 3942 Md,
218 3881 259 3948 fili
278 3878 322 3944 Ba,
343 3884 380 3934 tta·
398 3882 428 3932 A.
468 3881 548 3932 Recto
568 3881 640 3932 abest
657 3885 699 3933 itii
716 3889 773 3946 post
793 3879 898 3931 aiterum
918 3883 978 3932 totis
996 3895 1009 3930 a
1027 3879 1064 3930 W.
1085 3878 1166 3934 Anto.

151 3963 184 4018 u·
205 3975 230 4017 ct
243 3966 275 4032 A,
295 3975 323 4018 ut
335 3966 369 4018 ab
383 3967 442 4020 cdd.
455 3976 528 4032 vett,
549 3970 607 4019 item
622 3967 653 4018 ab
667 3965 764 4018 Erasm.
780 3965 869 4018 Manut.
886 3963 977 4016 Pamel.
994 3974 1070 4036 atquo
1084 3963 1165 4020 Oxou.
