2858 4688
735 405 801 470 220

259 567 424 646 tenuium„
436 573 467 632 et
488 563 652 630 recedente
674 563 745 628 inde
763 564 873 628 lumine
889 562 1021 626 veritatis
1037 561 1158 626 carnale
1172 568 1278 643 peetus

260 679 318 742 alta
342 685 371 742 et
394 677 544 761 protunda
566 677 709 742 arandae
732 677 830 760 ealipo
853 677 994 740 ooeoavit.
1040 675 1186 739 Pecuniae
1209 681 1277 738 tuae

260 793 394 875 erptivua
416 799 446 855 et
468 807 576 854 servue
599 807 651 867 es,
679 789 793 852 eatenis
817 787 986 870 cupiditatis
1009 794 1039 849 et
1062 786 1186 850 vineolis
1210 785 1277 848 alli-

259 909 346 989 gatus
370 923 415 984 ee,
438 912 468 967 et
490 921 579 984 quem
602 903 659 966 iam
683 898 853 978 solverat⁵)
869 900 1015 978 Christus,
1038 898 1138 962 denuo
1162 899 1278 962 vinetus

261 1035 303 1082 ee.
356 1017 467 1082 Sorvae
483 1010 512 1092 6)
544 1015 719 1097 pecuniam,
753 1031 833 1095 quoe
865 1020 893 1075 te
925 1019 1042 1076 servata
1073 1031 1134 1076 non
1167 1020 1278 1100 seruet

261 1132 467 1196 Patrimonium
484 1130 626 1207 cumulos,
651 1127 731 1210 quod
755 1122 823 1205 tol)
847 1127 982 1210 pondere
1004 1144 1060 1193 suo
1083 1132 1198 1204 onerat,
1222 1145 1279 1188 neo

261 1245 426 1308 meministi
442 1242 510 1324 quid
535 1242 609 1306 deos
632 1241 821 1324 respondent
846 1241 928 1304 diviti
957 1241 1182 1304 exuberantium
1211 1239 1279 1302 tru-

260 1357 490 1437 otuumoopiem
505 1356 593 1420 stulto
615 1355 814 1418 exsultatione
835 1355 961 1418 iactanti.
999 1352 1109 1430 Stulte,
1133 1353 1228 1434 inquit
1238 1347 1279 1430 ⁸),

142 1515 144 1520 -
259 1471 318 1534 duo
333 1465 360 1547 ⁹)
392 1476 483 1532 noete
513 1469 731 1548 expostulator
762 1469 868 1528 animo
898 1474 961 1528 tao.
1008 1466 1095 1542 Quae
1121 1485 1196 1546 erpo
1216 1485 1279 1547 po·

261 1583 341 1646 reati
359 1577 396 1656 ¹⁰)
421 1583 471 1644 oui
495 1581 611 1642 erunt?
656 1579 733 1654 Quid
758 1578 866 1644 divitiis
889 1579 946 1642 tuis
970 1579 1053 1642 solos
1077 1579 1201 1641 inoubos
1217 1577 1280 1656 ’Ἦ

261 1694 338 1770 Quid
368 1695 398 1756 in
428 1712 552 1777 poenam
583 1699 661 1757 tuom
694 1695 862 1776 patrimonii
878 1692 919 1771 ¹²)
950 1693 1067 1776 pondus
1097 1711 1278 1776 exaggeres,

262 1814 293 1868 ut
324 1823 385 1888 quo
415 1805 594 1888 locupietior
624 1805 745 1868 aoeoolo
777 1797 899 1882 tueris,'
921 1805 1084 1887 pauperior
1112 1805 1170 1870 deo
1200 1807 1279 1870 fios?

260 1917 437 1996 Reditos¹³)
459 1925 526 1982 tuos
550 1917 649 1982 divide
673 1937 739 1981 oum
764 1918 885 1982 domino
908 1918 966 1980 deo
990 1925 1051 1998 tuo,
1075 1919 1187 1982 fruetus
1212 1917 1280 1983 titos

260 2144 321 2196 Tum
341 2148 458 2200 eoeeaoit
479 2143 544 2213 male
563 2141 695 2206 Balaneion,
721 2141 861 2208 ltouthioa,
887 2141 1056 2196 Goldhornioa
1081 2159 1127 2212 pro
1152 2148 1280 2198 eaeewit-

259 2231 296 2283 lta
322 2233 388 2283 enim
414 2233 504 2300 optimi
530 2230 587 2282 libri
613 2231 701 2298 scripti
728 2238 754 2281 et
780 2230 858 2297 editi,
888 2230 932 2281 alii
960 2235 1067 2286 oeeova‘t.
1106 2231 1280 2286 videditur.

260 2316 427 2386 Orthogroplu.
448 2317 500 2370 let.
520 2334 545 2369 u.
567 2335 672 2372 eoeooo.
710 2317 737 2380 5)
759 2321 873 2372 eotoeret
892 2303 932 2368 As
959 2317 1024 2368 Dein
1046 2322 1151 2373 viaeatur
1171 2329 1196 2373 et
1214 2336 1281 2374 rer-

259 2423 327 2460 eane
340 2404 385 2456 Bb.
421 2405 451 2472 6)
469 2408 505 2460 Et
521 2423 618 2460 rerooe
631 2404 675 2456 Ba.
712 2403 801 2468 Statim
821 2405 887 2456 idem
906 2404 971 2456 liber
988 2425 1003 2458 o
1018 2415 1048 2459 te.
1086 2407 1114 2469 7)
1133 2414 1220 2459 teoni.
1235 2401 1281 2455 Bb.

260 2491 327 2542 Ante
352 2502 443 2545 onerat
467 2507 499 2542 ex
519 2491 563 2542 lla.
582 2492 647 2555 (uon
667 2505 700 2542 er
718 2491 831 2543 editione
849 2491 949 2554 Grovii,
976 2500 1004 2543 ot
1022 2491 1140 2544 Baluaiua
1159 2494 1209 2558 rit)
1228 2489 1281 2542 ea-

261 2578 350 2629 meliua
370 2579 475 2629 inaeroit
493 2581 606 2648 pravius
625 2593 735 2645 eumque
754 2580 835 2630 aeauti
854 2589 912 2630 eunt
930 2579 1054 2647 Rigaltiue
1072 2587 1098 2630 et
1112 2577 1278 2630 Oxonieueer.

260 2663 311 2714 Sed
331 2663 491 2731 refragantur
508 2663 583 2714 eodd.
603 2665 653 2714 mei
673 2678 771 2729 omnes,
792 2682 880 2718 omnen
899 2683 913 2718 a
933 2665 1036 2718 Balozio
1056 2669 1156 2718 exouaai
1174 2674 1201 2717 et
1220 2675 1280 2716 oete

261 2748 368 2817 Anglioi.
406 2749 433 2802 lo
454 2765 527 2818 aeqq.
548 2755 623 2820 eopia
640 2755 723 2806 atutto
742 2771 772 2806 eo
791 2758 955 2809 enodatione
979 2757 1090 2808 iactanti
1113 2752 1190 2805 babet
1208 2753 1280 2816 Ver„

261 2841 286 2889 in
304 2837 345 2888 dtb
364 2854 402 2906 pr.
423 2836 558 2905 legebatur
575 2839 684 2892 rtoltam
702 2842 899 2893 eeotmtooem.
936 2841 965 2907 8)
984 2838 1043 2891 Lue.
1057 2839 1100 2903 12,
1119 2838 1161 2891 20.
1199 2838 1228 2901 9)
1245 2857 1280 2892 ao

261 2923 306 2978 Bb.
352 2925 418 2977 Deio
446 2927 534 2978 onim
559 2935 605 2978 toa
632 2929 822 2995 empoatulotur
851 2926 941 2979 ordine
974 2928 1076 2978 inverso
1104 2925 1153 2977 ttd.
1199 2924 1279 2978 Orniai

260 3021 331 3080 ote,
359 3012 427 3081 quod
451 3011 529 3080 vulgo
553 3011 668 3076 additur,
696 3013 974 3078 praeeuntibuelihria
993 3013 1052 3066 Ver.
1073 3013 1113 3064 tt.
1138 3012 1227 3066 llabod
1251 3022 1281 3065 et

260 3099 320 3152 Bab.
357 3099 521 3152 Conuenient
538 3099 692 3151 testimonia
712 3099 754 3150 lli.
774 3100 815 3151 61.
841 3117 866 3166 p.
886 3099 945 3152 323.
984 3099 1022 3153 Gi.
1043 3101 1076 3151 de
1098 3100 1192 3152 domin.
1211 3108 1278 3151 orat.

260 3202 316 3252 oap.
335 3185 399 3236 xtv.
420 3201 441 3236 o.
462 3184 480 3236 i·
527 3186 573 3253 10)
597 3184 633 3236 lta
656 3186 730 3236 codd.
751 3186 808 3238 Ver.
829 3195 855 3238 et
874 3189 923 3238 mei
942 3187 974 3239 ed
991 3203 1067 3239 unum
1085 3201 1174 3238 omaea
1193 3203 1216 3237 e.
1235 3187 1280 3238 ed.

260 3271 357 3334 Oxon.‚
385 3273 419 3323 ita
438 3280 464 3324 et
482 3272 584 3324 Teetim.
605 3272 621 3323 Ι.
642 3289 665 3323 c.
703 3272 785 3341 Vulgo
803 3277 980 3343 praeparanti.
1017 3273 1065 3326 Pro
1085 3277 1165 3328 oaior
1187 3275 1278 3340 aeripei

259 3361 304 3412 eoi
329 3358 389 3424 (τίνι
408 3366 447 3410 eat
466 3360 490 3411 in
509 3358 620 3426 Graeco)
644 3344 666 3409 o.
686 3358 742 3409 eod.
764 3358 822 3411 Ver.
841 3368 867 3411 et
885 3361 945 3412 edd.
967 3367 1028 3413 vett.
1054 3359 1279 3430 (praeternam),

259 3443 355 3496 lineam.
376 3454 452 3515 atque
471 3444 533 3496 lior.
571 3449 622 3500 Oui
640 3445 744 3498 exhibet
761 3461 863 3515 quoque
881 3447 938 3498 cod.
953 3446 988 3500 lla
1008 3465 1023 3500 e
1042 3462 1108 3499 eorr.
1130 3450 1154 3500 in
1175 3447 1278 3500 Teatim.

254 3535 287 3582 'et
304 3533 344 3584 vir
363 3533 430 3585 doot.
450 3533 475 3584 in
495 3531 606 3599 Gotting.
626 3532 719 3584 Manui.
741 3534 780 3584 ed.
801 3533 945 3602 exemplari.
983 3535 1030 3602 ll)
1052 3539 1192 3589 indumine
1212 3535 1278 3586 Mad.

260 3617 299 3671 De
317 3635 368 3687 qua
387 3621 572 3686 permutatione
590 3620 641 3671 rid.
663 3620 694 3672 ed
713 3636 768 3689 cop.
789 3619 851 3673 lllll.
872 3629 925 3673 not.
946 3622 969 3674 1.
1005 3620 1093 3673 Statim
1114 3620 1168 3674 ut:
1187 3632 1216 3676 ot
1234 3625 1281 3691 qui
1303 3631 1311 3642 “

258 3709 346 3773 suerio
373 3709 527 3776 locupletior
552 3711 645 3763 recolo
671 3713 760 3778 samir
788 3709 946 3761 intermediie
974 3710 1083 3762 eminio.
1129 3708 1175 3776 12)
1204 3707 1278 3770 Quod

260 3791 328 3860 vulg.
355 3793 454 3844 additur
479 3797 518 3848 toi
543 3793 617 3846 codd.
638 3794 699 3847 Ver.
719 3795 758 3847 W.
778 3794 843 3847 diod.
865 3795 907 3848 Be.
927 3795 949 3848 Α
973 3805 1000 3848 et
1025 3795 1155 3863 exemplar
1181 3793 1279 3847 llorell.

259 3887 334 3957 reete
349 3881 475 3932 omittunt.
513 3880 577 3932 Dein
595 3887 711 3952 ut¹puod
728 3898 765 3951 pr.
785 3876 834 3948 tto,
857 3887 965 3938 raeeolo
984 3883 1046 3935 delit
1063 3884 1088 3934 io
1106 3884 1138 3933 Α.
1177 3881 1223 3943 13)
1241 3879 1280 3932 lta

260 3963 299 4016 W.
320 3965 400 4017 Melae.
420 3965 483 4032 mo,
503 3969 562 4020 item
581 3967 679 4020 Errant.
699 3968 774 4022 Grau.
795 3969 887 4022 Manat.
908 3968 975 4021 Pam.
995 3967 1074 4021 Oxou.
1092 3966 1193 4032 Goion,
1212 3971 1280 4021 red-
