2904 4692
228 515 308 576 quoe
330 507 405 562 sunt
425 505 592 584 adulterio,
615 507 856 598 fornicationes,
879 519 1095 606 inmunditiae,
1120 537 1246 610 spurci

226 611 300 688 tiae,
323 613 536 694 idololatriae,
560 621 719 702 ueneficio,
744 609 960 708 homicidia,
949 635 1144 734 inimicitiae,
1167 663 1245 706 con-

226 726 389 804 tentiones,
411 731 645 814 aemulationes,
670 738 896 820 animositates,
915 729 1172 832 prouocationes,
1196 756 1243 818 si·

224 838 385 918 multatos,
417 843 649 926 dissensiones,
678 851 840 931 naereses,
871 855 1032 939 incidiae,
1065 862 1241 962 ebrietates,

224 955 465 1020 comessationes
488 965 518 1020 et
538 960 588 1022 nis
610 963 745 1043 similia,
776 985 856 1047 quoe
876 974 1027 1089 praedico
1049 977 1140 1041 nobis
1161 982 1244 1045 siem

218 1067 381 1148 praedici,
404 1073 552 1152 quoniam
576 1079 629 1156 qui
649 1080 728 1142 talia
748 1078 844 1164 apunt
862 1073 989 1166 repnum
1009 1090 1060 1152 dei
1078 1110 1142 1154 non
1159 1111 1240 1172 pos-

219 1176 373 1243 sidebunt.
412 1183 543 1249 Fructus
561 1196 661 1252 autem
676 1193 808 1272 spiritns
824 1205 872 1259 est
885 1201 1004 1264 cardos
1018 1197 1056 1279 ⁷),
1078 1207 1238 1287 caudium,

216 1309 303 1370 pau,
328 1298 586 1377 mapnanimitos,
611 1302 753 1383 bonitas,
784 1310 878 1390 fides,
910 1317 1129 1394 mansuetudo,
1158 1339 1237 1382 con-

218 1405 368 1486 tinentia,
398 1412 536 1478 castitas.
581 1415 618 1478 Et
640 1417 752 1484 idcirco
776 1424 946 1504 cotidianis,
978 1427 1065 1492 immo
1088 1432 1237 1496 continuis

217 1521 400 1592 orationibus
416 1519 445 1604 ⁸)
470 1526 527 1590 hoc
549 1548 708 1610 precamur
731 1540 760 1597 et
783 1535 812 1598 in
835 1538 922 1602 caelo
952 1547 981 1603 et
1010 1543 1038 1604 in
1067 1548 1146 1607 terre
1175 1562 1236 1607 vo-

287 1660 422 1674 ---—-...--.

214 1730 343 1800 exscripti,
364 1748 378 1784 o
397 1728 487 1800 quibus
505 1738 588 1784 tamen
607 1729 747 1784 Gravieoos
768 1751 847 1803 opera
865 1737 889 1786 in
908 1751 957 1804 mg.
977 1736 1061 1790 hebet,
1097 1738 1235 1806 Reponitur

213 1823 284 1886 rocta
303 1820 376 1870 etiem
397 1835 438 1886 op.
459 1819 575 1871 Nostrum
596 1819 626 1869 ad
646 1815 740 1880 Ouinio.
761 1818 776 1870 Ι.
797 1837 820 1871 c.
858 1820 908 1874 Sed
928 1823 989 1874 nihii
1009 1826 1172 1888 mutandum
1193 1827 1233 1877 ri·

214 1906 288 1958 detur
312 1908 378 1958 enim
398 1906 540 1973 Cyprianus
562 1907 706 1974 respexisse
732 1905 764 1956 nd
783 1909 978 1981 Tertullianum
1001 1910 1032 1961 de
1052 1910 1156 1964 Pudicit.
1176 1927 1231 1979 esp.

210 1992 286 2045 XVll.
307 2010 330 2061 p.
346 1993 405 2058 teo,
424 1993 467 2046 obi
482 2002 563 2046 exstat
577 2011 662 2064 opera.
702 1991 761 2044 Post
780 2012 844 2062 qaae
863 2005 926 2050 sunt
945 2005 1052 2065 utroque
1072 1996 1131 2049 loeo
1149 1999 1233 2049 inter-

197 2082 350 2148 rogationis
377 2082 476 2149 signum
504 2082 607 2147 ponitur
630 2083 654 2133 in
679 2079 722 2132 lia.
763 2079 823 2134 Vae.
851 2085 980 2140 adulteria
1004 2100 1054 2136 om.
1081 2084 1127 2136 ilo.
1170 2083 1231 2136 luni

209 2171 333 2224 idolatrie
352 2169 414 2235 (sic)
433 2167 594 2234 scribituryio
609 2166 643 2220 Bc
662 2177 688 2220 et
702 2169 783 2234 stede,
803 2172 942 2224 idolatriae
961 2173 985 2222 in
1001 2171 1032 2222 W
1045 2180 1071 2222 et
1084 2172 1128 2236 sa,
1146 2189 1229 2226 nene-

208 2275 287 2343 ficiae
305 2274 330 2324 in
350 2272 398 2337 Me,
418 2247 622 2341 emateniptionen
640 2277 668 2337 (n
688 2290 701 2324 e
721 2289 741 2325 r.
761 2289 793 2324 tu.
814 2289 889 2341 supro
908 2275 1037 2340 correcto)
1057 2277 1082 2326 in
1102 2275 1158 2339 Me,
1178 2274 1230 2326 elio

210 2358 297 2410 ordine
316 2360 515 2421 aemulationes,
535 2361 713 2414 scelerationes
732 2358 791 2409 slent
810 2356 845 2410 Bc
864 2367 890 2410 et
907 2359 974 2425 Med,
994 2359 1184 2417 animositati)
1203 2367 1229 2413 et

209 2445 250 2510 W,
269 2449 453 2500 simulationes
471 2443 507 2496 Bc
526 2452 553 2495 et
571 2444 638 2508 neu,
657 2449 778 2501 nammis
797 2445 825 2498 G.
846 2447 877 2497 W
897 2455 924 2499 et
943 2445 986 2500 Ba.
1023 2447 1089 2500 Dein
1109 2448 1148 2500 ed.
1166 2447 1228 2500 Dav.

190 2533 286 2586 ‘babet
304 2535 416 2600 inuidia,
435 2536 555 2588 sirium.
586 2531 625 2586 ttx
644 2536 758 2588 ebrietas
778 2549 795 2584 r.
811 2551 843 2588 tn.
862 2538 887 2586 in
901 2535 941 2587 ile
954 2538 1065 2587 correxit
1083 2538 1230 2599 ebrietates,

210 2625 280 2674 euius
298 2621 356 2673 loco
375 2623 400 2672 in
414 2620 449 2672 Bo
468 2629 506 2674 ont
525 2625 687 2676 neirietatee.
722 2620 769 2673 l’ro
788 2627 993 2678 comessationes
1007 2622 1066 2674 edd.
1079 2621 1123 2674 SP.
1139 2620 1229 2673 venet.

209 2718 236 2760 et
254 2710 335 2761 dono.
362 2707 482 2760 exhibent
506 2713 706 2764 commotiones.
742 2709 777 2761 lta
798 2709 842 2778 (ab
863 2727 894 2762 m.
913 2713 965 2779 pn.)
985 2701 1061 2762 etiam
1081 2708 1121 2765 Mb
1147 2715 1173 2760 et
1188 2704 1228 2758 nd

209 2795 305 2859 Quiris.
326 2795 342 2848 l.
362 2812 384 2847 e.
404 2794 451 2859 W,
478 2795 720 2861 constantianae,
750 2802 966 2852 commesationes
986 2797 1024 2848 Ma
1049 2814 1070 2848 c.
1094 2795 1134 2850 ed.
1156 2795 1230 2859 Dee,

150 2882 159 2890 “
210 2886 444 2939 commessationes
458 2880 527 2934 Bnbc
543 2879 657 2946 otnant,
677 2887 913 2936 eotnmmtentiones
927 2883 973 2936 Me.
1006 2881 1080 2934 Cooi.
1094 2881 1229 2934 adlibrunn

210 2973 243 3024 de
262 2971 319 3024 eolo
340 2979 365 3022 et
384 2969 464 3024 livore
484 2983 539 3035 cap.
560 2967 630 3018 vm.-
646 2974 698 3019 not.
720 2966 758 3017 tt.
796 2968 879 3019 Verba
904 2971 1031 3036 proxime:
1059 2985 1124 3038 quae
1147 2985 1228 3035 prae-

210 3063 269 3115 dico
289 3061 374 3121 uotis,
393 3059 466 3110 sient
483 3057 618 3122 praedici,
639 3053 729 3106 desunt
742 3055 766 3106 in
781 3054 839 3106 Ver.
854 3054 878 3106 3.
893 3063 919 3106 et
932 3055 977 3119 Bb,
997 3049 1088 3108 eadem
1106 3070 1154 3106 unu
1173 3069 1229 3105 cum

211 3150 334 3218 quostiam
353 3145 499 3195 omittuntur
517 3143 542 3194 io
563 3140 591 3202 C:
611 3141 650 3192 W.
672 3141 760 3193 Mebed
781 3151 806 3192 et
825 3140 893 3206 Bec;
918 3145 941 3194 in
961 3141 1001 3194 Mo
1020 3151 1109 3195 nutem·
1126 3159 1138 3193 e
1158 3155 1190 3194 ru.
1209 3157 1229 3193 r.

211 3235 242 3285 nd
263 3249 312 3300 rog.
333 3239 390 3285 eunt
407 3231 542 3299 adscripta.
579 3229 635 3298 ligo
655 3231 762 3296 retinui,
790 3233 846 3300 quie
872 3231 990 3300 leguntur
1013 3247 1054 3298 ap.
1073 3231 1229 3284 Ten-tullian.

211 3321 243 3371 de
269 3319 375 3371 Pudicit.
399 3318 416 3369 l.
441 3333 465 3368 c.
501 3316 601 3370 Deinde
626 3323 803 3390 possidebunt
828 3317 865 3383 C,
894 3327 1071 3388 consequntur
1095 3317 1158 3383 (sio)
1183 3314 1228 3367 Bb.

211 3407 242 3470 7)
266 3417 289 3460 et
313 3408 429 3472 spiritus
454 3415 494 3459 ott
519 3408 619 3474 caritas
638 3403 679 3456 W.
716 3405 795 3458 Abest
817 3410 918 3461 caritas
938 3423 951 3456 a
972 3394 1038 3469 Bb,¹
1054 3421 1134 3475 apnpe
1153 3401 1231 3453 bubni

213 3491 320 3558 Manat,
340 3494 399 3544 item
419 3508 458 3560 sp.
477 3491 596 3544 Nostram
615 3493 647 3544 ad
666 3491 763 3555 Quirin.
782 3492 798 3543 l.
819 3511 841 3544 c.
862 3492 911 3558 Be,
931 3509 1028 3563 apapes
1047 3491 1102 3554 Me;
1122 3487 1228 3566 apapst,

162 3605 164 3610 ·
211 3584 347 3650 nandium,
365 3599 433 3650 pau,
452 3576 666 3651 magnanimitas,
685 3584 818 3648 suauitas,
839 3579 1078 3651 semipotentia,
1100 3583 1157 3643 poet
1174 3592 1231 3644 pan

212 3665 320 3719 Gravius
346 3667 443 3720 eddidit
464 3671 599 3737 patientia.
637 3666 685 3718 Pro
707 3672 911 3740 mapsaauiusitas
931 3665 968 3718 lib
993 3665 1081 3718 scribit
1105 3653 1229 3735 inopini-

192 3743 300 3810 ⁵mitae
339 3753 403 3807 Deio
429 3759 552 3810 suauitas
577 3756 728 3821 interposuit
747 3754 859 3806 Grauius.
896 3751 971 3819 Quod
992 3745 1105 3822 sequitur
1128 3756 1231 3808 ionitae

213 3856 263 3893 ons.
283 3840 320 3892 lli
336 3839 512 3910 editionenqoe
532 3849 593 3892 vett.
615 3856 636 3892 e.
655 3838 753 3892 Eresos.
798 3841 825 3903 8)
852 3839 900 3892 Pro
924 3843 1089 3894 orationihus
1108 3837 1145 3891 Bb
1163 3857 1230 3908 pro·

212 3932 298 3984 eiius.
336 3926 398 3980 Tum
419 3945 576 3996 nascamur
594 3937 618 3981 et
634 3931 748 3997 petimus
769 3925 817 3978 tto.
855 3926 903 3979 Pro
922 3941 974 3997 seq.
994 3936 1032 3990 et,
1051 3926 1119 3997 quod
1139 3927 1163 3980 in
1182 3941 1230 3976 eo·
