2880 4696
739 416 804 486 146

266 573 342 640 iecit
364 580 414 638 aut
436 574 594 638 herbarum
616 574 697 640 sucis
721 581 752 638 et
767 573 928 660 conchyliis
944 575 1083 660 tinguere
1099 583 1130 639 et
1145 577 1283 644 colorare

266 687 349 752 lanas
373 686 483 768 docuit,
507 705 564 749 nec
586 686 731 750 distinctis
755 705 828 752 aruo
850 687 956 770 lapillis
975 695 1004 752 et
1019 674 1186 773 margffritis
1202 709 1281 756 con-

187 846 191 853 ,
265 809 349 866 texta
372 804 452 866 serie
476 808 505 866 et
527 821 688 868 numerosa
711 823 848 890 conpage
871 804 995 890 digestis
1014 807 1134 872 monilia
1150 809 1283 890 instituit,

266 921 372 1002 quibus
395 919 561 999 cervicem,
594 938 681 1002 quam
707 918 793 999 iecit,
831 920 1046 1001 absconderet,
1079 932 1111 987 ut
1133 925 1285 1006 operiatur

239 1034 337 1100 sillud
367 1034 448 1116 quod
478 1034 553 1096 deus
581 1035 612 1096 in
644 1034 764 1098 homine
795 1033 933 1098 formavit
963 1043 994 1100 et
1023 1039 1223 1119 conspiciatur
1253 1038 1283 1102 id

266 1150 397 1232 desuper
420 1146 500 1231 quod
523 1147 658 1212 diabolus
681 1149 800 1212 invenit.
839 1149 889 1214 An
904 1151 1027 1216 vulnera
1043 1151 1148 1216 inferri
1163 1153 1282 1216 auribus

265 1263 339 1326 deus
362 1264 465 1343 voluit,
489 1264 594 1346 quibus
617 1265 763 1328 innocens
786 1263 920 1342 adbuo²)
944 1265 1066 1330 infantia
1082 1273 1111 1329 et
1125 1267 1193 1330 mali
1209 1284 1282 1330 sae-

241 1379 371 1441 ,cuiaris
394 1379 499 1462 ignara
522 1379 686 1458 crucietur,
717 1385 749 1444 ut
770 1387 876 1460 postea
899 1379 937 1443 de
960 1382 1075 1446 aurium
1097 1381 1282 1446 cicatricibus

265 1501 295 1556 et
316 1495 453 1557 cavernis
475 1494 608 1576 pretiosa
631 1512 726 1578 gram
749 1493 954 1576 dependeant,
984 1496 1107 1578 gravia,
1140 1495 1198 1558 etsi
1220 1513 1282 1558 non

226 1622 252 1666 ro
264 1607 410 1690 pondere,
432 1607 574 1670 mercium
597 1607 784 1688 quantitate?
827 1608 910 1681 Quae
933 1609 1030 1670 omnia
1053 1615 1228 1691 peccatores
1252 1614 1283 1670 et

265 1729 417 1805 apostatae
433 1720 461 1801 ³)
492 1722 592 1805 angeli
622 1723 685 1787 suis
714 1722 826 1787 artibus
856 1722 1067 1805 prodiderunt,
1097 1723 1215 1805 quando
1245 1723 1282 1788 ad

273 1861 474 1870 m

264 1925 304 1992 W.
323 1923 399 1974 Mabd
417 1930 444 1974 et
462 1923 482 1976 B
500 1939 546 1992 pro
565 1923 634 1992 vulg.
654 1926 753 1993 tinpcra
771 1903 818 1990 (ita
837 1923 913 1974 etiam
931 1921 971 1973 Mc
989 1931 1014 1974 et
1032 1922 1171 1990 Aidhelm.)
1194 1927 1282 1994 recepi

263 2015 388 2084 tinpnere.
424 2011 481 2064 Vid.
501 2011 614 2080 Wagu.
640 2010 754 2080 orthogr.
772 2009 868 2078 Vergil.
891 2027 915 2077 p.
936 2009 994 2063 478.
1035 2011 1100 2063 Male
1124 2015 1229 2082 cinperc
1251 2011 1281 2064 A.

265 2099 343 2151 Paulo
362 2095 420 2167 post
432 2098 548 2152 Baluzius
568 2117 614 2168 pro
633 2103 734 2171 iapittt‘a
752 2101 777 2150 iu
789 2098 847 2151 Not.
867 2099 932 2151 coni.
953 2103 1060 2170 capitiis
1078 2100 1156 2170 idque
1175 2100 1280 2168 posthac

266 2188 362 2239 invenit
384 2189 410 2240 iu
432 2189 490 2240 cod.
509 2188 640 2242 Beccensi.
677 2187 739 2240 Τιιιιι
758 2190 920 2258 mnrpncitas
939 2203 1073 2255 perperam
1092 2185 1134 2240 Fr.
1154 2185 1236 2239 Emm.
1259 2187 1282 2240 1.

265 2276 323 2328 iiior
347 2281 416 2332 acris
433 2277 491 2329 Ver.
510 2277 544 2328 W
561 2277 589 2346 [e
613 2279 699 2343 corn).
718 2271 760 2329 Fr.
778 2273 860 2327 Emm.
879 2274 903 2328 t.
922 2284 948 2327 et
974 2275 1032 2328 edd.
1051 2292 1098 2344 pr,
1118 2276 1212 2329 Manut.
1232 2292 1282 2327 ce-

265 2373 388 2433 teraeque
406 2366 571 2431 recentiores,
590 2369 677 2421 aeriae
695 2363 752 2416 diad
772 2372 798 2415 et
816 2379 868 2431 pr.,
887 2371 914 2414 ut
932 2363 1048 2429 videtur,
1068 2363 1110 2428 W,
1129 2366 1202 2418 seria
1221 2361 1280 2414 edd.

266 2452 357 2504 Venet.
372 2453 395 2504 i.
414 2453 438 2504 2.
457 2453 550 2518 Kaun,
569 2457 658 2508 aerico
675 2450 731 2506 Bc.
751 2451 808 2504 edd.
828 2451 950 2504 Daveutr.
967 2451 1064 2504 Erasm.
1085 2450 1173 2514 Gran,
1192 2453 1281 2503 serico

266 2542 341 2594 codd.
360 2540 500 2594 Benevent.
518 2541 598 2610 Neap.
617 2541 649 2607 A,
667 2544 766 2596 saneta
785 2541 841 2593 Vct.
863 2540 885 2594 1.
905 2550 931 2593 et
948 2539 996 2605 iic,
1015 2534 1155 2594 atricittb.
1192 2533 1282 2586 Statim

265 2638 290 2682 at
315 2646 473 2683 nonmaroane
497 2647 610 2700 conpapa
635 2633 750 2701 depastis
773 2633 887 2685 munilia
904 2628 945 2681 Fr.
964 2627 1045 2678 Emm.
1066 2626 1088 2676 i.
1124 2623 1180 2675 Nec
1202 2620 1282 2673 multo

266 2725 325 2784 post
351 2721 520 2772 absconderet
544 2717 663 2792 euhibent
690 2717 765 2772 codd.
783 2718 842 2772 Ver.
861 2719 900 2771 W.
919 2714 1017 2768 Mabcd.
1037 2713 1091 2766 Vat.
1111 2725 1215 2774 omues,
1241 2707 1282 2758 Fr.

260 2802 347 2855 ἘιιιιιιΙ
370 2803 408 2871 1.,
433 2805 534 2876 tresque
552 2805 639 2862 Baius.
660 2816 686 2860 et
707 2808 767 2860 editi
786 2817 845 2860 aute
863 2808 954 2859 Manat.
977 2796 1280 2872 (disceptandas).

269 2889 361 2943 Contra
379 2895 556 2950 absconderes
574 2897 675 2964 scripsit
694 2897 778 2949 editor
795 2895 970 2956 donatianae,
996 2903 1104 2959 eumque
1127 2888 1208 2940 secuti
1225 2893 1284 2938 suat

267 2976 361 3031 Pamei.
379 2979 471 3048 Rigalt.
492 2979 556 3036 Feil.
575 2981 660 3036 Belua.
681 2982 772 3036 Goldh.
810 2982 898 3034 Statim
917 2991 941 3034 at
958 2993 1004 3046 pro
1022 2976 1111 3032 aetitia.
1141 2975 1202 3028 Τιιιιι
1216 2978 1286 3044 qnod

269 3071 336 3135 qnod
353 3068 384 3134 A,
404 3068 526 3138 deinceps
544 3075 572 3124 in
590 3075 719 3126 nominem
731 3071 763 3122 W
782 3079 807 3122 et
824 3067 852 3120 B.
888 3067 948 3119 Mox
965 3069 1081 3134 desuper
1097 3066 1125 3116 tat
1143 3062 1202 3114 edd.
1222 3069 1281 3113 aute

269 3153 361 3207 Manat.
375 3171 464 3208 omues
476 3167 502 3210 et
513 3159 669 3212 Moreiiiane.
701 3163 804 3214 invertit
814 3173 860 3224 pro
873 3158 1005 3210 adinvenit
1016 3152 1190 3221 praebuerunt
1207 3148 1284 3201 codd.

269 3245 348 3294 nostri
370 3259 466 3298 omues.
511 3247 540 3316 2)
560 3252 644 3303 cddnc
667 3251 793 3300 innocens
814 3242 855 3295 Fr.
874 3241 955 3294 Eram.
975 3241 998 3292 1.
1035 3237 1120 3290 Verba
1145 3239 1284 3291 cruciatur

271 3357 302 3368 -·
321 3363 353 3371 -
372 3359 406 3368 -
432 3336 605 3404 dependeant,
632 3340 720 3401 utpote
738 3347 778 3401 pr.
796 3332 904 3395 omissa,
927 3328 975 3382 alia
992 3344 1025 3380 m.
1046 3324 1176 3394 supplevit
1194 3324 1220 3374 iu
1239 3321 1282 3376 W.

271 3421 414 3476 Cruciatur
437 3423 550 3474 scribunt
572 3421 613 3474 Ma
638 3428 664 3472 et
682 3419 713 3472 A.
755 3418 784 3472 Iu
806 3436 876 3488 seqq.
895 3418 935 3470 Mc
958 3415 1035 3470 hebet
1058 3417 1181 3484 preciosa
1199 3427 1285 3495 prensa

271 3581 407 3648 dependent
423 3527 527 3650 Amr?
537 3568 654 3649 (panim
673 3577 705 3630 ab
723 3594 744 3630 r.
763 3594 797 3630 m.
815 3593 891 3646 supra
910 3575 1032 3638 adiecto).
1068 3573 1130 3626 ltem
1149 3567 1215 3622 male
1234 3571 1283 3622 da-

269 3671 378 3738 pendeat
391 3667 421 3721 A.
451 3667 518 3719 Ante
536 3669 649 3736 pondere
666 3674 771 3717 auctore
783 3665 842 3717 Ver.
862 3665 934 3715 omisi
952 3681 1012 3727 sna,
1031 3669 1088 3729 post
1106 3673 1168 3712 vero
1187 3666 1282 3722 tameo,

273 3755 340 3824 quod
359 3756 384 3806 iu
403 3754 442 3806 dia
460 3770 479 3806 r.
498 3770 530 3805 ιιι.
549 3755 744 3821 superscripsit,
762 3751 945 3820 praeeuntibus
963 3749 1033 3802 libris
1051 3749 1091 3802 W.
1110 3744 1194 3800 dibod.
1212 3741 1242 3796 B.
1260 3743 1284 3792 A

273 3850 299 3894 et
316 3841 357 3895 Fr.
376 3841 455 3894 Emm.
477 3839 508 3906 1,
527 3841 587 3892 item
607 3840 646 3892 cd.
666 3840 759 3894 Manui.
791 3838 918 3906 Deinceps
936 3841 1066 3894 dantium
1083 3835 1114 3888 A.
1149 3832 1179 3901 3)
1196 3850 1213 3884 tt
1228 3846 1282 3898 pc-

273 3939 364 3984 testate
382 3928 429 3981 ute.
448 3929 478 3979 A.
516 3927 579 3980 tum
597 3932 644 3983 ano·
662 3931 748 3999 capeti
764 3930 827 3983 cuia
844 3930 948 3982 cotibus
966 3925 996 3980 A.
1026 3926 1055 3978 lu
1072 3940 1143 3994 seqq·
1162 3921 1285 3976 devoluta

273 4015 343 4078 idem
365 4015 438 4072 iiber.
473 4015 564 4072 Statim
589 4020 620 4087 ate
644 4019 752 4075 ananan
774 4019 866 4088 cincre
882 4013 915 4068 W
933 4023 960 4068 ct
977 4021 1114 4072 canescunt
1130 4009 1190 4061 Ver·
1223 4005 1284 4060 Fir·
