2868 4700
700 435 778 499 xun

324 605 478 672 stomacho
507 603 710 670 satislacerc.“
757 605 801 670 ct.
831 605 964 671 eiusdem
994 595 1109 691 epistol.
1133 609 1170 675 ad
1191 612 1248 676 lac.

227 779 231 786 .
322 731 480 794 Pamelium
503 732 536 794 Τ.
559 749 584 794 c.
607 750 635 813 p.
660 725 731 794 182.

240 850 289 917 10.
323 851 376 915 Ed.
400 852 542 917 Gnilielm.
565 853 688 916 Marelii.
732 854 823 918 Paris.
850 853 941 920 1564.
966 854 1016 920 lul.

241 973 290 1038 ll.
323 974 378 1039 Ed.
400 975 574 1039 Pameliana.
626 977 770 1060 Autverp.
798 974 882 1042 1568
913 986 943 1041 et
968 979 1058 1043 Paris.
1085 977 1176 1046 1593.
1200 979 1250 1045 iol.

325 1098 402 1161 Usus
425 1103 471 1161 est
492 1099 636 1162 Pamelius
659 1101 792 1183 pluribus
823 1102 974 1166 codicibus
996 1103 1126 1188 Belgicis
1156 1107 1252 1188 iisque

326 1220 483 1286 deterioris
515 1231 621 1303 notae,
656 1225 763 1306 quibus
795 1227 880 1288 nimis
914 1227 1042 1290 conlisus
1075 1227 1252 1310 cyprianum

327 1363 388 1410 non
411 1346 505 1428 magis
529 1345 706 1424 emendavit,
731 1365 816 1428 quam
840 1345 1020 1430 depravavit.
1058 1348 1124 1422 Quo
1145 1350 1252 1412 lactum

326 1476 381 1549 est,
403 1475 435 1532 ut
458 1469 680 1551 corruptionum
704 1476 734 1532 et
755 1470 1032 1552 interpolaticnum,
1055 1472 1160 1554 quibus
1183 1479 1253 1536 tex-

326 1599 385 1655 tum
408 1592 588 1673 inquinavit,
615 1593 662 1656 vel
685 1593 829 1656 maximus
851 1612 993 1658 numerus
1016 1595 1046 1658 in
1068 1596 1253 1678 posteriores

327 1717 526 1798 melioresque
550 1717 697 1780 editiones
715 1718 875 1798 irreperet.

245 1837 292 1906 12.
327 1838 379 1902 Ed.
401 1839 574 1923 Rigaltiana.
618 1841 708 1904 Paris.
736 1837 827 1905 1648.
851 1838 902 1903 iol.

246 1961 293 2027 13.
327 1962 380 2026 Ed.
403 1964 585 2028 Oxoniensis
608 1984 625 2028 e
648 1965 763 2028 theatro
788 1963 997 2029 Sheldoniauo.
1024 1959 1115 2027 1682.
1139 1962 1189 2026 lcl.

245 2083 293 2151 14.
328 2086 382 2150 Ed.
405 2086 546 2170 Stephani
568 2086 688 2150 Baluzii.
732 2086 822 2148 Paris.
851 2082 942 2150 1726.
964 2086 994 2147 in
1017 2083 1067 2148 lul.
1091 2103 1167 2147 max.

245 2209 294 2275 15.
326 2212 379 2276 Ed.
403 2211 623 2275 Goldlromiana
646 2209 695 2293 (in
720 2209 921 2273 Gersdcrl.
944 2208 1117 2272 Bibliothec.
1139 2208 1256 2271 Patrum

330 2334 395 2399 llol.
417 2334 462 2396 lll.
484 2334 514 2395 P.
536 2331 599 2416 ll).
644 2332 721 2413 Lips.
748 2326 840 2393 1839,
865 2327 894 2391 8.

331 2457 384 2520 llis
405 2456 495 2539 igitur
517 2455 634 2518 auxiliis
659 2454 766 2516 criticis
782 2454 940 2514 instructus
956 2453 992 2514 ad
1008 2449 1257 2533 praestantissima

246 2579 386 2664 Cypriani
417 2577 557 2660 opuscula
589 2574 771 2638 emendanda
799 2573 1037 2656 expoliendaque
1060 2590 1107 2633 me
1130 2567 1256 2646 adolani,

245 2703 276 2766 id
298 2700 430 2783 inprimis
453 2706 608 2780 spectans,
635 2704 801 2760 nitentum
824 2695 861 2758 ad
884 2694 971 2757 fidem
994 2692 1258 2756 vetustissimorum

247 2831 335 2907 atquc
358 2823 535 2905 optimorum
558 2820 693 2884 codicum
717 2837 916 2904 expurgatam
947 2823 994 2897 et,
1026 2823 1164 2898 quantum
1194 2815 1259 2878 lieri

247 2956 361 3032 posset,
384 2947 421 3010 ad
443 2948 594 3056 pristinam
617 2945 741 3010 formam
764 2942 947 3007 reducerem.

336 3123 506 3188 Scribebam
529 3122 677 3187 Monachii
699 3123 820 3185 ineunte
843 3134 945 3180 mense
968 3117 1045 3180 Maio
1072 3113 1164 3181 1853.

707 3523 761 3589 JO.
785 3519 971 3588 GEORGIUS
993 3517 1219 3582 KRABINGER.
