<?xml version="1.0" encoding="UTF-8"?>
<!DOCTYPE html PUBLIC "-//W3C//DTD XHTML 1.0 Transitional//EN"
    "http://www.w3.org/TR/xhtml1/DTD/xhtml1-transitional.dtd">
<html xmlns="http://www.w3.org/1999/xhtml" xml:lang="en" lang="en">
 <head>
  <title>
</title>
<meta http-equiv="Content-Type" content="text/html;charset=utf-8" />
  <meta name='ocr-system' content='tesseract 3.04.00' />
  <meta name='ocr-capabilities' content='ocr_page ocr_carea ocr_par ocr_line ocrx_word'/>
</head>
<body>
  <div class='ocr_page' id='page_1' title='image "./libridecatholic00krabgoog_0314.png"; bbox 0 0 2904 4692; ppageno 0'>
   <div class='ocr_carea' id='block_1_1' title="bbox 682 398 727 460">
    <p class='ocr_par' dir='ltr' id='par_1_1' title="bbox 682 398 727 460">
     <span class='ocr_line' id='line_1_1' title="bbox 682 398 727 460; baseline 0 0"><span class='ocrx_word' id='word_1_1' title='bbox 682 398 727 460; x_wconf 80' lang='grc'><strong><em>99</em></strong></span> 
     </span>
    </p>
   </div>
   <div class='ocr_carea' id='block_1_2' title="bbox 653 639 752 710">
    <p class='ocr_par' dir='ltr' id='par_1_2' title="bbox 653 639 752 710">
     <span class='ocr_line' id='line_1_2' title="bbox 653 639 752 710; baseline -0.04 1"><span class='ocrx_word' id='word_1_2' title='bbox 653 639 752 710; x_wconf 77' lang='lat' dir='ltr'><strong><em>mi.</em></strong></span> 
     </span>
    </p>
   </div>
   <div class='ocr_carea' id='block_1_3' title="bbox 193 780 1253 2119">
    <p class='ocr_par' dir='ltr' id='par_1_3' title="bbox 193 780 1253 2119">
     <span class='ocr_line' id='line_1_3' title="bbox 281 780 1214 866; baseline 0.002 -20"><span class='ocrx_word' id='word_1_3' title='bbox 281 783 339 847; x_wconf 89' lang='lat' dir='ltr'><strong><em>Per</em></strong></span> <span class='ocrx_word' id='word_1_4' title='bbox 366 784 506 854; x_wconf 78' lang='lat' dir='ltr'><strong><em>Hostiam</em></strong></span> <span class='ocrx_word' id='word_1_5' title='bbox 523 780 555 866; x_wconf 84' lang='lat'><strong><em>¹)</em></strong></span> <span class='ocrx_word' id='word_1_6' title='bbox 579 798 700 864; x_wconf 83' lang='lat' dir='ltr'><strong><em>qaoque</em></strong></span> <span class='ocrx_word' id='word_1_7' title='bbox 732 782 868 850; x_wconf 81' lang='lat' dir='ltr'><strong><em>dominus</em></strong></span> <span class='ocrx_word' id='word_1_8' title='bbox 899 782 1038 848; x_wconf 84' lang='lat' dir='ltr'><strong><em>admo&#39;nst</em></strong></span> <span class='ocrx_word' id='word_1_9' title='bbox 1068 793 1098 848; x_wconf 85' lang='lat' dir='ltr'><strong><em>et</em></strong></span> <span class='ocrx_word' id='word_1_10' title='bbox 1125 785 1214 848; x_wconf 85' lang='lat' dir='ltr'><strong><em>dccet</em></strong></span> 
     </span>
     <span class='ocr_line' id='line_1_4' title="bbox 194 891 1214 979; baseline 0.002 -19"><span class='ocrx_word' id='word_1_11' title='bbox 194 897 300 960; x_wconf 81' lang='lat' dir='ltr'><strong><em>similis</em></strong></span> <span class='ocrx_word' id='word_1_12' title='bbox 317 903 507 962; x_wconf 76' lang='lat' dir='ltr'><strong><em>contestans:</em></strong></span> <span class='ocrx_word' id='word_1_13' title='bbox 526 895 641 974; x_wconf 80' lang='lat' dir='ltr'><strong><em>Scire,</em></strong></span> <span class='ocrx_word' id='word_1_14' title='bbox 658 891 751 977; x_wconf 78' lang='lat' dir='ltr'><strong><em>inquit</em></strong></span> <span class='ocrx_word' id='word_1_15' title='bbox 763 891 808 979; x_wconf 73' lang='lat'><strong><em>²),</em></strong></span> <span class='ocrx_word' id='word_1_16' title='bbox 825 915 942 960; x_wconf 78' lang='lat' dir='ltr'><strong><em>amnem</em></strong></span> <span class='ocrx_word' id='word_1_17' title='bbox 957 897 1073 960; x_wconf 85' lang='lat' dir='ltr'><strong><em>madum</em></strong></span> <span class='ocrx_word' id='word_1_18' title='bbox 1087 899 1214 962; x_wconf 73' lang='lat' dir='ltr'><strong><em>iniusti-</em></strong></span> 
     </span>
     <span class='ocr_line' id='line_1_5' title="bbox 195 983 1214 1089; baseline 0 -15"><span class='ocrx_word' id='word_1_19' title='bbox 195 1013 275 1087; x_wconf 80' lang='lat' dir='ltr'><strong><em>tiae,</em></strong></span> <span class='ocrx_word' id='word_1_20' title='bbox 307 1011 431 1074; x_wconf 82' lang='lat' dir='ltr'><strong><em>resciae</em></strong></span> <span class='ocrx_word' id='word_1_21' title='bbox 461 1005 685 1089; x_wconf 71' lang='lat' dir='ltr'><strong><em>mffccaticues</em></strong></span> <span class='ocrx_word' id='word_1_22' title='bbox 714 1009 921 1088; x_wconf 77' lang='lat' dir='ltr'><strong><em>impotentium</em></strong></span> <span class='ocrx_word' id='word_1_23' title='bbox 950 983 1214 1074; x_wconf 68' lang='lat' dir='ltr'><strong><em>commerciacum.</em></strong></span> 
     </span>
     <span class='ocr_line' id='line_1_6' title="bbox 193 1118 1215 1204; baseline 0.002 -18"><span class='ocrx_word' id='word_1_24' title='bbox 193 1124 321 1186; x_wconf 83' lang='lat' dir='ltr'><strong><em>Dimitte</em></strong></span> <span class='ocrx_word' id='word_1_25' title='bbox 345 1131 511 1204; x_wconf 79' lang='lat' dir='ltr'><strong><em>quassutcs</em></strong></span> <span class='ocrx_word' id='word_1_26' title='bbox 525 1118 552 1191; x_wconf 82' lang='lat'><strong><em>³)</em></strong></span> <span class='ocrx_word' id='word_1_27' title='bbox 582 1124 617 1185; x_wconf 86' lang='lat' dir='ltr'><strong><em>ire</em></strong></span> <span class='ocrx_word' id='word_1_28' title='bbox 637 1124 775 1203; x_wconf 80' lang='lat' dir='ltr'><strong><em>requiem</em></strong></span> <span class='ocrx_word' id='word_1_29' title='bbox 797 1131 828 1186; x_wconf 89' lang='lat' dir='ltr'><strong><em>et</em></strong></span> <span class='ocrx_word' id='word_1_30' title='bbox 850 1143 968 1186; x_wconf 80' lang='lat' dir='ltr'><strong><em>omrem</em></strong></span> <span class='ocrx_word' id='word_1_31' title='bbox 990 1125 1215 1204; x_wconf 58' lang='lat' dir='ltr'><strong><em>&#39;comissantiu-</em></strong></span> 
     </span>
     <span class='ocr_line' id='line_1_7' title="bbox 195 1235 1213 1316; baseline -0.001 -16"><span class='ocrx_word' id='word_1_32' title='bbox 195 1256 263 1301; x_wconf 85' lang='lat' dir='ltr'><strong><em>mem</em></strong></span> <span class='ocrx_word' id='word_1_33' title='bbox 286 1238 437 1300; x_wconf 77' lang='lat' dir='ltr'><strong><em>iniustam</em></strong></span> <span class='ocrx_word' id='word_1_34' title='bbox 459 1235 589 1315; x_wconf 81' lang='lat' dir='ltr'><strong><em>dissipa.</em></strong></span> <span class='ocrx_word' id='word_1_35' title='bbox 640 1237 764 1316; x_wconf 73' lang='lat' dir='ltr'><strong><em>Frauye</em></strong></span> <span class='ocrx_word' id='word_1_36' title='bbox 795 1237 948 1299; x_wconf 71' lang='lat' dir='ltr'><strong><em>esurienti</em></strong></span> <span class='ocrx_word' id='word_1_37' title='bbox 977 1255 1091 1315; x_wconf 81' lang='lat' dir='ltr'><strong><em>partem</em></strong></span> <span class='ocrx_word' id='word_1_38' title='bbox 1120 1245 1213 1314; x_wconf 83' lang='lat' dir='ltr'><strong><em>tuum,</em></strong></span> 
     </span>
     <span class='ocr_line' id='line_1_8' title="bbox 196 1345 1214 1433; baseline 0 -20"><span class='ocrx_word' id='word_1_39' title='bbox 196 1360 227 1413; x_wconf 86' lang='lat' dir='ltr'><strong><em>et</em></strong></span> <span class='ocrx_word' id='word_1_40' title='bbox 249 1368 363 1431; x_wconf 69' lang='lat' dir='ltr'><strong><em>eaesae</em></strong></span> <span class='ocrx_word' id='word_1_41' title='bbox 385 1350 454 1412; x_wconf 81' lang='lat' dir='ltr'><strong><em>siae</em></strong></span> <span class='ocrx_word' id='word_1_42' title='bbox 477 1355 556 1412; x_wconf 85' lang='lat' dir='ltr'><strong><em>tecta</em></strong></span> <span class='ocrx_word' id='word_1_43' title='bbox 580 1349 675 1412; x_wconf 72' lang='lat' dir='ltr'><strong><em>induc</em></strong></span> <span class='ocrx_word' id='word_1_44' title='bbox 696 1351 731 1411; x_wconf 83' lang='lat' dir='ltr'><strong><em>ire</em></strong></span> <span class='ocrx_word' id='word_1_45' title='bbox 747 1351 870 1413; x_wconf 85' lang='lat' dir='ltr'><strong><em>demum</em></strong></span> <span class='ocrx_word' id='word_1_46' title='bbox 893 1345 1030 1433; x_wconf 69' lang='lat' dir='ltr'><strong><em>tucm‘).</em></strong></span> <span class='ocrx_word' id='word_1_47' title='bbox 1069 1350 1104 1411; x_wconf 86' lang='lat' dir='ltr'><strong><em>Si</em></strong></span> <span class='ocrx_word' id='word_1_48' title='bbox 1126 1351 1214 1413; x_wconf 84' lang='lat' dir='ltr'><strong><em>cide-</em></strong></span> 
     </span>
     <span class='ocr_line' id='line_1_9' title="bbox 195 1462 1214 1548; baseline -0.005 -20"><span class='ocrx_word' id='word_1_49' title='bbox 195 1465 243 1528; x_wconf 90' lang='lat' dir='ltr'><strong><em>ris</em></strong></span> <span class='ocrx_word' id='word_1_50' title='bbox 267 1463 395 1539; x_wconf 83' lang='lat' dir='ltr'><strong><em>mudum,</em></strong></span> <span class='ocrx_word' id='word_1_51' title='bbox 418 1463 508 1538; x_wconf 87' lang='lat' dir='ltr'><strong><em>cesti,</em></strong></span> <span class='ocrx_word' id='word_1_52' title='bbox 530 1471 562 1524; x_wconf 90' lang='lat' dir='ltr'><strong><em>et</em></strong></span> <span class='ocrx_word' id='word_1_53' title='bbox 584 1463 771 1526; x_wconf 84' lang='lat' dir='ltr'><strong><em>domesticos</em></strong></span> <span class='ocrx_word' id='word_1_54' title='bbox 793 1463 924 1524; x_wconf 80' lang='lat' dir='ltr'><strong><em>seminis</em></strong></span> <span class='ocrx_word' id='word_1_55' title='bbox 951 1462 996 1524; x_wconf 91' lang='lat' dir='ltr'><strong><em>tui</em></strong></span> <span class='ocrx_word' id='word_1_56' title='bbox 1019 1481 1083 1524; x_wconf 84' lang='lat' dir='ltr'><strong><em>nare</em></strong></span> <span class='ocrx_word' id='word_1_57' title='bbox 1105 1463 1214 1548; x_wconf 74' lang='lat' dir='ltr'><strong><em>despi-</em></strong></span> 
     </span>
     <span class='ocr_line' id='line_1_10' title="bbox 196 1570 1217 1656; baseline -0.002 -16"><span class='ocrx_word' id='word_1_58' title='bbox 196 1580 261 1641; x_wconf 86' lang='lat' dir='ltr'><strong><em>cies</em></strong></span> <span class='ocrx_word' id='word_1_59' title='bbox 272 1574 310 1653; x_wconf 78' lang='lat'><strong><em>⁶).</em></strong></span> <span class='ocrx_word' id='word_1_60' title='bbox 360 1575 446 1640; x_wconf 80' lang='lat' dir='ltr'><strong><em>Tursc</em></strong></span> <span class='ocrx_word' id='word_1_61' title='bbox 477 1583 614 1656; x_wconf 80' lang='lat' dir='ltr'><strong><em>erumpet</em></strong></span> <span class='ocrx_word' id='word_1_62' title='bbox 644 1570 913 1655; x_wconf 59' lang='lat' dir='ltr'><strong><em>temporaneum)</em></strong></span> <span class='ocrx_word' id='word_1_63' title='bbox 945 1575 1046 1638; x_wconf 82' lang='lat' dir='ltr'><strong><em>tumere</em></strong></span> <span class='ocrx_word' id='word_1_64' title='bbox 1071 1583 1164 1654; x_wconf 86' lang='lat' dir='ltr'><strong><em>tuum,</em></strong></span> <span class='ocrx_word' id='word_1_65' title='bbox 1188 1585 1217 1638; x_wconf 82' lang='lat' dir='ltr'><strong><em>et</em></strong></span> 
     </span>
     <span class='ocr_line' id='line_1_11' title="bbox 195 1685 1214 1765; baseline -0.001 -12"><span class='ocrx_word' id='word_1_66' title='bbox 195 1691 380 1753; x_wconf 80' lang='lat' dir='ltr'><strong><em>uestimenta</em></strong></span> <span class='ocrx_word' id='word_1_67' title='bbox 403 1695 458 1750; x_wconf 88' lang='lat' dir='ltr'><strong><em>tua</em></strong></span> <span class='ocrx_word' id='word_1_68' title='bbox 481 1687 542 1750; x_wconf 85' lang='lat' dir='ltr'><strong><em>cita</em></strong></span> <span class='ocrx_word' id='word_1_69' title='bbox 567 1686 727 1763; x_wconf 82' lang='lat' dir='ltr'><strong><em>oriantur,</em></strong></span> <span class='ocrx_word' id='word_1_70' title='bbox 752 1694 783 1748; x_wconf 87' lang='lat' dir='ltr'><strong><em>at</em></strong></span> <span class='ocrx_word' id='word_1_71' title='bbox 802 1685 943 1765; x_wconf 75' lang='lat' dir='ltr'><strong><em>praeibit</em></strong></span> <span class='ocrx_word' id='word_1_72' title='bbox 967 1696 1038 1750; x_wconf 84' lang='lat' dir='ltr'><strong><em>aute</em></strong></span> <span class='ocrx_word' id='word_1_73' title='bbox 1070 1696 1099 1749; x_wconf 87' lang='lat' dir='ltr'><strong><em>te</em></strong></span> <span class='ocrx_word' id='word_1_74' title='bbox 1121 1690 1214 1752; x_wconf 83' lang='lat' dir='ltr'><strong><em>iusti·</em></strong></span> 
     </span>
     <span class='ocr_line' id='line_1_12' title="bbox 197 1769 1214 1880; baseline 0.005 -20"><span class='ocrx_word' id='word_1_75' title='bbox 197 1801 259 1879; x_wconf 88' lang='lat' dir='ltr'><strong><em>tia,</em></strong></span> <span class='ocrx_word' id='word_1_76' title='bbox 290 1809 319 1862; x_wconf 89' lang='lat' dir='ltr'><strong><em>et</em></strong></span> <span class='ocrx_word' id='word_1_77' title='bbox 350 1799 483 1862; x_wconf 80' lang='lat' dir='ltr'><strong><em>claritas</em></strong></span> <span class='ocrx_word' id='word_1_78' title='bbox 507 1769 570 1861; x_wconf 60' lang='lat' dir='ltr'><strong><em>dei⁸</em></strong></span> <span class='ocrx_word' id='word_1_79' title='bbox 591 1798 797 1861; x_wconf 72' lang='lat' dir='ltr'><strong><em>circumdabit</em></strong></span> <span class='ocrx_word' id='word_1_80' title='bbox 819 1806 855 1861; x_wconf 86' lang='lat' dir='ltr'><strong><em>te.</em></strong></span> <span class='ocrx_word' id='word_1_81' title='bbox 904 1799 988 1862; x_wconf 80' lang='lat' dir='ltr'><strong><em>Tuae</em></strong></span> <span class='ocrx_word' id='word_1_82' title='bbox 1010 1801 1214 1880; x_wconf 74' lang='lat' dir='ltr'><strong><em>acclamabit,</em></strong></span> 
     </span>
     <span class='ocr_line' id='line_1_13' title="bbox 197 1907 1253 1996; baseline 0 -18"><span class='ocrx_word' id='word_1_83' title='bbox 197 1923 227 1978; x_wconf 87' lang='lat' dir='ltr'><strong><em>ei</em></strong></span> <span class='ocrx_word' id='word_1_84' title='bbox 258 1914 335 1976; x_wconf 88' lang='lat' dir='ltr'><strong><em>deus</em></strong></span> <span class='ocrx_word' id='word_1_85' title='bbox 363 1911 511 1976; x_wconf 69' lang='lat' dir='ltr'><strong><em>exaudiet</em></strong></span> <span class='ocrx_word' id='word_1_86' title='bbox 542 1920 569 1975; x_wconf 93' lang='lat' dir='ltr'><strong><em>te</em></strong></span> <span class='ocrx_word' id='word_1_87' title='bbox 589 1907 624 1986; x_wconf 83' lang='lat'><strong><em>⁷).</em></strong></span> <span class='ocrx_word' id='word_1_88' title='bbox 679 1912 761 1975; x_wconf 85' lang='lat' dir='ltr'><strong><em>Dum</em></strong></span> <span class='ocrx_word' id='word_1_89' title='bbox 791 1913 893 1978; x_wconf 87' lang='lat' dir='ltr'><strong><em>adbuc</em></strong></span> <span class='ocrx_word' id='word_1_90' title='bbox 927 1908 1088 1996; x_wconf 81' lang='lat' dir='ltr'><strong><em>loqueris,&#39;</em></strong></span> <span class='ocrx_word' id='word_1_91' title='bbox 1117 1915 1216 1978; x_wconf 82' lang='lat' dir='ltr'><strong><em>dicet:</em></strong></span> <span class='ocrx_word' id='word_1_92' title='bbox 1251 1937 1253 1948; x_wconf 71' lang='lat'><strong>¹</strong></span> 
     </span>
     <span class='ocr_line' id='line_1_14' title="bbox 198 2020 1214 2119; baseline 0 -27"><span class='ocrx_word' id='word_1_93' title='bbox 198 2025 279 2092; x_wconf 77' lang='lat' dir='ltr'><strong><em>Ecce</em></strong></span> <span class='ocrx_word' id='word_1_94' title='bbox 300 2026 419 2090; x_wconf 81' lang='lat' dir='ltr'><strong><em>adsum.</em></strong></span> <span class='ocrx_word' id='word_1_95' title='bbox 458 2024 576 2088; x_wconf 81' lang='lat' dir='ltr'><strong>Adesse</strong></span> <span class='ocrx_word' id='word_1_96' title='bbox 599 2042 634 2088; x_wconf 79' lang='lat' dir='ltr'><strong><em>se</em></strong></span> <span class='ocrx_word' id='word_1_97' title='bbox 658 2026 835 2106; x_wconf 83' lang='lat' dir='ltr'><strong><em>repromittit</em></strong></span> <span class='ocrx_word' id='word_1_98' title='bbox 847 2020 891 2108; x_wconf 82' lang='lat'><strong><em>⁸),</em></strong></span> <span class='ocrx_word' id='word_1_99' title='bbox 915 2034 944 2090; x_wconf 85' lang='lat' dir='ltr'><strong><em>et</em></strong></span> <span class='ocrx_word' id='word_1_100' title='bbox 961 2027 1117 2119; x_wconf 81' lang='lat' dir='ltr'><strong><em>sudircsc</em></strong></span> <span class='ocrx_word' id='word_1_101' title='bbox 1139 2046 1214 2109; x_wconf 84' lang='lat' dir='ltr'><strong><em>pro-</em></strong></span> 
     </span>
    </p>
   </div>
   <div class='ocr_carea' id='block_1_4' title="bbox 197 2258 1217 3192">
    <p class='ocr_par' dir='ltr' id='par_1_4' title="bbox 197 2258 1217 2502">
     <span class='ocr_line' id='line_1_15' title="bbox 197 2258 1215 2328; baseline 0 -17"><span class='ocrx_word' id='word_1_102' title='bbox 197 2259 325 2312; x_wconf 81' lang='lat' dir='ltr'><strong><em>bioreliiue</em></strong></span> <span class='ocrx_word' id='word_1_103' title='bbox 351 2267 377 2310; x_wconf 82' lang='lat' dir='ltr'><strong><em>et</em></strong></span> <span class='ocrx_word' id='word_1_104' title='bbox 398 2258 565 2310; x_wconf 81' lang='lat' dir='ltr'><strong><em>Oxonienser.</em></strong></span> <span class='ocrx_word' id='word_1_105' title='bbox 603 2260 766 2312; x_wconf 78' lang='lat' dir='ltr'><strong><em>Adsistimus</em></strong></span> <span class='ocrx_word' id='word_1_106' title='bbox 792 2273 838 2324; x_wconf 86' lang='lat' dir='ltr'><strong><em>pro</em></strong></span> <span class='ocrx_word' id='word_1_107' title='bbox 865 2261 1025 2313; x_wconf 68' lang='lat' dir='ltr'><strong><em>assistimus</em></strong></span> <span class='ocrx_word' id='word_1_108' title='bbox 1047 2261 1134 2328; x_wconf 82' lang='lat' dir='ltr'><strong><em>scripsi</em></strong></span> <span class='ocrx_word' id='word_1_109' title='bbox 1160 2277 1215 2312; x_wconf 87' lang='lat' dir='ltr'><strong><em>cum</em></strong></span> 
     </span>
     <span class='ocr_line' id='line_1_16' title="bbox 198 2343 1217 2412; baseline 0.002 -14"><span class='ocrx_word' id='word_1_110' title='bbox 198 2345 272 2400; x_wconf 85' lang='lat' dir='ltr'><strong><em>cedd.</em></strong></span> <span class='ocrx_word' id='word_1_111' title='bbox 293 2345 321 2398; x_wconf 84' lang='lat' dir='ltr'><strong><em>G.</em></strong></span> <span class='ocrx_word' id='word_1_112' title='bbox 341 2345 379 2398; x_wconf 88' lang='lat' dir='ltr'><strong><em>W.</em></strong></span> <span class='ocrx_word' id='word_1_113' title='bbox 400 2343 456 2396; x_wconf 72' lang='lat' dir='ltr'><strong><em>nab</em></strong></span> <span class='ocrx_word' id='word_1_114' title='bbox 476 2352 502 2396; x_wconf 78' lang='lat' dir='ltr'><strong><em>et</em></strong></span> <span class='ocrx_word' id='word_1_115' title='bbox 519 2343 570 2410; x_wconf 76' lang='lat' dir='ltr'><strong><em>ns,</em></strong></span> <span class='ocrx_word' id='word_1_116' title='bbox 597 2343 746 2412; x_wconf 86' lang='lat' dir='ltr'><strong><em>quibuscum</em></strong></span> <span class='ocrx_word' id='word_1_117' title='bbox 771 2343 831 2394; x_wconf 79' lang='lat' dir='ltr'><strong><em>iacit</em></strong></span> <span class='ocrx_word' id='word_1_118' title='bbox 855 2343 896 2394; x_wconf 80' lang='lat' dir='ltr'><strong><em>ed.</em></strong></span> <span class='ocrx_word' id='word_1_119' title='bbox 917 2343 1032 2410; x_wconf 71' lang='lat' dir='ltr'><strong><em>Mersit,</em></strong></span> <span class='ocrx_word' id='word_1_120' title='bbox 1058 2349 1217 2401; x_wconf 83' lang='lat' dir='ltr'><strong><em>absistimus</em></strong></span> 
     </span>
     <span class='ocr_line' id='line_1_17' title="bbox 198 2428 1215 2502; baseline 0 -18"><span class='ocrx_word' id='word_1_121' title='bbox 198 2445 307 2502; x_wconf 80' lang='lat' dir='ltr'><strong><em>moxque</em></strong></span> <span class='ocrx_word' id='word_1_122' title='bbox 326 2436 427 2487; x_wconf 81' lang='lat' dir='ltr'><strong><em>damini</em></strong></span> <span class='ocrx_word' id='word_1_123' title='bbox 448 2430 524 2483; x_wconf 85' lang='lat' dir='ltr'><strong><em>hebet</em></strong></span> <span class='ocrx_word' id='word_1_124' title='bbox 544 2430 574 2482; x_wconf 83' lang='grc' dir='ltr'><strong><em>Α.</em></strong></span> <span class='ocrx_word' id='word_1_125' title='bbox 609 2428 648 2482; x_wconf 86' lang='lat' dir='ltr'><strong><em>De</em></strong></span> <span class='ocrx_word' id='word_1_126' title='bbox 667 2429 715 2481; x_wconf 77' lang='lat' dir='ltr'><strong><em>boc</em></strong></span> <span class='ocrx_word' id='word_1_127' title='bbox 734 2429 792 2482; x_wconf 85' lang='lat' dir='ltr'><strong><em>icco</em></strong></span> <span class='ocrx_word' id='word_1_128' title='bbox 811 2430 879 2482; x_wconf 86' lang='lat' dir='ltr'><strong><em>caui.</em></strong></span> <span class='ocrx_word' id='word_1_129' title='bbox 899 2430 931 2481; x_wconf 89' lang='lat' dir='ltr'><strong><em>de</em></strong></span> <span class='ocrx_word' id='word_1_130' title='bbox 950 2430 1069 2483; x_wconf 78' lang='lat' dir='ltr'><strong><em>mortaiit.</em></strong></span> <span class='ocrx_word' id='word_1_131' title='bbox 1088 2447 1144 2499; x_wconf 87' lang='lat' dir='ltr'><strong><em>esp.</em></strong></span> <span class='ocrx_word' id='word_1_132' title='bbox 1165 2431 1215 2484; x_wconf 83' lang='lat' dir='ltr'><strong><em>vn.</em></strong></span> 
     </span>
    </p>

    <p class='ocr_par' dir='ltr' id='par_1_5' title="bbox 197 2515 1217 3192">
     <span class='ocr_line' id='line_1_18' title="bbox 268 2515 1216 2588; baseline -0.003 -16"><span class='ocrx_word' id='word_1_133' title='bbox 268 2519 354 2572; x_wconf 78' lang='lat' dir='ltr'><strong><em>xxtt.</em></strong></span> <span class='ocrx_word' id='word_1_134' title='bbox 394 2522 420 2584; x_wconf 91' lang='grc'><strong><em>1)</em></strong></span> <span class='ocrx_word' id='word_1_135' title='bbox 440 2522 565 2572; x_wconf 82' lang='lat' dir='ltr'><strong><em>Hesaiam</em></strong></span> <span class='ocrx_word' id='word_1_136' title='bbox 584 2518 643 2570; x_wconf 84' lang='lat' dir='ltr'><strong><em>edd.</em></strong></span> <span class='ocrx_word' id='word_1_137' title='bbox 665 2517 755 2570; x_wconf 76' lang='lat' dir='ltr'><strong><em>Vener.</em></strong></span> <span class='ocrx_word' id='word_1_138' title='bbox 775 2515 837 2570; x_wconf 82' lang='lat' dir='ltr'><strong><em>Dav.</em></strong></span> <span class='ocrx_word' id='word_1_139' title='bbox 859 2522 884 2568; x_wconf 82' lang='lat' dir='ltr'><strong><em>et</em></strong></span> <span class='ocrx_word' id='word_1_140' title='bbox 903 2517 993 2584; x_wconf 71' lang='lat' dir='ltr'><strong><em>Kana,</em></strong></span> <span class='ocrx_word' id='word_1_141' title='bbox 1015 2521 1143 2588; x_wconf 79' lang='lat' dir='ltr'><strong><em>Hysuiam</em></strong></span> <span class='ocrx_word' id='word_1_142' title='bbox 1162 2517 1216 2585; x_wconf 74' lang='lat' dir='ltr'><strong><em>SR,</em></strong></span> 
     </span>
     <span class='ocr_line' id='line_1_19' title="bbox 197 2604 1217 2676; baseline -0.002 -16"><span class='ocrx_word' id='word_1_143' title='bbox 197 2609 310 2661; x_wconf 72' lang='lat' dir='ltr'><strong><em>Esaiam</em></strong></span> <span class='ocrx_word' id='word_1_144' title='bbox 329 2605 368 2657; x_wconf 86' lang='lat' dir='ltr'><strong><em>W.</em></strong></span> <span class='ocrx_word' id='word_1_145' title='bbox 389 2606 435 2658; x_wconf 78' lang='lat' dir='ltr'><strong><em>bis.</em></strong></span> <span class='ocrx_word' id='word_1_146' title='bbox 459 2604 512 2658; x_wconf 85' lang='lat' dir='ltr'><strong><em>Beb</em></strong></span> <span class='ocrx_word' id='word_1_147' title='bbox 532 2606 710 2676; x_wconf 71' lang='lat' dir='ltr'><strong><em>editionesqae</em></strong></span> <span class='ocrx_word' id='word_1_148' title='bbox 730 2604 818 2658; x_wconf 80' lang='lat' dir='ltr'><strong><em>Remb.</em></strong></span> <span class='ocrx_word' id='word_1_149' title='bbox 838 2615 864 2658; x_wconf 85' lang='lat' dir='ltr'><strong><em>ct</em></strong></span> <span class='ocrx_word' id='word_1_150' title='bbox 882 2607 1049 2671; x_wconf 83' lang='lat' dir='ltr'><strong><em>recentiores,</em></strong></span> <span class='ocrx_word' id='word_1_151' title='bbox 1069 2609 1178 2661; x_wconf 76' lang='lat' dir='ltr'><strong><em>Essiam</em></strong></span> <span class='ocrx_word' id='word_1_152' title='bbox 1197 2607 1217 2658; x_wconf 82' lang='lat' dir='ltr'>C</span> 
     </span>
     <span class='ocr_line' id='line_1_20' title="bbox 199 2691 1217 2764; baseline 0.002 -18"><span class='ocrx_word' id='word_1_153' title='bbox 199 2703 225 2746; x_wconf 85' lang='lat' dir='ltr'><strong><em>et</em></strong></span> <span class='ocrx_word' id='word_1_154' title='bbox 244 2694 301 2760; x_wconf 82' lang='lat' dir='ltr'><strong><em>Mb,</em></strong></span> <span class='ocrx_word' id='word_1_155' title='bbox 330 2698 430 2749; x_wconf 84' lang='lat' dir='ltr'><strong><em>isaiam</em></strong></span> <span class='ocrx_word' id='word_1_156' title='bbox 449 2693 524 2759; x_wconf 82' lang='lat' dir='ltr'><strong><em>Mae,</em></strong></span> <span class='ocrx_word' id='word_1_157' title='bbox 554 2697 665 2748; x_wconf 83' lang='lat' dir='ltr'><strong><em>Ysaiam</em></strong></span> <span class='ocrx_word' id='word_1_158' title='bbox 690 2691 725 2744; x_wconf 90' lang='lat' dir='ltr'><strong><em>Bc</em></strong></span> <span class='ocrx_word' id='word_1_159' title='bbox 751 2702 777 2745; x_wconf 85' lang='lat' dir='ltr'><strong><em>et</em></strong></span> <span class='ocrx_word' id='word_1_160' title='bbox 796 2691 862 2756; x_wconf 81' lang='lat' dir='ltr'><strong><em>bidi3</em></strong></span> <span class='ocrx_word' id='word_1_161' title='bbox 891 2695 976 2760; x_wconf 83' lang='lat' dir='ltr'><strong><em>inepte</em></strong></span> <span class='ocrx_word' id='word_1_162' title='bbox 998 2710 1047 2764; x_wconf 82' lang='lat' dir='ltr'><strong><em>per</em></strong></span> <span class='ocrx_word' id='word_1_163' title='bbox 1070 2697 1217 2748; x_wconf 78' lang='lat' dir='ltr'><strong><em>claritatem</em></strong></span> 
     </span>
     <span class='ocr_line' id='line_1_21' title="bbox 198 2779 1217 2851; baseline 0.001 -17"><span class='ocrx_word' id='word_1_164' title='bbox 198 2798 298 2851; x_wconf 79' lang='lat' dir='ltr'><strong><em>queque</em></strong></span> <span class='ocrx_word' id='word_1_165' title='bbox 321 2783 439 2836; x_wconf 80' lang='lat' dir='ltr'><strong><em>admouet</em></strong></span> <span class='ocrx_word' id='word_1_166' title='bbox 458 2780 496 2846; x_wconf 80' lang='lat' dir='ltr'><strong><em>A,</em></strong></span> <span class='ocrx_word' id='word_1_167' title='bbox 525 2791 652 2834; x_wconf 78' lang='lat' dir='ltr'><strong><em>ammonet</em></strong></span> <span class='ocrx_word' id='word_1_168' title='bbox 670 2781 701 2830; x_wconf 88' lang='lat' dir='ltr'>W</span> <span class='ocrx_word' id='word_1_169' title='bbox 727 2790 752 2832; x_wconf 86' lang='lat' dir='ltr'><strong><em>et</em></strong></span> <span class='ocrx_word' id='word_1_170' title='bbox 778 2781 836 2832; x_wconf 86' lang='lat' dir='ltr'><strong><em>edd.</em></strong></span> <span class='ocrx_word' id='word_1_171' title='bbox 858 2789 918 2832; x_wconf 84' lang='lat' dir='ltr'><strong><em>vett.</em></strong></span> <span class='ocrx_word' id='word_1_172' title='bbox 939 2797 961 2832; x_wconf 87' lang='lat' dir='ltr'><strong><em>c.</em></strong></span> <span class='ocrx_word' id='word_1_173' title='bbox 981 2779 1096 2844; x_wconf 68' lang='lat' dir='ltr'><strong><em>Erum,</em></strong></span> <span class='ocrx_word' id='word_1_174' title='bbox 1125 2785 1217 2835; x_wconf 81' lang='lat' dir='ltr'><strong><em>dicemr</em></strong></span> 
     </span>
     <span class='ocr_line' id='line_1_22' title="bbox 198 2865 1217 2934; baseline 0.001 -17"><span class='ocrx_word' id='word_1_175' title='bbox 198 2882 244 2933; x_wconf 82' lang='lat' dir='ltr'><strong><em>pra</em></strong></span> <span class='ocrx_word' id='word_1_176' title='bbox 264 2876 415 2922; x_wconf 73' lang='lat' dir='ltr'><strong><em>cauteriare</em></strong></span> <span class='ocrx_word' id='word_1_177' title='bbox 435 2865 481 2919; x_wconf 91' lang='lat' dir='ltr'><strong><em>Bb.</em></strong></span> <span class='ocrx_word' id='word_1_178' title='bbox 517 2867 545 2928; x_wconf 78' lang='lat'><strong><em>2)</em></strong></span> <span class='ocrx_word' id='word_1_179' title='bbox 565 2869 661 2929; x_wconf 73' lang='lat' dir='ltr'><strong><em>Salus,</em></strong></span> <span class='ocrx_word' id='word_1_180' title='bbox 684 2869 768 2934; x_wconf 78' lang='lat' dir='ltr'><strong><em>iuquit</em></strong></span> <span class='ocrx_word' id='word_1_181' title='bbox 787 2867 817 2917; x_wconf 83' lang='grc' dir='ltr'><strong><em>Α.</em></strong></span> <span class='ocrx_word' id='word_1_182' title='bbox 856 2865 1100 2931; x_wconf 80' lang='lat' dir='ltr'><strong><em>vit.11es.58‚6.</em></strong></span> <span class='ocrx_word' id='word_1_183' title='bbox 1138 2866 1217 2918; x_wconf 77' lang='lat' dir='ltr'><strong><em>Abest</em></strong></span> 
     </span>
     <span class='ocr_line' id='line_1_23' title="bbox 198 2949 1216 3014; baseline -0.004 -8"><span class='ocrx_word' id='word_1_184' title='bbox 198 2970 300 3006; x_wconf 77' lang='lat' dir='ltr'><strong><em>aetutem</em></strong></span> <span class='ocrx_word' id='word_1_185' title='bbox 328 2969 342 3004; x_wconf 88' lang='lat' dir='ltr'><strong><em>e</em></strong></span> <span class='ocrx_word' id='word_1_186' title='bbox 370 2950 398 3003; x_wconf 85' lang='lat' dir='ltr'><strong><em>C.</em></strong></span> <span class='ocrx_word' id='word_1_187' title='bbox 442 2951 503 3004; x_wconf 80' lang='lat' dir='ltr'><strong><em>Tum</em></strong></span> <span class='ocrx_word' id='word_1_188' title='bbox 532 2953 739 3005; x_wconf 81' lang='lat' dir='ltr'><strong><em>aamruercicrum</em></strong></span> <span class='ocrx_word' id='word_1_189' title='bbox 769 2951 814 3002; x_wconf 86' lang='lat' dir='ltr'><strong><em>bic.</em></strong></span> <span class='ocrx_word' id='word_1_190' title='bbox 861 2950 889 3014; x_wconf 84' lang='grc'><strong><em>3)</em></strong></span> <span class='ocrx_word' id='word_1_191' title='bbox 917 2961 1040 3004; x_wconf 80' lang='lat' dir='ltr'><strong><em>cassatas</em></strong></span> <span class='ocrx_word' id='word_1_192' title='bbox 1069 2949 1106 3002; x_wconf 80' lang='lat' dir='ltr'><strong><em>bb</em></strong></span> <span class='ocrx_word' id='word_1_193' title='bbox 1133 2961 1159 3003; x_wconf 84' lang='lat' dir='ltr'><strong><em>et</em></strong></span> <span class='ocrx_word' id='word_1_194' title='bbox 1187 2954 1216 3004; x_wconf 83' lang='grc' dir='ltr'><strong><em>Α.</em></strong></span> 
     </span>
     <span class='ocr_line' id='line_1_24' title="bbox 198 3029 1217 3107; baseline 0 -19"><span class='ocrx_word' id='word_1_195' title='bbox 198 3037 229 3106; x_wconf 80' lang='grc'><strong><em>4)</em></strong></span> <span class='ocrx_word' id='word_1_196' title='bbox 248 3037 331 3090; x_wconf 83' lang='lat' dir='ltr'><strong><em>Verba</em></strong></span> <span class='ocrx_word' id='word_1_197' title='bbox 351 3047 375 3092; x_wconf 87' lang='lat' dir='ltr'><strong><em>et</em></strong></span> <span class='ocrx_word' id='word_1_198' title='bbox 392 3055 487 3107; x_wconf 72' lang='lat' dir='ltr'><strong><em>saeuas</em></strong></span> <span class='ocrx_word' id='word_1_199' title='bbox 506 3041 565 3090; x_wconf 83' lang='lat' dir='ltr'><strong><em>siue</em></strong></span> <span class='ocrx_word' id='word_1_200' title='bbox 584 3029 746 3089; x_wconf 73' lang='lat' dir='ltr'><strong><em>tecta&#39;indue</em></strong></span> <span class='ocrx_word' id='word_1_201' title='bbox 765 3040 795 3089; x_wconf 85' lang='lat' dir='ltr'><strong><em>iu</em></strong></span> <span class='ocrx_word' id='word_1_202' title='bbox 813 3040 917 3090; x_wconf 86' lang='lat' dir='ltr'><strong><em>demum</em></strong></span> <span class='ocrx_word' id='word_1_203' title='bbox 938 3045 1009 3091; x_wconf 86' lang='lat' dir='ltr'><strong><em>tuam</em></strong></span> <span class='ocrx_word' id='word_1_204' title='bbox 1027 3051 1076 3086; x_wconf 86' lang='lat' dir='ltr'><strong><em>orn.</em></strong></span> <span class='ocrx_word' id='word_1_205' title='bbox 1094 3035 1125 3088; x_wconf 85' lang='grc' dir='ltr'><strong><em>Α.</em></strong></span> <span class='ocrx_word' id='word_1_206' title='bbox 1163 3036 1217 3088; x_wconf 87' lang='lat' dir='ltr'><strong><em>Vc-</em></strong></span> 
     </span>
     <span class='ocr_line' id='line_1_25' title="bbox 199 3116 1216 3192; baseline -0.003 -15"><span class='ocrx_word' id='word_1_207' title='bbox 199 3124 271 3177; x_wconf 80' lang='lat' dir='ltr'><strong><em>cibue</em></strong></span> <span class='ocrx_word' id='word_1_208' title='bbox 290 3128 349 3179; x_wconf 84' lang='lat' dir='ltr'><strong><em>sime</em></strong></span> <span class='ocrx_word' id='word_1_209' title='bbox 367 3116 432 3178; x_wconf 76' lang='lat' dir='ltr'><strong><em>iacis</em></strong></span> <span class='ocrx_word' id='word_1_210' title='bbox 451 3140 470 3176; x_wconf 89' lang='lat' dir='ltr'><strong><em>r.</em></strong></span> <span class='ocrx_word' id='word_1_211' title='bbox 492 3141 522 3175; x_wconf 88' lang='lat' dir='ltr'><strong><em>m.</em></strong></span> <span class='ocrx_word' id='word_1_212' title='bbox 543 3125 673 3191; x_wconf 81' lang='lat' dir='ltr'><strong><em>praemisit</em></strong></span> <span class='ocrx_word' id='word_1_213' title='bbox 691 3133 714 3175; x_wconf 85' lang='lat' dir='ltr'><strong><em>et</em></strong></span> <span class='ocrx_word' id='word_1_214' title='bbox 732 3124 756 3174; x_wconf 87' lang='lat' dir='ltr'><strong><em>in</em></strong></span> <span class='ocrx_word' id='word_1_215' title='bbox 777 3121 826 3174; x_wconf 85' lang='lat' dir='ltr'><strong><em>Mb.</em></strong></span> <span class='ocrx_word' id='word_1_216' title='bbox 870 3123 898 3186; x_wconf 82' lang='lat'><strong><em>5)</em></strong></span> <span class='ocrx_word' id='word_1_217' title='bbox 924 3140 977 3175; x_wconf 85' lang='lat' dir='ltr'><strong><em>neu</em></strong></span> <span class='ocrx_word' id='word_1_218' title='bbox 1000 3125 1132 3192; x_wconf 79' lang='lat' dir='ltr'><strong><em>despicies</em></strong></span> <span class='ocrx_word' id='word_1_219' title='bbox 1152 3141 1165 3174; x_wconf 84' lang='lat' dir='ltr'>n</span> <span class='ocrx_word' id='word_1_220' title='bbox 1185 3139 1216 3175; x_wconf 87' lang='lat' dir='ltr'><strong><em>m.</em></strong></span> 
     </span>
    </p>
   </div>
   <div class='ocr_carea' id='block_1_5' title="bbox 198 3207 1210 3279">
    <p class='ocr_par' dir='ltr' id='par_1_6' title="bbox 198 3207 1210 3279">
     <span class='ocr_line' id='line_1_26' title="bbox 198 3207 1210 3279; baseline 0.002 -17"><span class='ocrx_word' id='word_1_221' title='bbox 198 3227 253 3279; x_wconf 69' lang='lat' dir='ltr'><strong><em>pn,</em></strong></span> <span class='ocrx_word' id='word_1_222' title='bbox 279 3225 363 3262; x_wconf 78' lang='lat' dir='ltr'><strong><em>esec.</em></strong></span> <span class='ocrx_word' id='word_1_223' title='bbox 383 3227 437 3263; x_wconf 82' lang='lat' dir='ltr'><strong><em>mars</em></strong></span> <span class='ocrx_word' id='word_1_224' title='bbox 454 3213 589 3279; x_wconf 80' lang='lat' dir='ltr'><strong><em>despicias</em></strong></span> <span class='ocrx_word' id='word_1_225' title='bbox 609 3208 667 3274; x_wconf 77' lang='lat' dir='ltr'><strong><em>tib,</em></strong></span> <span class='ocrx_word' id='word_1_226' title='bbox 692 3227 723 3263; x_wconf 87' lang='lat' dir='ltr'><strong><em>ue</em></strong></span> <span class='ocrx_word' id='word_1_227' title='bbox 741 3211 874 3277; x_wconf 69' lang='lat' dir='ltr'><strong><em>despimas</em></strong></span> <span class='ocrx_word' id='word_1_228' title='bbox 894 3207 930 3259; x_wconf 85' lang='lat' dir='ltr'><strong><em>Bc</em></strong></span> <span class='ocrx_word' id='word_1_229' title='bbox 949 3216 975 3259; x_wconf 83' lang='lat' dir='ltr'><strong><em>et</em></strong></span> <span class='ocrx_word' id='word_1_230' title='bbox 996 3208 1060 3260; x_wconf 85' lang='lat' dir='ltr'><strong><em>Mcd.</em></strong></span> <span class='ocrx_word' id='word_1_231' title='bbox 1098 3207 1136 3278; x_wconf 40' lang='lat'><strong><em>6),</em></strong></span> <span class='ocrx_word' id='word_1_232' title='bbox 1148 3219 1210 3263; x_wconf 89' lang='lat' dir='ltr'><strong><em>tem-</em></strong></span> 
     </span>
    </p>
   </div>
   <div class='ocr_carea' id='block_1_6' title="bbox 198 3297 1218 3419">
    <p class='ocr_par' dir='ltr' id='par_1_7' title="bbox 198 3297 1218 3419">
     <span class='ocr_line' id='line_1_27' title="bbox 198 3297 1218 3419; baseline -0.002 -17"><span class='ocrx_word' id='word_1_233' title='bbox 198 3365 331 3419; x_wconf 73' lang='lat' dir='ltr'><strong><em>perunum</em></strong></span> <span class='ocrx_word' id='word_1_234' title='bbox 351 3347 413 3414; x_wconf 81' lang='lat' dir='ltr'><strong><em>(sic)</em></strong></span> <span class='ocrx_word' id='word_1_235' title='bbox 432 3346 471 3396; x_wconf 86' lang='lat' dir='ltr'><strong><em>W.</em></strong></span> <span class='ocrx_word' id='word_1_236' title='bbox 491 3346 529 3397; x_wconf 84' lang='lat' dir='ltr'><strong><em>bia</em></strong></span> <span class='ocrx_word' id='word_1_237' title='bbox 548 3354 574 3398; x_wconf 86' lang='lat' dir='ltr'><strong><em>et</em></strong></span> <span class='ocrx_word' id='word_1_238' title='bbox 593 3363 630 3414; x_wconf 81' lang='lat' dir='ltr'><strong><em>pr.</em></strong></span> <span class='ocrx_word' id='word_1_239' title='bbox 650 3345 706 3413; x_wconf 76' lang='grc' dir='ltr'><strong>ΙΙ),</strong></span> <span class='ocrx_word' id='word_1_240' title='bbox 726 3297 921 3417; x_wconf 48' lang='lat' dir='ltr'><strong><em>rbnbbb‘abbbb»</em></strong></span> <span class='ocrx_word' id='word_1_241' title='bbox 939 3346 983 3400; x_wconf 87' lang='lat' dir='ltr'><strong><em>Bu.</em></strong></span> <span class='ocrx_word' id='word_1_242' title='bbox 1021 3345 1081 3399; x_wconf 79' lang='lat' dir='ltr'><strong><em>Tum</em></strong></span> <span class='ocrx_word' id='word_1_243' title='bbox 1099 3365 1151 3402; x_wconf 83' lang='lat' dir='ltr'><strong><em>nau</em></strong></span> <span class='ocrx_word' id='word_1_244' title='bbox 1171 3363 1218 3416; x_wconf 83' lang='lat' dir='ltr'><strong><em>pra</em></strong></span> 
     </span>
    </p>
   </div>
   <div class='ocr_carea' id='block_1_7' title="bbox 199 3427 1219 4024">
    <p class='ocr_par' dir='ltr' id='par_1_8' title="bbox 199 3427 1219 4024">
     <span class='ocr_line' id='line_1_28' title="bbox 200 3427 1217 3502; baseline -0.004 -14"><span class='ocrx_word' id='word_1_245' title='bbox 200 3438 252 3488; x_wconf 83' lang='lat' dir='ltr'><strong><em>cita</em></strong></span> <span class='ocrx_word' id='word_1_246' title='bbox 272 3432 310 3500; x_wconf 75' lang='lat' dir='ltr'><strong><em>A,</em></strong></span> <span class='ocrx_word' id='word_1_247' title='bbox 338 3438 419 3491; x_wconf 81' lang='lat' dir='ltr'><strong><em>eitius</em></strong></span> <span class='ocrx_word' id='word_1_248' title='bbox 444 3433 508 3486; x_wconf 83' lang='lat' dir='ltr'><strong><em>Med.</em></strong></span> <span class='ocrx_word' id='word_1_249' title='bbox 547 3430 611 3487; x_wconf 81' lang='lat' dir='ltr'><strong><em>Dein</em></strong></span> <span class='ocrx_word' id='word_1_250' title='bbox 637 3439 740 3491; x_wconf 82' lang='lat' dir='ltr'><strong><em>orietur</em></strong></span> <span class='ocrx_word' id='word_1_251' title='bbox 764 3433 818 3500; x_wconf 84' lang='lat' dir='ltr'><strong><em>Bb,</em></strong></span> <span class='ocrx_word' id='word_1_252' title='bbox 847 3441 997 3502; x_wconf 77' lang='lat' dir='ltr'><strong><em>aperientur</em></strong></span> <span class='ocrx_word' id='word_1_253' title='bbox 1022 3434 1094 3486; x_wconf 86' lang='lat' dir='ltr'><strong><em>Mbcd</em></strong></span> <span class='ocrx_word' id='word_1_254' title='bbox 1122 3427 1217 3488; x_wconf 64' lang='lat' dir='ltr'><strong><em>ut&#39;Bc.</em></strong></span> 
     </span>
     <span class='ocr_line' id='line_1_29' title="bbox 200 3519 1217 3590; baseline 0.002 -18"><span class='ocrx_word' id='word_1_255' title='bbox 200 3519 257 3574; x_wconf 83' lang='lat' dir='ltr'><strong><em>Vid.</em></strong></span> <span class='ocrx_word' id='word_1_256' title='bbox 276 3520 309 3573; x_wconf 84' lang='lat' dir='ltr'><strong><em>dc</em></strong></span> <span class='ocrx_word' id='word_1_257' title='bbox 328 3536 408 3590; x_wconf 85' lang='lat' dir='ltr'><strong><em>opere</em></strong></span> <span class='ocrx_word' id='word_1_258' title='bbox 427 3530 453 3574; x_wconf 88' lang='lat' dir='ltr'><strong><em>et</em></strong></span> <span class='ocrx_word' id='word_1_259' title='bbox 471 3521 592 3574; x_wconf 82' lang='lat' dir='ltr'><strong><em>eleemos.</em></strong></span> <span class='ocrx_word' id='word_1_260' title='bbox 613 3539 668 3590; x_wconf 79' lang='lat' dir='ltr'><strong><em>cap.</em></strong></span> <span class='ocrx_word' id='word_1_261' title='bbox 689 3521 726 3573; x_wconf 75' lang='lat' dir='ltr'><strong><em>tv,</em></strong></span> <span class='ocrx_word' id='word_1_262' title='bbox 752 3531 803 3574; x_wconf 80' lang='lat' dir='ltr'><strong><em>not.</em></strong></span> <span class='ocrx_word' id='word_1_263' title='bbox 824 3523 848 3574; x_wconf 86' lang='grc'><strong><em>9.</em></strong></span> <span class='ocrx_word' id='word_1_264' title='bbox 885 3521 943 3574; x_wconf 83' lang='lat' dir='ltr'><strong><em>biox</em></strong></span> <span class='ocrx_word' id='word_1_265' title='bbox 962 3532 984 3576; x_wconf 87' lang='lat' dir='ltr'><strong><em>tc</em></strong></span> <span class='ocrx_word' id='word_1_266' title='bbox 1003 3536 1052 3574; x_wconf 87' lang='lat' dir='ltr'><strong><em>om.</em></strong></span> <span class='ocrx_word' id='word_1_267' title='bbox 1073 3519 1109 3585; x_wconf 85' lang='lat' dir='ltr'><strong><em>C,</em></strong></span> <span class='ocrx_word' id='word_1_268' title='bbox 1134 3538 1217 3589; x_wconf 75' lang='lat' dir='ltr'><strong><em>prue-</em></strong></span> 
     </span>
     <span class='ocr_line' id='line_1_30' title="bbox 199 3604 1218 3674; baseline -0.005 -12"><span class='ocrx_word' id='word_1_269' title='bbox 199 3611 247 3662; x_wconf 73' lang='lat' dir='ltr'><strong><em>tta</em></strong></span> <span class='ocrx_word' id='word_1_270' title='bbox 265 3619 290 3664; x_wconf 83' lang='lat' dir='ltr'><strong><em>te</em></strong></span> <span class='ocrx_word' id='word_1_271' title='bbox 306 3612 412 3663; x_wconf 86' lang='lat' dir='ltr'><strong><em>iustitia</em></strong></span> <span class='ocrx_word' id='word_1_272' title='bbox 429 3618 475 3663; x_wconf 85' lang='lat' dir='ltr'><strong><em>tue</em></strong></span> <span class='ocrx_word' id='word_1_273' title='bbox 493 3608 612 3662; x_wconf 79' lang='lat' dir='ltr'><strong><em>exhibent</em></strong></span> <span class='ocrx_word' id='word_1_274' title='bbox 631 3607 667 3659; x_wconf 80' lang='lat' dir='ltr'><strong><em>Rc</em></strong></span> <span class='ocrx_word' id='word_1_275' title='bbox 686 3617 712 3660; x_wconf 83' lang='lat' dir='ltr'><strong><em>et</em></strong></span> <span class='ocrx_word' id='word_1_276' title='bbox 731 3607 795 3661; x_wconf 81' lang='lat' dir='ltr'><strong><em>bicd.</em></strong></span> <span class='ocrx_word' id='word_1_277' title='bbox 833 3609 862 3674; x_wconf 73' lang='lat'><strong><em>7)</em></strong></span> <span class='ocrx_word' id='word_1_278' title='bbox 881 3611 1020 3672; x_wconf 66' lang='lat' dir='ltr'><strong><em>exaudies,</em></strong></span> <span class='ocrx_word' id='word_1_279' title='bbox 1039 3617 1063 3660; x_wconf 90' lang='lat' dir='ltr'><strong><em>et</em></strong></span> <span class='ocrx_word' id='word_1_280' title='bbox 1080 3606 1110 3658; x_wconf 74' lang='lat' dir='ltr'><strong><em>A.</em></strong></span> <span class='ocrx_word' id='word_1_281' title='bbox 1148 3604 1218 3658; x_wconf 87' lang='lat' dir='ltr'><strong><em>Coa-</em></strong></span> 
     </span>
     <span class='ocr_line' id='line_1_31' title="bbox 200 3694 1219 3748; baseline -0.001 -4"><span class='ocrx_word' id='word_1_282' title='bbox 200 3695 356 3746; x_wconf 84' lang='lat' dir='ltr'><strong><em>iancticaem</em></strong></span> <span class='ocrx_word' id='word_1_283' title='bbox 375 3704 399 3748; x_wconf 87' lang='lat' dir='ltr'><strong><em>et</em></strong></span> <span class='ocrx_word' id='word_1_284' title='bbox 416 3694 556 3748; x_wconf 79' lang='lat' dir='ltr'><strong><em>uPsmeiis</em></strong></span> <span class='ocrx_word' id='word_1_285' title='bbox 576 3696 653 3747; x_wconf 78' lang='lat' dir='ltr'><strong><em>tacite</em></strong></span> <span class='ocrx_word' id='word_1_286' title='bbox 672 3695 765 3746; x_wconf 72' lang='lat' dir='ltr'><strong><em>illatam</em></strong></span> <span class='ocrx_word' id='word_1_287' title='bbox 784 3697 863 3748; x_wconf 82' lang='lat' dir='ltr'><strong><em>ceteri</em></strong></span> <span class='ocrx_word' id='word_1_288' title='bbox 883 3694 957 3746; x_wconf 85' lang='lat' dir='ltr'><strong><em>codd.</em></strong></span> <span class='ocrx_word' id='word_1_289' title='bbox 972 3697 1022 3745; x_wconf 86' lang='lat' dir='ltr'><strong><em>mei</em></strong></span> <span class='ocrx_word' id='word_1_290' title='bbox 1041 3709 1130 3744; x_wconf 85' lang='lat' dir='ltr'><strong><em>omnes</em></strong></span> <span class='ocrx_word' id='word_1_291' title='bbox 1148 3701 1219 3744; x_wconf 86' lang='lat' dir='ltr'><strong><em>recte</em></strong></span> 
     </span>
     <span class='ocr_line' id='line_1_32' title="bbox 200 3767 1219 3835; baseline -0.004 -1"><span class='ocrx_word' id='word_1_292' title='bbox 200 3783 324 3834; x_wconf 83' lang='lat' dir='ltr'><strong><em>amittunt.</em></strong></span> <span class='ocrx_word' id='word_1_293' title='bbox 361 3780 416 3834; x_wconf 84' lang='lat' dir='ltr'><strong><em>vit.</em></strong></span> <span class='ocrx_word' id='word_1_294' title='bbox 436 3781 560 3835; x_wconf 83' lang='lat' dir='ltr'><strong><em>Graecum</em></strong></span> <span class='ocrx_word' id='word_1_295' title='bbox 581 3790 684 3834; x_wconf 83' lang='lat' dir='ltr'><strong><em>textum.</em></strong></span> <span class='ocrx_word' id='word_1_296' title='bbox 721 3780 782 3833; x_wconf 84' lang='lat' dir='ltr'><strong><em>Tum</em></strong></span> <span class='ocrx_word' id='word_1_297' title='bbox 806 3785 870 3835; x_wconf 84' lang='lat' dir='ltr'><strong><em>dicit</em></strong></span> <span class='ocrx_word' id='word_1_298' title='bbox 894 3767 922 3832; x_wconf 81' lang='lat' dir='ltr'><strong><em>C.</em></strong></span> <span class='ocrx_word' id='word_1_299' title='bbox 942 3780 982 3835; x_wconf 82' lang='lat' dir='ltr'><strong><em>bib</em></strong></span> <span class='ocrx_word' id='word_1_300' title='bbox 1010 3789 1035 3831; x_wconf 84' lang='lat' dir='ltr'><strong><em>et</em></strong></span> <span class='ocrx_word' id='word_1_301' title='bbox 1054 3777 1098 3830; x_wconf 84' lang='lat' dir='ltr'><strong><em>Be.</em></strong></span> <span class='ocrx_word' id='word_1_302' title='bbox 1135 3777 1219 3830; x_wconf 79' lang='lat' dir='ltr'><strong><em>Verba</em></strong></span> 
     </span>
     <span class='ocr_line' id='line_1_33' title="bbox 200 3863 1219 3938; baseline -0.003 -19"><span class='ocrx_word' id='word_1_303' title='bbox 200 3883 272 3938; x_wconf 82' lang='lat' dir='ltr'><strong><em>seqq.</em></strong></span> <span class='ocrx_word' id='word_1_304' title='bbox 300 3883 381 3937; x_wconf 78' lang='lat' dir='ltr'><strong><em>usqae</em></strong></span> <span class='ocrx_word' id='word_1_305' title='bbox 409 3869 440 3920; x_wconf 87' lang='lat' dir='ltr'><strong><em>sd</em></strong></span> <span class='ocrx_word' id='word_1_306' title='bbox 469 3872 514 3938; x_wconf 76' lang='lat' dir='ltr'><strong><em>qui</em></strong></span> <span class='ocrx_word' id='word_1_307' title='bbox 541 3872 689 3924; x_wconf 82' lang='lat' dir='ltr'><strong><em>iniustitiae</em></strong></span> <span class='ocrx_word' id='word_1_308' title='bbox 715 3873 798 3924; x_wconf 85' lang='lat' dir='ltr'><strong><em>mades</em></strong></span> <span class='ocrx_word' id='word_1_309' title='bbox 826 3868 1004 3921; x_wconf 78' lang='lat' dir='ltr'><strong><em>desiderantur</em></strong></span> <span class='ocrx_word' id='word_1_310' title='bbox 1030 3869 1054 3917; x_wconf 87' lang='lat' dir='ltr'><strong><em>in</em></strong></span> <span class='ocrx_word' id='word_1_311' title='bbox 1081 3869 1110 3917; x_wconf 85' lang='grc' dir='ltr'><strong><em>Α.</em></strong></span> <span class='ocrx_word' id='word_1_312' title='bbox 1155 3863 1219 3917; x_wconf 82' lang='lat' dir='ltr'><strong><em>Dein</em></strong></span> 
     </span>
     <span class='ocr_line' id='line_1_34' title="bbox 201 3951 1219 4024; baseline -0.007 -16"><span class='ocrx_word' id='word_1_313' title='bbox 201 3971 296 4014; x_wconf 72' lang='lat' dir='ltr'><strong><em>usim</em></strong></span> <span class='ocrx_word' id='word_1_314' title='bbox 313 3953 369 4008; x_wconf 79' lang='lat' dir='ltr'><strong><em>bbc</em></strong></span> <span class='ocrx_word' id='word_1_315' title='bbox 387 3963 413 4007; x_wconf 85' lang='lat' dir='ltr'><strong><em>et</em></strong></span> <span class='ocrx_word' id='word_1_316' title='bbox 430 3956 486 4008; x_wconf 83' lang='lat' dir='ltr'><strong><em>biad</em></strong></span> <span class='ocrx_word' id='word_1_317' title='bbox 506 3973 528 4008; x_wconf 84' lang='lat' dir='ltr'><strong><em>a.</em></strong></span> <span class='ocrx_word' id='word_1_318' title='bbox 548 3955 588 4008; x_wconf 89' lang='lat' dir='ltr'><strong><em>ed.</em></strong></span> <span class='ocrx_word' id='word_1_319' title='bbox 603 3954 665 4008; x_wconf 78' lang='lat' dir='ltr'><strong><em>Der.</em></strong></span> <span class='ocrx_word' id='word_1_320' title='bbox 702 3956 732 4024; x_wconf 80' lang='lat'><strong><em>8)</em></strong></span> <span class='ocrx_word' id='word_1_321' title='bbox 751 3965 774 4010; x_wconf 88' lang='lat' dir='ltr'><strong><em>et</em></strong></span> <span class='ocrx_word' id='word_1_322' title='bbox 793 3959 823 4010; x_wconf 85' lang='lat' dir='ltr'><strong><em>de</em></strong></span> <span class='ocrx_word' id='word_1_323' title='bbox 841 3973 872 4010; x_wconf 85' lang='lat' dir='ltr'><strong><em>se</em></strong></span> <span class='ocrx_word' id='word_1_324' title='bbox 888 3958 1048 4024; x_wconf 73' lang='lat' dir='ltr'><strong><em>repromittet</em></strong></span> <span class='ocrx_word' id='word_1_325' title='bbox 1066 3953 1153 4004; x_wconf 85' lang='lat' dir='ltr'><strong><em>scribit</em></strong></span> <span class='ocrx_word' id='word_1_326' title='bbox 1172 3951 1219 4014; x_wconf 72' lang='lat' dir='ltr'><strong><em>tte,</em></strong></span> 
     </span>
    </p>
   </div>
   <div class='ocr_carea' id='block_1_8' title="bbox 959 4041 1013 4105">
    <p class='ocr_par' dir='ltr' id='par_1_9' title="bbox 959 4041 1013 4105">
     <span class='ocr_line' id='line_1_35' title="bbox 959 4041 1013 4105; baseline 0 -26"><span class='ocrx_word' id='word_1_327' title='bbox 959 4041 1013 4105; x_wconf 62' lang='grc' dir='ltr'><strong><em>’μ</em></strong></span> 
     </span>
    </p>
   </div>
   <div class='ocr_carea' id='block_1_9' title="bbox 0 0 1464 4692">
    <p class='ocr_par' dir='ltr' id='par_1_10' title="bbox 0 0 1464 4692">
     <span class='ocr_line' id='line_1_36' title="bbox 0 0 1464 4692; baseline 0 0"><span class='ocrx_word' id='word_1_328' title='bbox 0 0 1464 4692; x_wconf 95' lang='lat' dir='ltr'><strong><em> </em></strong></span> 
     </span>
    </p>
   </div>
  </div>
 </body>
</html>
