2834 4686
761 413 826 483 254

282 583 472 662 peccatorem
494 573 531 638 nd
553 572 763 656 poenitentium
786 587 934 636 revocem
956 565 1099 650 proponit
1115 573 1144 629 et
1162 567 1230 630 dtctt
1245 563 1292 642 ¹⁵):

283 691 344 768 An,
369 687 463 770 inquit
482 683 530 767 ¹⁶),
554 686 745 766 opulentiam
768 683 918 748 bonitatis
940 683 1008 743 eius
1030 687 1062 742 et
1082 682 1294 744 sustinentiam

283 811 313 867 et
332 803 518 884 potientium
540 799 722 874 contemnis,
750 799 902 877 ipnorone
924 794 1073 874 qnoniam
1094 795 1250 872 patientie
1270 801 1296 854 et

283 917 410 979 donitas
442 914 494 975 dei
525 911 572 973 od·
597 908 820 990 poenitentiam
855 916 882 969 te
915 905 1071 968 adducit?
1125 907 1170 969 Tn
1201 915 1295 969 oeten

282 1027 454 1091 seeundum
469 1024 621 1087 duritiam
636 1031 719 1086 mom
735 1029 765 1102 et
778 1041 832 1084 cor
843 1019 1043 1099 inpoenitens
1055 1020 1250 1084 thesaurizas
1259 1013 1294 1096 ¹²)

284 1139 340 1203 tibi
363 1141 441 1202 iram
463 1139 497 1201 in
521 1137 571 1198 die
598 1136 668 1197 inoe
699 1143 730 1196 ct
755 1133 960 1198 revelationis
989 1134 1063 1197 iusti
1095 1134 1209 1197 indicii
1239 1135 1293 1210 dei,

284 1255 338 1335 qni
360 1253 471 1315 reddet
490 1250 659 1330 unicnique
680 1249 847 1311 seeundum
876 1267 976 1327 opera
1004 1267 1072 1326 sne.
1118 1223 1229 1312 lustum
1251 1250 1294 1311 iu·

284 1367 391 1430 dicium
415 1365 463 1428 dei
487 1364 561 1426 dixit
584 1379 653 1424 esse
673 1356 728 1440 ¹⁸),
752 1361 821 1441 quie
844 1379 945 1424 serum
969 1367 1033 1441 est,
1057 1362 1124 1442 quin
1149 1361 1200 1425 diu
1224 1361 1294 1424 mul-

283 1486 405 1560 tumque
428 1477 580 1554 citeron,
614 1483 647 1538 ut
668 1475 780 1537 homini
804 1475 841 1538 cd
866 1476 953 1538 vitem
976 1476 1068 1559 longo
1092 1475 1141 1538 dei
1162 1475 1294 1559 patientie

284 1593 465 1657 consuletur.
512 1591 595 1654 Tunc
617 1595 862 1671 repraesentetur
879 1583 917 1665 ¹⁹)
940 1595 1036 1671 p'nenn
1060 1589 1150 1671 impio
1174 1597 1206 1652 et
1228 1605 1295 1670 pec-

284 1706 387 1785 catori,
411 1703 530 1786 quondo
552 1704 609 1766 iem
627 1721 686 1767 oon
701 1709 802 1785 potest
817 1704 996 1786 poenitentis
1014 1704 1164 1785 prodesse
1179 1703 1294 1787 peceati.

286 1847 493 1870 ——u———u'n-

284 1945 383 2000 Deinde
405 1947 607 2017 sepetiendum
624 1961 756 2000 noeoeane
776 1943 806 1994 W
825 1953 851 1996 et
875 1945 933 1997 loeo
957 1945 1030 2003 verbi
1054 1951 1177 2017 proponit
1197 1927 1219 2002 t'
1236 1965 1295 2018 pro-

283 2039 369 2088 missu.
408 2033 453 2098 15)
472 2031 545 2083 Rom.
559 2031 585 2095 2,
604 2033 628 2082 t.
666 2030 713 2097 16)
732 2029 768 2081 ltu
788 2029 856 2082 toute
876 2031 925 2096 tta,
945 2050 978 2086 en
997 2051 1061 2087 ιιιιιιι
1079 2038 1142 2104 qnid
1159 2035 1193 2086 W
1213 2045 1239 2088 ct
1257 2035 1295 2098 tto,

214 2148 216 2152 ·
284 2140 319 2178 ιιι
342 2124 469 2190 numquid
493 2121 573 2171 ceteri
598 2135 658 2172 mss.
682 2120 793 2186 itemque
812 2119 870 2170 edd.
890 2119 935 2172 SP.
956 2120 1048 2172 venet.
1069 2121 1149 2174 duno.
1168 2123 1259 2176 Remi.
1276 2131 1296 2174 et

285 2207 369 2259 ΒιΙιιι.
390 2225 412 2259 c.
434 2206 541 2270 (toton,
570 2224 604 2259 an
621 2209 742 2276 stnnqnid
759 2205 822 2258 Det.
846 2215 872 2258 et
891 2207 1005 2275 Eodem„
1033 2221 1079 2263 unt
1102 2215 1226 2280 nunquid
1243 2209 1296 2260 Mor.

285 2294 346 2344 Tum
365 2303 390 2346 et
409 2297 596 2347 sustinentiam
612 2310 661 2344 om.
676 2291 721 2356 Bo,
740 2298 928 2348 sustinentiam
940 2305 964 2349 et
974 2299 1126 2367 patientiam
1138 2301 1199 2352 eins
1213 2299 1297 2350 hebent

286 2381 344 2432 Ver.
365 2389 391 2432 et
410 2379 516 2444 Beuum,
538 2383 714 2434 nietentionie
733 2389 757 2432 et
775 2382 984 2448 imponimitotie
1003 2381 1096 2448 iegitur
1117 2386 1141 2434 iu
1160 2385 1224 2436 edd.
1242 2393 1296 2438 vett

288 2477 313 2520 et
327 2467 437 2532 Euneon,
455 2471 657 2524 sustentationis
676 2476 700 2519 et
717 2470 926 2536 ionponisnitotie
944 2470 969 2518 iu
984 2467 1068 2532 Gne,
1087 2477 1297 2537 sustentationes,
1374 2457 1375 2462 ¹

288 2567 311 2610 et
329 2558 536 2627 ionpunintitatie
556 2556 580 2604 in
596 2553 669 2618 ttae,
688 2557 864 2608 etesdnentiae
880 2565 903 2623 et
915 2558 1124 2625 ionponinn'tetie
1139 2557 1203 2621 dunt
1216 2559 1298 2609 diuum

286 2641 380 2692 Pemet.
401 2640 491 2708 Rigalt.
514 2647 540 2690 et
559 2638 640 2690 Onon.
678 2639 768 2692 Veram
788 2641 924 2692 tectionem
944 2642 1043 2692 demum
1064 2644 1175 2694 restituit
1192 2643 1298 2696 Buluuim

287 2745 395 2796 eumque
414 2728 563 2778 confirment
582 2726 620 2777 W.
641 2726 720 2779 Mecd.
742 2726 785 2778 Bb.
806 2728 873 2780 Aet
892 2731 947 2795 ipse
966 2729 1059 2782 Noster
1078 2731 1103 2781 io
1122 2729 1193 2782 Teet.
1210 2731 1250 2782 111,
1263 2730 1306 2780 35.“

286 2833 311 2883 p.
325 2815 384 2867 ³16.
421 2815 448 2866 lu
471 2813 511 2865 tib
530 2822 588 2880 post
604 2819 757 2884 potientium
776 2815 942 2880 addicerent,
962 2821 1122 2886 comempnie
1142 2819 1262 2870 scribitur
1278 2819 1298 2866 ic

287 2902 323 2956 tt·
341 2912 367 2954 ct
387 2903 459 2966 ttcd,
487 2906 690 2972 contempnitis,
714 2906 845 2972 ipseorotie
866 2905 890 2955 in
909 2904 939 2956 tt.
978 2904 1023 2968 17)
1043 2909 1238 2960 theodeurinus
1256 2904 1299 2967 tte,

285 2986 452 3044 minuriunt
472 2989 516 3040 Bb.
555 2989 612 3040 11οι
636 2993 665 3042 in
690 2993 758 3043 diem
781 2994 839 3044 irae
859 2990 1017 3058 Vertiicep.
1037 2999 1064 3042 et
1082 2990 1144 3044 Beb.
1182 2992 1210 3043 in
1235 3007 1298 3059 seqq.

286 3093 331 3144 pro
349 3095 429 3147 opera
450 3076 490 3128 dib
510 3075 586 3128 hebet
603 3081 675 3144 foeta
696 3080 799 3132 eteius
817 3093 863 3144 pro
882 3095 935 3130 eno
954 3077 983 3128 Α.
1021 3077 1066 3144 18)
1085 3095 1147 3132 esee
1166 3093 1219 3130 om.
1239 3079 1299 3130 Aet

285 3164 364 3215 verbu
383 3165 511 3229 proximu:
531 3167 593 3231 quio
610 3180 702 3216 sertem
721 3174 771 3248 est,
794 3164 839 3215 tte.
878 3163 993 3216 initalia
1013 3165 1099 3216 scribit
1118 3169 1236 3236 tonyam,
1254 3175 1299 3216 tum

285 3248 322 3290 m
339 3287 498 3350 paenitentia
516 3282 561 3334 Bb.
600 3287 654 3338 Dei·
673 3284 767 3336 excidit
788 3286 813 3336 in
832 3286 863 3335 Α.
899 3285 962 3336 Voc.
981 3288 1109 3355 patientie
1125 3303 1163 3354 pr.
1185 3289 1298 3338 omissum

285 3373 310 3421 in
325 3369 364 3422 Mc
383 3388 403 3422 r.
416 3387 449 3422 m.
468 3371 499 3422 ed
519 3383 567 3440 mg,
582 3371 688 3422 eddidit.
726 3371 790 3422 Mete
810 3356 963 3426 consectetur
975 3372 1014 3440 W.
1055 3369 1100 3437 19)
1117 3385 1299 3443 praesentetur

286 3455 329 3508 oa.
368 3457 423 3508 Mox
440 3462 567 3527 prodesse
584 3462 743 3527 poenitentia
761 3459 806 3510 iic.
845 3463 965 3524 moesti,
993 3469 1020 3511 ut
1042 3459 1260 3514 cdd..Bniuzinou
1278 3467 1298 3512 et

286 3541 482 3610 (tottionem,
502 3544 623 3597 exhibent
641 3561 741 3614 quoque
761 3546 834 3598 codd.
848 3545 907 3597 Ver.
927 3547 980 3598 Vct.
995 3547 1019 3599 3.
1038 3547 1070 3597 W
1090 3556 1117 3600 et
1136 3547 1221 3613 maed,
1240 3563 1298 3618 pec·

286 3635 357 3685 conti
374 3631 485 3683 scribunt
504 3631 550 3684 dib.
571 3630 606 3684 Bu
626 3633 691 3684 etti
716 3633 928 3685 concordantibus
954 3633 1012 3685 edd.
1033 3634 1130 3687 lienem.
1157 3644 1183 3687 et
1209 3649 1298 3688 reccu-

284 3720 391 3772 tioribus
409 3729 467 3772 ente
484 3708 571 3772 'Belum
591 3719 721 3784 omuibus,
742 3724 857 3790 peccatis
875 3723 1000 3788 reperitur
1018 3723 1044 3773 in
1063 3721 1109 3774 Bb.

1368 3743 1371 3784 1
