2904 4692
628 408 670 476 45

140 571 244 638 salutis
267 586 327 634 non
350 569 380 632 in
403 568 509 635 fiducia
530 569 719 640 innocentiae
742 583 816 630 suae
839 565 953 648 posuit,
977 583 1043 633 curu
1065 565 1157 628 iuno·

141 702 214 748 cens
236 701 325 746 nemo
348 683 396 761 sit,
419 680 473 744 sed
496 687 617 763 peccata
641 680 801 744 conlessus
824 680 973 744 humiliter
995 678 1099 756 oravit,
1128 683 1158 740 et

142 795 293 860 exaudivit
315 803 449 861 orantem
472 797 523 878 qui
545 795 702 859 humilibus
725 795 862 878 ignoscit.
908 795 992 869 Quae
1021 791 1157 857 tonnus

142 909 171 968 iu
195 907 354 991 evaugelio
378 927 434 972 suo
456 883 540 989 pouit
555 905 582 982 8)
605 912 634 968 et
658 907 745 968 dicit:
775 904 924 970 Homines
954 906 1016 970 duo
1045 925 1157 968 aecem

142 1020 254 1084 derunt
268 1017 296 1096 4)
327 1020 359 1081 in
390 1019 533 1100 templum
563 1037 675 1094 uase,
707 1037 788 1080 unus
812 1018 1000 1082 Pborisaeus
1027 1027 1057 1080 et
1077 1037 1158 1082 unus

141 1133 337 1213 publicanus.
384 1132 572 1197 Pharisaeus
590 1128 708 1206 ³)'euus
730 1133 882 1208 stetisset,
903 1131 995 1194 'teliu
1017 1132 1103 1214 opud
1123 1149 1159 1194 sa

140 1245 351 1326 precabatur:
373 1243 471 1320 Deus,
494 1243 615 1322 malias
639 1241 695 1303 tibi
717 1260 786 1323 noo,
809 1244 962 1323 quianon
978 1262 1055 1320 suus,
1077 1247 1160 1309 sicut

143 1360 238 1421 ceteri
261 1358 419 1433 besaines,
443 1355 573 1433 iniusti,
594 1362 757 1436 ruptores,
782 1355 928 1431 adulteri,
952 1355 1105 1436 quomodo
1130 1363 1160 1418 el

139 1471 327 1550 publicanus
359 1471 425 1534 iste.
478 1468 589 1532 Ieiuno
622 1467 670 1530 bis
702 1471 736 1529 iss
764 1467 917 1545 sabbato,
950 1468 1085 1530 άιοίιιιιιι
1117 1467 1158 1532 do

142 1585 275 1648 omnium
290 1581 318 1661 6)
349 1599 557 1664 quaecumque
584 1580 743 1661 possideo.
794 1578 983 1644 Publicanos
1001 1574 1027 1655 1)
1059 1588 1161 1644 ascens

142 1798 189 1865 lic,
210 1806 237 1851 ut
256 1805 337 1851 exaltu
355 1798 379 1848 iu
399 1795 456 1846 edtl.
474 1793 643 1846 Manutlausm
662 1792 875 1846 antecedentibus
894 1801 971 1862 utque
984 1793 1092 1860 berall,
1111 1811 1160 1848 osc

143 1887 219 1939 alitur
236 1901 252 1937 e
270 1899 335 1936 cass.
355 1882 446 1950 legitur
464 1883 489 1932 in
509 1880 557 1932 lle.
595 1879 723 1934 Menneu
739 1883 836 1950 iiluna
854 1880 919 1932 male
938 1879 990 1945 lia,
1017 1897 1069 1934 ssass
1086 1884 1158 1948 fidas.

143 1978 214 2028 dass
237 1971 260 2024 Α
286 1970 444 2038 eandemque
469 1967 606 2020 lectionem
633 1982 648 2018 e
673 1966 723 2019 blS.
748 1965 854 2034 protulit
878 1970 915 2022 la.
941 1971 1016 2022 Frui.
1043 1971 1158 2024 Gronau

144 2057 288 2113 observati.
308 2059 333 2109 iu
347 2054 516 2123 scriptoribus
536 2053 629 2106 eccles.
651 2069 674 2104 c.
690 2055 729 2106 tt.
748 2070 773 2121 p.
788 2053 848 2118 628,
867 2053 978 2106 addens:
998 2052 1047 2121 ,tu
1060 2061 1159 2106 nesam

143 2146 176 2198 (la
199 2145 278 2214 ogau
302 2145 481 2213 grammatica,
508 2143 533 2196 in
553 2156 601 2210 qua
619 2155 697 2209 saepe
715 2141 820 2194 delicias
838 2141 935 2194 iaciunt
953 2150 1070 2209 veteres,
1097 2143 1160 2196 satia

144 2231 275 2285 confirmat
292 2230 358 2284 bsuc
376 2229 512 2281 lectionem
530 2229 629 2280 auctoni
649 2227 730 2294 locus,
749 2243 824 2296 quem
840 2229 951 2282 imitatus
963 2229 1159 2298 translatumque
1239 2237 1243 2240 '

143 2318 248 2382 habult,
274 2325 303 2369 ut
325 2331 392 2370 nuuc
416 2315 493 2384 uulgo
517 2323 573 2380 est,
600 2316 736 2368 verborum
754 2318 906 2371 Hieremiae
925 2332 980 2383 cap.
1000 2317 1041 2370 1⁷.
1062 2316 1159 2386 [iuiu]:

142 2407 301 2462 Maledictus
319 2408 405 2470 boatu
423 2407 468 2474 qui
485 2406 589 2473 confidit
607 2407 635 2456 iu
652 2407 756 2458 bomine
775 2413 799 2456 et
815 2406 890 2472 ponit
906 2420 1012 2458 amans
1024 2407 1160 2458 bruelium

144 2509 236 2556 sunau,
253 2500 279 2543 et
297 2506 353 2559 cap.
373 2491 397 2542 5.
417 2489 455 2558 [v.
474 2489 546 2557 221:
568 2493 613 2560 qui
629 2494 710 2558 posui
727 2508 835 2544 anunm
854 2495 994 2546 numinum
1011 2495 1090 2558 mari,
1108 2489 1160 2555 vel,

145 2585 173 2630 ut
190 2576 266 2630 babet
283 2582 443 2634 Ambrosius
461 2577 581 2631 llexaem.
602 2575 641 2630 lll.
662 2592 718 2646 cap.
738 2579 764 2630 2.
782 2581 849 2649 lines
867 2581 945 2632 asari.
981 2581 1161 2648 Hieronymus

145 2663 558 2733 Apolag.aslssssus·llulboun1:
587 2669 675 2735 Usque
698 2669 795 2720 meone
818 2669 958 2720 obdurasti
979 2670 1107 2736 frontem,
1132 2674 1162 2719 ut

144 2753 308 2806 mussan
330 2769 415 2820 postu
437 2769 511 2820 spem
529 2753 633 2820 tunnis
657 2752 699 2804 Sic
719 2760 746 2805 et
763 2750 853 2804 Psalm.
873 2751 945 2804 xvu.
965 2751 1004 2819 [v.
1026 2750 1099 2820 12.]:
1126 2755 1163 2806 El

142 2838 236 2905 posuit
248 2839 366 2890 tenebras
378 2840 515 2892 latibulum
527 2856 618 2903 suum,
635 2846 662 2890 at
672 2857 768 2907 pausus
780 2841 903 2892 issimieos
917 2849 977 2892 tuae
990 2840 1160 2893 scabellum.“-

145 2919 173 2972 lu
197 2935 267 2990 seqq.
295 2924 429 2978 humilitas·
454 2927 597 2990 coufessus
617 2919 661 2972 Bb,
699 2921 765 2972 llein
783 2927 888 2991 rayaait
905 2922 950 2974 Ba.
971 2918 1019 2975 lis.
1039 2926 1069 2976 Α.
1106 2923 1163 2974 blox

145 3025 250 3078 semipes·
266 3009 410 3062 bumilibus
429 3010 543 3077 innocuit
560 3004 654 3056 Pamel.
667 3005 759 3074 Rigalt.
776 3014 802 3056 et
815 3004 895 3058 Oxou.
933 3006 960 3070 3)
981 3012 1009 3061 in
1029 3012 1163 3078 causalia

145 3098 247 3150 monuit
265 3105 288 3150 et
306 3098 372 3149 attau
390 3094 417 3144 G.
447 3091 575 3144 Vibius.
591 3092 632 3157 18,
647 3092 687 3143 10.
725 3093 753 3155 4)
773 3095 948 3148 aeumulamini
965 3096 1017 3148 aluo
1034 3094 1065 3145 Α.
1101 3092 1162 3147 Tum

145 3187 175 3236 in
194 3186 289 3251 templa
307 3180 352 3233 lla.
390 3180 454 3231 Dein
473 3179 696 3244 naturaralibus,
715 3182 828 3250 aios-are
847 3179 874 3232 C.
893 3180 933 3233 W.
953 3180 1033 3233 llncd.
1053 3179 1117 3248 Bne,
1137 3191 1163 3233 ut

147 3267 206 3320 eald.
225 3276 285 3320 autc
304 3267 395 3319 Manat.
415 3283 438 3317 c.
458 3265 554 3318 mosell.
574 3265 669 3319 Pamel.
683 3276 759 3336 atque
772 3265 864 3336 Rigalt.
899 3267 957 3319 blox
975 3277 999 3322 et
1018 3271 1090 3324 alius
1107 3289 1162 3338 pu·

146 3357 268 3409 blisenna
280 3352 327 3419 tu,
346 3365 370 3408 et
387 3358 454 3408 alter
469 3356 539 3422 publ.
554 3352 612 3405 Ver.
629 3352 672 3405 lle.
686 3353 749 3407 bled.
763 3355 793 3406 Α.
826 3353 861 3406 lta
880 3363 907 3408 ct
924 3354 981 3407 libai
999 3365 1058 3408 aute
1071 3355 1163 3412 Manat.

147 3441 214 3492 editi
231 3457 279 3493 una
299 3457 354 3493 oum
372 3440 469 3493 Mosell.
508 3443 536 3506 5)
556 3441 665 3494 nouitas
682 3452 768 3497 autem
787 3444 812 3494 iu
826 3441 982 3495 bonusne.
997 3444 1028 3495 ll.
1065 3444 1164 3498 Deinde

93 3555 96 3562 ·
146 3531 254 3582 attalia
274 3557 301 3568 -·
323 3532 510 3596 apocabatur
527 3527 604 3580 babet
617 3532 647 3581 Α.
685 3533 881 3598 Deprecabatur
899 3533 1025 3599 reperitur
1043 3533 1119 3582 stiam
1137 3533 1163 3582 iu

147 3613 200 3666 Bne
218 3615 322 3668 etllctl.
355 3615 411 3668 llox
429 3620 476 3670 tibi
493 3620 599 3687 quatias
617 3633 665 3686 ayo
684 3614 753 3680 iun,
771 3636 811 3685 qr.
832 3635 880 3686 aaa
899 3623 946 3673 tibi
964 3615 1064 3669 iullbi.
1098 3615 1164 3668 Dein

147 3706 219 3758 siaul
237 3701 269 3753 ab
289 3702 319 3755 al.
339 3719 372 3754 us.
391 3707 586 3771 superscriptum
606 3707 630 3754 in
644 3703 690 3754 lla.
728 3703 845 3754 Proxime
860 3714 992 3772 raptores,
1012 3708 1109 3757 iniusti
1127 3701 1164 3755 ltu

148 3797 174 3841 et
187 3788 229 3842 tlt.
262 3788 324 3842 'lum
342 3794 385 3847 bie
401 3793 561 3859 publicanus
579 3805 625 3857 pao
644 3799 668 3843 et
677 3792 749 3858 publ.
762 3793 814 3844 iste
827 3787 872 3842 llb.
909 3789 937 3854 6)
957 3793 988 3844 elo
1000 3793 1032 3842 is
1043 3793 1165 3844 omuibus

149 3875 207 3928 Vsa.
227 3884 254 3928 st
272 3875 326 3929 tter
346 3877 523 3947 ebitiouasqua
543 3885 601 3930 ante
620 3876 713 3928 linum.
734 3893 790 3928 cum
808 3876 921 3941 mosell,
950 3880 982 3931 alo
1000 3881 1031 3932 aia
1050 3879 1166 3932 ansuinus

150 3961 180 4012 W
199 3972 225 4014 et
244 3964 282 4016 lla
303 3966 347 4033 (ule
365 3967 389 4018 io
407 3964 456 4017 boc
475 3967 540 4018 libro
559 3965 622 4017 iutra
643 3964 736 4017 lineola
755 3965 895 4032 insignito).
934 3963 993 4016 Tum
1013 3979 1079 4032 quae
1094 3981 1164 4034 pos·
