2858 4688
642 397 704 464 trs

163 553 340 633 pronuntio,
364 533 398 616 ¹et
420 573 475 618 vos
499 563 529 618 et
552 555 627 620 deos
650 562 770 620 vestros
793 558 871 625 olore
895 567 925 623 ot
946 560 1063 642 publico
1085 579 1179 642 proe÷

163 663 310 728 diootione
341 667 522 734 contundo?
575 667 653 742 Ouid
682 674 711 730 te
744 668 780 732 ed
813 670 1008 736 infirmitatem
1043 674 1180 758 corporis

81 863 85 870 ⁸
164 769 272 856 vertis,
305 779 374 860 quid
406 797 470 842 oum
501 784 640 842 terrenae
662 775 761 844 cornis
784 780 1179 848 inbecillitate-contendis?

163 886 236 950 Corn
259 890 346 951 enimi
369 890 474 974 vigore
497 889 697 972 congredere,
721 891 858 954 virtutem
876 896 982 956 mentis
998 893 1178 980 infringet),

162 999 249 1064 tidem
266 1003 398 1082 destrue,
422 1002 648 1085 disceptatione,
672 1004 698 1066 si
713 1003 812 1085 potos,
832 1006 929 1086 vinee,
950 1007 1037 1071 vinee
1052 1011 1176 1074 rationo.

636 1197 701 1268 xli.

160 1363 162 1370 ¹
247 1341 302 1403 Vel
325 1340 351 1402 si
374 1339 443 1420 qnid
468 1339 523 1402 diis
547 1339 605 1404 tuis
628 1339 754 1403 numinis
769 1340 794 1414 ¹)
819 1347 849 1402 et
872 1345 1026 1423 potestatis
1043 1351 1098 1425 est,
1120 1348 1177 1429 ipsi

158 1455 188 1516 in
211 1454 353 1516 ultionem
376 1471 459 1516 suom
483 1431 616 1536 sordent,
643 1452 649 1534 Ι
678 1453 743 1534 ipsi,
757 1472 791 1516 se
814 1472 867 1518 sun
891 1458 1043 1521 maiestate
1065 1459 1176 1532 deion÷
1190 1478 1226 1518 sos

158 1569 237 1632 dont
282 1568 321 1632 Ar
336 1564 363 1642 ²)
394 1566 464 1647 quid
487 1573 644 1647 proestare
668 1568 834 1632 nolentibus
855 1577 984 1654 possunt
1006 1572 1057 1652 qui
1079 1590 1115 1640 se,
1136 1573 1197 1639 do.

158 1699 218 1745 non
239 1681 406 1760 solentibus
429 1680 583 1746 vindicare
605 1699 665 1744 non
687 1681 839 1763 possunt?
877 1681 950 1754 Nero
973 1683 998 1746 si
1021 1683 1173 1771 eoquss)

158 1794 323 1858 vindicetur
350 1793 443 1876 pluris
473 1799 519 1856 est
540 1794 590 1857 illo
613 1795 664 1875 qui
686 1787 833 1873 vindicor,
865 1801 896 1880 tu
920 1795 977 1861 diis
999 1791 1066 1860 tuis‘
1079 1800 1175 1862 maior

158 1925 201 1971 ss.
247 1907 279 1972 Si
309 1913 404 1970 sutem
433 1906 479 1970 his
509 1924 586 1988 qnos
616 1908 691 1971 colis
721 1909 824 1971 molor
837 1925 871 1970 es
887 1905 932 1986 ⁴),
966 1926 1026 1971 non
1050 1913 1082 1974 br
1104 1910 1173 1982 illos

156 2022 277 2100 ootere,
312 2021 365 2084 sed
397 2023 435 2084 ob
465 2021 523 2084 illis
555 2021 613 2085 coli
644 2021 747 2084 debes.
792 2021 842 2086 Sic
871 2021 937 2084 illos
967 2021 1069 2087 laesos
1100 2024 1172 2088 ultio

153 2229 179 2273 et
196 2218 312 2284 Eresos,
338 2220 533 2289 praedicarim
557 2217 652 2284 primos
671 2216 782 2268 correxit
801 2214 912 2267 Gravius.
958 2218 987 2284 7)
1005 2221 1172 2288 cesssionem

151 2305 199 2359 lis.
237 2305 299 2359 'lum
317 2307 369 2376 {ide
383 2308 491 2358 destrue
508 2305 735 2372 recesserim,
763 2306 790 2356 si
805 2303 895 2372 poteo,
925 2307 1051 2358 oonoiors
1069 2308 1171 2358 salioru

151 2391 202 2444 ldd.
239 2392 353 2444 Alterum
372 2395 448 2446 oinos
467 2405 516 2442 om.
538 2388 594 2453 lib,
613 2393 743 2444 rationem
760 2389 874 2448 scribunt
893 2387 933 2440 lib
954 2398 980 2442 et
998 2388 1044 2443 Rs.

221 2477 273 2530 xit.
313 2479 341 2547 1)
360 2481 482 2543 misistis
499 2476 528 2529 A.
565 2475 623 2530 ttox
640 2487 756 2547 mysni
774 2484 800 2530 st
818 2480 848 2530 de
866 2490 912 2544 pro
931 2493 962 2531 rs
980 2477 1013 2541 A,
1036 2494 1067 2531 ss
1084 2478 1109 2529 io
1130 2476 1169 2530 ttb

150 2584 169 2620 s.
189 2583 222 2618 rn.
244 2581 319 2633 sopra
341 2564 446 2616 eddidit.
493 2564 521 2626 2)
541 2562 578 2614 lte
597 2560 702 2615 Gravius
719 2563 745 2614 in
762 2578 858 2631 mors„
888 2561 999 2616 Latinius
1019 2572 1045 2615 st
1062 2567 1120 2618 Ant.
1140 2567 1171 2618 ds

150 2658 225 2724 ltooy
244 2651 365 2720 Spioileg.
385 2653 435 2703 erit
461 2667 485 2718 p.
505 2650 553 2715 32;
581 2650 656 2702 codd.
677 2658 703 2702 et
722 2649 780 2704 edd.
800 2659 854 2704 aot.
890 2648 1008 2702 Pronom.
1028 2668 1073 2719 se,
1101 2651 1170 2719 quod

149 2747 209 2791 note
228 2742 373 2792 solentibus
391 2739 469 2789 tacite
489 2739 594 2790 inseruit
612 2736 745 2802 baluzius,
771 2737 846 2790 codd.
866 2736 905 2788 W.
926 2737 1026 2790 llnbcd.
1046 2737 1083 2790 Bb
1102 2738 1170 2790 οιΑ

150 2823 391 2885 morimontensi,
417 2825 562 2876 solentibus
581 2839 611 2878 ss
631 2822 708 2874 bobet
726 2821 778 2886 Bo,
803 2822 871 2873 unde
890 2831 962 2890 pstst
980 2825 1047 2876 istud
1067 2824 1168 2876 addita·

149 2916 262 2960 mentum
281 2924 296 2958 e
313 2908 469 2976 glossemate
488 2907 597 2959 fluxisse.
635 2908 735 2958 Deinde
759 2912 864 2976 possint
883 2908 904 2958 V
926 2908 1022 2975 (Veni
1060 2908 1170 2962 Ceterae

150 2999 216 3049 enirn
235 2996 333 3048 litterae
351 2997 376 3045 io
395 2994 554 3062 Gottingensi
573 2993 666 3045 Monet.
688 2993 810 3044 editionis
828 2993 967 3060 exemplari
993 2994 1025 3046 ob
1050 2995 1169 3060 imperita

149 3081 288 3151 bibliopegi
308 3097 382 3134 msnu
401 3089 461 3133 sunt
478 3081 615 3147 abscisae),
634 3083 694 3132 item
713 3080 772 3132 edd.
792 3088 854 3133 vett.
875 3096 897 3130 o.
913 3079 1010 3133 Erssm.
1029 3089 1055 3132 et
1073 3081 1169 3134 blorell.

149 3171 177 3238 3)
204 3174 250 3239 qui
274 3187 289 3222 s
314 3171 415 3222 diverso
442 3183 515 3220 mono
540 3169 738 3236 superscriptum
762 3175 802 3220 est
820 3169 844 3218 in
865 3167 910 3220 llo.
949 3166 1018 3220 ldern
1037 3167 1101 3221 liber
1120 3185 1168 3220 sx-

149 3257 252 3310 bibebst
269 3260 414 3312 indicator.
451 3253 511 3306 Turn
528 3258 591 3326 plus
609 3265 649 3310 ert
665 3253 709 3307 Bo.
744 3254 805 3307 Post
822 3259 908 3310 maio
925 3257 1030 3308 rsrbnor
1047 3273 1075 3310 se
1088 3256 1122 3308 sl.
1136 3273 1168 3310 m.

148 3343 246 3397 eddidit
265 3347 289 3396 in
309 3344 349 3395 W.
396 3342 423 3404 4)
445 3341 626 3395 Desiderenror
643 3342 708 3394 lineo
726 3345 751 3395 io
771 3342 802 3395 Α.
838 3342 888 3396 Pro
907 3347 944 3398 iis
963 3361 1031 3414 qnos
1055 3359 1071 3396 ο
1092 3342 1167 3396 oodd.

148 3432 188 3484 W.
208 3429 262 3482 Brrb
283 3439 309 3482 ot
328 3430 366 3482 Mo
388 3432 488 3482 restitui
511 3434 555 3484 lis
573 3449 639 3500 quoe
658 3431 715 3498 (bie
734 3446 765 3482 ex
783 3435 823 3487 r's's
840 3439 982 3485 correctum
1002 3439 1041 3482 est
1059 3432 1084 3482 in
1104 3429 1168 3497 tib),

147 3522 203 3574 liis
222 3518 319 3570 babent
338 3517 394 3569 lllsd
414 3525 439 3569 et
458 3517 588 3585 exemplar
607 3517 671 3568 Dor.
709 3516 748 3568 De
767 3533 813 3568 usu
833 3519 987 3584 pronominis
1006 3518 1166 3568 demonstra·

147 3606 193 3658 tivi
212 3609 255 3660 lio
272 3621 320 3674 pro
340 3608 366 3659 is
386 3620 442 3656 cum
461 3603 570 3656 relativo
587 3605 715 3656 coniuncti
727 3603 779 3654 vid.
794 3619 859 3672 quoe
873 3605 993 3656 ednotrvi
1006 3603 1037 3654 sd
1051 3602 1166 3654 dominio.

146 3700 210 3743 orst.
237 3708 293 3758 rep.
311 3690 364 3742 Xll.
390 3699 443 3742 not.
463 3692 487 3742 9.
534 3689 623 3741 Statim
649 3693 680 3742 sb
707 3692 765 3743 litis
793 3690 899 3757 (legitor
923 3690 1001 3758 vulgo
1027 3692 1057 3741 ob
1083 3691 1166 3756 ipris)

49 3831 55 3840 ,
146 3778 319 3846 prsebueront
346 3779 422 3832 codd.
441 3777 482 3831 W.
504 3777 568 3829 blod.
590 3776 642 3828 Bsb
668 3784 694 3827 et
713 3782 741 3826 A.
780 3775 942 3828 Consordoot
966 3776 1023 3827 edd.
1045 3774 1119 3827 Grev.
1141 3781 1167 3824 et

147 3865 244 3918 blorell.
282 3865 318 3918 lte
338 3868 449 3918 correxit
468 3867 543 3916 etism
562 3866 602 3915 vir
621 3864 687 3915 doot.
707 3865 730 3914 io
744 3862 903 3930 Gottingeosi
917 3863 1009 3915 Monut.
1023 3862 1062 3912 ed.
1077 3877 1166 3922 exem-

145 3952 225 4018 plsri3
254 3956 286 4008 al
312 3956 374 4008 ilios
399 3954 490 4006 vitiose
515 3952 604 4004 scribit
622 3950 668 4002 tio.
704 3953 802 4006 Potine
821 3949 945 4002 adiectum
965 3949 997 4000 sb
1016 3947 1122 4000 Erssrno
1141 3955 1166 4017 et
