<?xml version="1.0" encoding="UTF-8"?>
<!DOCTYPE html PUBLIC "-//W3C//DTD XHTML 1.0 Transitional//EN"
    "http://www.w3.org/TR/xhtml1/DTD/xhtml1-transitional.dtd">
<html xmlns="http://www.w3.org/1999/xhtml" xml:lang="en" lang="en">
 <head>
  <title>
</title>
<meta http-equiv="Content-Type" content="text/html;charset=utf-8" />
  <meta name='ocr-system' content='tesseract 3.04.00' />
  <meta name='ocr-capabilities' content='ocr_page ocr_carea ocr_par ocr_line ocrx_word'/>
</head>
<body>
  <div class='ocr_page' id='page_1' title='image "./libridecatholic00krabgoog_0261.png"; bbox 0 0 2904 4692; ppageno 0'>
   <div class='ocr_carea' id='block_1_1' title="bbox 770 407 813 474">
    <p class='ocr_par' dir='ltr' id='par_1_1' title="bbox 770 407 813 474">
     <span class='ocr_line' id='line_1_1' title="bbox 770 407 813 474; baseline -0.047 0"><span class='ocrx_word' id='word_1_1' title='bbox 770 407 813 474; x_wconf 78' lang='lat' dir='ltr'><strong><em>td</em></strong></span> 
     </span>
    </p>
   </div>
   <div class='ocr_carea' id='block_1_2' title="bbox 251 562 1305 1769">
    <p class='ocr_par' dir='ltr' id='par_1_2' title="bbox 251 562 1305 1769">
     <span class='ocr_line' id='line_1_2' title="bbox 286 562 1305 656; baseline 0.002 -26"><span class='ocrx_word' id='word_1_2' title='bbox 286 562 324 630; x_wconf 87' lang='lat' dir='ltr'><strong><em>de</em></strong></span> <span class='ocrx_word' id='word_1_3' title='bbox 346 565 519 656; x_wconf 61' lang='lat' dir='ltr'><strong><em>tonsisque</em></strong></span> <span class='ocrx_word' id='word_1_4' title='bbox 540 564 647 628; x_wconf 81' lang='lat' dir='ltr'><strong><em>stcbct</em></strong></span> <span class='ocrx_word' id='word_1_5' title='bbox 668 573 698 630; x_wconf 92' lang='lat' dir='ltr'><strong><em>et</em></strong></span> <span class='ocrx_word' id='word_1_6' title='bbox 718 585 817 649; x_wconf 79' lang='lat' dir='ltr'><strong><em>oeque</em></strong></span> <span class='ocrx_word' id='word_1_7' title='bbox 840 568 949 632; x_wconf 79' lang='lat' dir='ltr'><strong><em>oculos</em></strong></span> <span class='ocrx_word' id='word_1_8' title='bbox 972 565 1098 631; x_wconf 84' lang='lat' dir='ltr'><strong><em>cotcbct</em></strong></span> <span class='ocrx_word' id='word_1_9' title='bbox 1120 565 1164 630; x_wconf 90' lang='lat' dir='ltr'><strong><em>ud</em></strong></span> <span class='ocrx_word' id='word_1_10' title='bbox 1184 568 1305 632; x_wconf 79' lang='lat' dir='ltr'><strong><em>coelum</em></strong></span> 
     </span>
     <span class='ocr_line' id='line_1_3' title="bbox 286 675 1303 759; baseline 0.003 -19"><span class='ocrx_word' id='word_1_11' title='bbox 286 678 408 756; x_wconf 81' lang='lat' dir='ltr'><strong><em>iecore,</em></strong></span> <span class='ocrx_word' id='word_1_12' title='bbox 430 675 488 742; x_wconf 85' lang='lat' dir='ltr'><strong><em>scd</em></strong></span> <span class='ocrx_word' id='word_1_13' title='bbox 506 676 704 758; x_wconf 74' lang='lat' dir='ltr'><strong><em>percutiebat</em></strong></span> <span class='ocrx_word' id='word_1_14' title='bbox 721 685 831 759; x_wconf 83' lang='lat' dir='ltr'><strong><em>pectus</em></strong></span> <span class='ocrx_word' id='word_1_15' title='bbox 852 697 942 741; x_wconf 82' lang='lat' dir='ltr'><strong><em>suum</em></strong></span> <span class='ocrx_word' id='word_1_16' title='bbox 965 679 1088 741; x_wconf 84' lang='lat' dir='ltr'><strong><em>dicens:</em></strong></span> <span class='ocrx_word' id='word_1_17' title='bbox 1119 679 1204 742; x_wconf 77' lang='lat' dir='ltr'><strong><em>Deus</em></strong></span> <span class='ocrx_word' id='word_1_18' title='bbox 1225 698 1303 759; x_wconf 76' lang='lat' dir='ltr'><strong><em>pro·</em></strong></span> 
     </span>
     <span class='ocr_line' id='line_1_4' title="bbox 282 769 1304 872; baseline 0.005 -22"><span class='ocrx_word' id='word_1_19' title='bbox 282 790 382 870; x_wconf 78' lang='lat' dir='ltr'><strong><em>pitius</em></strong></span> <span class='ocrx_word' id='word_1_20' title='bbox 403 798 469 854; x_wconf 81' lang='lat' dir='ltr'><strong><em>esto</em></strong></span> <span class='ocrx_word' id='word_1_21' title='bbox 493 792 568 854; x_wconf 79' lang='lat' dir='ltr'><strong><em>midi</em></strong></span> <span class='ocrx_word' id='word_1_22' title='bbox 587 793 760 872; x_wconf 76' lang='lat' dir='ltr'><strong><em>peccatori.</em></strong></span> <span class='ocrx_word' id='word_1_23' title='bbox 797 791 879 856; x_wconf 81' lang='lat' dir='ltr'><strong><em>Dico</em></strong></span> <span class='ocrx_word' id='word_1_24' title='bbox 901 791 992 856; x_wconf 80' lang='lat' dir='ltr'><strong><em>codis</em></strong></span> <span class='ocrx_word' id='word_1_25' title='bbox 1008 785 1047 869; x_wconf 72' lang='grc'><strong><em>8),</em></strong></span> <span class='ocrx_word' id='word_1_26' title='bbox 1072 791 1232 856; x_wconf 77' lang='lat' dir='ltr'><strong><em>descendit</em></strong></span> <span class='ocrx_word' id='word_1_27' title='bbox 1250 769 1304 855; x_wconf 78' lang='lat' dir='ltr'><strong><em>irie</em></strong></span> 
     </span>
     <span class='ocr_line' id='line_1_5' title="bbox 286 902 1302 984; baseline 0.005 -21"><span class='ocrx_word' id='word_1_28' title='bbox 286 902 474 982; x_wconf 73' lang='lat' dir='ltr'><strong><em>iustificatos</em></strong></span> <span class='ocrx_word' id='word_1_29' title='bbox 497 905 531 965; x_wconf 82' lang='lat' dir='ltr'><strong><em>in</em></strong></span> <span class='ocrx_word' id='word_1_30' title='bbox 549 903 672 966; x_wconf 79' lang='lat' dir='ltr'><strong><em>domum</em></strong></span> <span class='ocrx_word' id='word_1_31' title='bbox 687 923 775 967; x_wconf 84' lang='lat' dir='ltr'><strong><em>suum</em></strong></span> <span class='ocrx_word' id='word_1_32' title='bbox 789 906 900 984; x_wconf 69' lang='lat' dir='ltr'><strong><em>mucis,</em></strong></span> <span class='ocrx_word' id='word_1_33' title='bbox 924 923 1015 984; x_wconf 81' lang='lat' dir='ltr'><strong><em>quom</em></strong></span> <span class='ocrx_word' id='word_1_34' title='bbox 1031 904 1085 966; x_wconf 85' lang='lat' dir='ltr'><strong><em>iile</em></strong></span> <span class='ocrx_word' id='word_1_35' title='bbox 1100 905 1302 984; x_wconf 73' lang='lat' dir='ltr'><strong><em>Pharisaeus,</em></strong></span> 
     </span>
     <span class='ocr_line' id='line_1_6' title="bbox 286 1014 1302 1097; baseline 0.006 -22"><span class='ocrx_word' id='word_1_36' title='bbox 286 1014 362 1097; x_wconf 81' lang='lat' dir='ltr'><strong><em>quio</em></strong></span> <span class='ocrx_word' id='word_1_37' title='bbox 384 1017 484 1078; x_wconf 82' lang='lat' dir='ltr'><strong><em>omnis</em></strong></span> <span class='ocrx_word' id='word_1_38' title='bbox 505 1017 559 1096; x_wconf 83' lang='lat' dir='ltr'><strong><em>qui</em></strong></span> <span class='ocrx_word' id='word_1_39' title='bbox 579 1035 613 1078; x_wconf 88' lang='lat' dir='ltr'><strong><em>sc</em></strong></span> <span class='ocrx_word' id='word_1_40' title='bbox 636 1015 779 1094; x_wconf 73' lang='lat' dir='ltr'><strong><em>estoliit,</em></strong></span> <span class='ocrx_word' id='word_1_41' title='bbox 811 1016 1028 1080; x_wconf 66' lang='lat' dir='ltr'><strong><em>comitiatum</em></strong></span> <span class='ocrx_word' id='word_1_42' title='bbox 1057 1023 1088 1078; x_wconf 87' lang='lat' dir='ltr'><strong><em>et</em></strong></span> <span class='ocrx_word' id='word_1_43' title='bbox 1109 1017 1165 1096; x_wconf 86' lang='lat' dir='ltr'><strong><em>qui</em></strong></span> <span class='ocrx_word' id='word_1_44' title='bbox 1185 1037 1220 1080; x_wconf 88' lang='lat' dir='ltr'><strong><em>se</em></strong></span> <span class='ocrx_word' id='word_1_45' title='bbox 1241 1020 1302 1081; x_wconf 78' lang='lat' dir='ltr'><strong><em>its·</em></strong></span> 
     </span>
     <span class='ocr_line' id='line_1_7' title="bbox 283 1123 1303 1208; baseline 0.004 -19"><span class='ocrx_word' id='word_1_46' title='bbox 283 1128 402 1205; x_wconf 75' lang='lat' dir='ltr'><strong><em>initiat,</em></strong></span> <span class='ocrx_word' id='word_1_47' title='bbox 428 1128 628 1192; x_wconf 78' lang='lat' dir='ltr'><strong><em>occultabitur.</em></strong></span> <span class='ocrx_word' id='word_1_48' title='bbox 674 1128 848 1207; x_wconf 75' lang='lat' dir='ltr'><strong><em>(iuuenes,</em></strong></span> <span class='ocrx_word' id='word_1_49' title='bbox 871 1127 979 1192; x_wconf 80' lang='lat' dir='ltr'><strong><em>iratres</em></strong></span> <span class='ocrx_word' id='word_1_50' title='bbox 1003 1127 1186 1192; x_wconf 82' lang='lat' dir='ltr'><strong><em>dilectissimi</em></strong></span> <span class='ocrx_word' id='word_1_51' title='bbox 1202 1123 1240 1208; x_wconf 64' lang='grc'><strong><em>9),</em></strong></span> <span class='ocrx_word' id='word_1_52' title='bbox 1265 1130 1303 1193; x_wconf 88' lang='lat' dir='ltr'><strong><em>de</em></strong></span> 
     </span>
     <span class='ocr_line' id='line_1_8' title="bbox 285 1239 1302 1324; baseline 0.002 -22"><span class='ocrx_word' id='word_1_53' title='bbox 285 1239 383 1303; x_wconf 83' lang='lat' dir='ltr'><strong><em>divine</em></strong></span> <span class='ocrx_word' id='word_1_54' title='bbox 407 1241 536 1304; x_wconf 79' lang='lat' dir='ltr'><strong><em>lectione</em></strong></span> <span class='ocrx_word' id='word_1_55' title='bbox 565 1241 734 1319; x_wconf 81' lang='lat' dir='ltr'><strong><em>discentes,</em></strong></span> <span class='ocrx_word' id='word_1_56' title='bbox 765 1246 921 1323; x_wconf 82' lang='lat' dir='ltr'><strong><em>postquem</em></strong></span> <span class='ocrx_word' id='word_1_57' title='bbox 945 1241 1142 1324; x_wconf 77' lang='lat' dir='ltr'><strong><em>cognovimus</em></strong></span> <span class='ocrx_word' id='word_1_58' title='bbox 1166 1241 1203 1304; x_wconf 82' lang='lat' dir='ltr'><strong><em>sd</em></strong></span> <span class='ocrx_word' id='word_1_59' title='bbox 1228 1257 1302 1306; x_wconf 86' lang='lat' dir='ltr'><strong><em>ore-</em></strong></span> 
     </span>
     <span class='ocr_line' id='line_1_9' title="bbox 251 1351 1303 1438; baseline 0.006 -26"><span class='ocrx_word' id='word_1_60' title='bbox 251 1351 254 1358; x_wconf 76' lang='grc'><em>’</em></span> <span class='ocrx_word' id='word_1_61' title='bbox 285 1352 394 1416; x_wconf 87' lang='lat' dir='ltr'><strong><em>tionem</em></strong></span> <span class='ocrx_word' id='word_1_62' title='bbox 418 1353 544 1434; x_wconf 78' lang='lat' dir='ltr'><strong><em>qualiter</em></strong></span> <span class='ocrx_word' id='word_1_63' title='bbox 566 1353 714 1418; x_wconf 82' lang='lat' dir='ltr'><strong><em>secedere</em></strong></span> <span class='ocrx_word' id='word_1_64' title='bbox 737 1353 909 1433; x_wconf 81' lang='lat' dir='ltr'><strong><em>decennus,</em></strong></span> <span class='ocrx_word' id='word_1_65' title='bbox 932 1371 1151 1438; x_wconf 76' lang='lat' dir='ltr'><strong><em>cognoscamus</em></strong></span> <span class='ocrx_word' id='word_1_66' title='bbox 1174 1355 1303 1418; x_wconf 87' lang='lat' dir='ltr'><strong><em>docente</em></strong></span> 
     </span>
     <span class='ocr_line' id='line_1_10' title="bbox 285 1458 1301 1545; baseline 0.002 -18"><span class='ocrx_word' id='word_1_67' title='bbox 285 1464 405 1528; x_wconf 86' lang='lat' dir='ltr'><strong><em>domino</em></strong></span> <span class='ocrx_word' id='word_1_68' title='bbox 429 1470 457 1526; x_wconf 90' lang='lat' dir='ltr'><strong><em>et</em></strong></span> <span class='ocrx_word' id='word_1_69' title='bbox 480 1462 550 1545; x_wconf 86' lang='lat' dir='ltr'><strong><em>quid</em></strong></span> <span class='ocrx_word' id='word_1_70' title='bbox 574 1479 703 1526; x_wconf 86' lang='lat' dir='ltr'><strong><em>oremus.</em></strong></span> <span class='ocrx_word' id='word_1_71' title='bbox 748 1464 812 1542; x_wconf 85' lang='lat' dir='ltr'><strong><em>Sic,</em></strong></span> <span class='ocrx_word' id='word_1_72' title='bbox 836 1465 931 1545; x_wconf 83' lang='lat' dir='ltr'><strong><em>inquit</em></strong></span> <span class='ocrx_word' id='word_1_73' title='bbox 950 1458 998 1543; x_wconf 73' lang='lat'>¹⁰),</span> <span class='ocrx_word' id='word_1_74' title='bbox 1021 1471 1128 1527; x_wconf 88' lang='lat' dir='ltr'><strong><em>orcte:</em></strong></span> <span class='ocrx_word' id='word_1_75' title='bbox 1150 1465 1244 1528; x_wconf 85' lang='lat' dir='ltr'><strong><em>Pater</em></strong></span> <span class='ocrx_word' id='word_1_76' title='bbox 1261 1463 1301 1540; x_wconf 87' lang='lat'><strong><em>¹¹)</em></strong></span> 
     </span>
     <span class='ocr_line' id='line_1_11' title="bbox 284 1575 1300 1656; baseline 0.006 -20"><span class='ocrx_word' id='word_1_77' title='bbox 284 1583 410 1651; x_wconf 81' lang='lat' dir='ltr'><strong><em>noster,</em></strong></span> <span class='ocrx_word' id='word_1_78' title='bbox 445 1575 499 1655; x_wconf 82' lang='lat' dir='ltr'><strong><em>qui</em></strong></span> <span class='ocrx_word' id='word_1_79' title='bbox 532 1591 566 1636; x_wconf 84' lang='lat' dir='ltr'><strong><em>cs</em></strong></span> <span class='ocrx_word' id='word_1_80' title='bbox 600 1576 634 1637; x_wconf 85' lang='lat' dir='ltr'><strong><em>iu</em></strong></span> <span class='ocrx_word' id='word_1_81' title='bbox 666 1576 783 1654; x_wconf 85' lang='lat' dir='ltr'><strong><em>coetis,</em></strong></span> <span class='ocrx_word' id='word_1_82' title='bbox 816 1577 1029 1656; x_wconf 69' lang='lat' dir='ltr'><strong><em>sanctificetur</em></strong></span> <span class='ocrx_word' id='word_1_83' title='bbox 1060 1593 1172 1642; x_wconf 73' lang='lat' dir='ltr'><strong><em>moneo</em></strong></span> <span class='ocrx_word' id='word_1_84' title='bbox 1206 1585 1300 1642; x_wconf 82' lang='lat' dir='ltr'><strong><em>tcum.</em></strong></span> 
     </span>
     <span class='ocr_line' id='line_1_12' title="bbox 285 1686 1301 1769; baseline 0.003 -19"><span class='ocrx_word' id='word_1_85' title='bbox 285 1686 440 1750; x_wconf 80' lang='lat' dir='ltr'><strong><em>Adveniet</em></strong></span> <span class='ocrx_word' id='word_1_86' title='bbox 466 1706 594 1768; x_wconf 74' lang='lat' dir='ltr'><strong><em>reynero</em></strong></span> <span class='ocrx_word' id='word_1_87' title='bbox 616 1696 720 1764; x_wconf 65' lang='lat' dir='ltr'><strong><em>tuom·</em></strong></span> <span class='ocrx_word' id='word_1_88' title='bbox 749 1691 806 1769; x_wconf 73' lang='lat' dir='ltr'><strong><em>fiat</em></strong></span> <span class='ocrx_word' id='word_1_89' title='bbox 834 1691 982 1754; x_wconf 81' lang='lat' dir='ltr'><strong><em>voluntas</em></strong></span> <span class='ocrx_word' id='word_1_90' title='bbox 1014 1699 1069 1754; x_wconf 83' lang='lat' dir='ltr'><strong><em>tuo</em></strong></span> <span class='ocrx_word' id='word_1_91' title='bbox 1095 1692 1178 1754; x_wconf 80' lang='lat' dir='ltr'><strong><em>sieut</em></strong></span> <span class='ocrx_word' id='word_1_92' title='bbox 1197 1689 1235 1767; x_wconf 67' lang='grc' dir='ltr'><strong><em>η)</em></strong></span> <span class='ocrx_word' id='word_1_93' title='bbox 1267 1693 1301 1753; x_wconf 86' lang='lat' dir='ltr'><strong><em>irs</em></strong></span> 
     </span>
    </p>
   </div>
   <div class='ocr_carea' id='block_1_3' title="bbox 278 1949 1302 4022">
    <p class='ocr_par' dir='ltr' id='par_1_3' title="bbox 278 1949 1302 4022">
     <span class='ocr_line' id='line_1_13' title="bbox 284 1949 1299 2036; baseline 0.003 -23"><span class='ocrx_word' id='word_1_94' title='bbox 284 1964 358 2014; x_wconf 75' lang='lat' dir='ltr'><strong><em>sidsc</em></strong></span> <span class='ocrx_word' id='word_1_95' title='bbox 378 1956 421 2011; x_wconf 85' lang='lat' dir='ltr'><strong><em>Bc.</em></strong></span> <span class='ocrx_word' id='word_1_96' title='bbox 440 1959 505 2012; x_wconf 81' lang='lat' dir='ltr'><strong><em>died.</em></strong></span> <span class='ocrx_word' id='word_1_97' title='bbox 524 1961 553 2014; x_wconf 79' lang='grc' dir='ltr'><strong><em>Α.</em></strong></span> <span class='ocrx_word' id='word_1_98' title='bbox 596 1962 625 2028; x_wconf 86' lang='grc'><strong><em>7)</em></strong></span> <span class='ocrx_word' id='word_1_99' title='bbox 645 1965 812 2033; x_wconf 70' lang='lat' dir='ltr'><strong><em>cupitorum</em></strong></span> <span class='ocrx_word' id='word_1_100' title='bbox 832 1961 870 2013; x_wconf 85' lang='lat' dir='ltr'><strong><em>W.</em></strong></span> <span class='ocrx_word' id='word_1_101' title='bbox 907 1961 994 2014; x_wconf 73' lang='lat' dir='ltr'><strong><em>Statim</em></strong></span> <span class='ocrx_word' id='word_1_102' title='bbox 1012 1965 1043 2018; x_wconf 77' lang='lat' dir='ltr'><strong><em>ds</em></strong></span> <span class='ocrx_word' id='word_1_103' title='bbox 1060 1966 1150 2036; x_wconf 59' lang='lat' dir='ltr'><strong><em>tureyo,</em></strong></span> <span class='ocrx_word' id='word_1_104' title='bbox 1180 1949 1299 2032; x_wconf 74' lang='lat' dir='ltr'><strong><em>utsupra</em></strong></span> 
     </span>
     <span class='ocr_line' id='line_1_14' title="bbox 284 2045 1302 2114; baseline 0.009 -17"><span class='ocrx_word' id='word_1_105' title='bbox 284 2061 339 2114; x_wconf 82' lang='lat' dir='ltr'><strong><em>esp.</em></strong></span> <span class='ocrx_word' id='word_1_106' title='bbox 359 2045 388 2098; x_wconf 81' lang='lat' dir='ltr'><strong><em>fl.</em></strong></span> <span class='ocrx_word' id='word_1_107' title='bbox 415 2055 467 2098; x_wconf 86' lang='lat' dir='ltr'><strong><em>oet.</em></strong></span> <span class='ocrx_word' id='word_1_108' title='bbox 490 2049 546 2114; x_wconf 69' lang='lat' dir='ltr'><strong><em>td,</em></strong></span> <span class='ocrx_word' id='word_1_109' title='bbox 571 2047 602 2098; x_wconf 84' lang='grc' dir='ltr'><strong><em>Α.</em></strong></span> <span class='ocrx_word' id='word_1_110' title='bbox 640 2049 742 2100; x_wconf 85' lang='lat' dir='ltr'><strong><em>Deinde</em></strong></span> <span class='ocrx_word' id='word_1_111' title='bbox 766 2052 858 2103; x_wconf 73' lang='lat' dir='ltr'><strong><em>neuim</em></strong></span> <span class='ocrx_word' id='word_1_112' title='bbox 876 2066 943 2104; x_wconf 81' lang='lat' dir='ltr'><strong><em>suos</em></strong></span> <span class='ocrx_word' id='word_1_113' title='bbox 964 2048 984 2102; x_wconf 82' lang='lat' dir='ltr'><strong>C</strong></span> <span class='ocrx_word' id='word_1_114' title='bbox 1002 2057 1028 2101; x_wconf 86' lang='lat' dir='ltr'><strong><em>et</em></strong></span> <span class='ocrx_word' id='word_1_115' title='bbox 1046 2049 1095 2102; x_wconf 75' lang='lat' dir='ltr'><strong><em>itu.</em></strong></span> <span class='ocrx_word' id='word_1_116' title='bbox 1133 2049 1182 2103; x_wconf 87' lang='lat' dir='ltr'><strong><em>Pro</em></strong></span> <span class='ocrx_word' id='word_1_117' title='bbox 1202 2055 1302 2106; x_wconf 82' lang='lat' dir='ltr'><strong><em>eciedat</em></strong></span> 
     </span>
     <span class='ocr_line' id='line_1_15' title="bbox 283 2130 1302 2202; baseline 0.008 -19"><span class='ocrx_word' id='word_1_118' title='bbox 283 2130 319 2184; x_wconf 85' lang='lat' dir='ltr'><strong><em>Bc</em></strong></span> <span class='ocrx_word' id='word_1_119' title='bbox 338 2142 365 2184; x_wconf 88' lang='lat' dir='ltr'><strong><em>et</em></strong></span> <span class='ocrx_word' id='word_1_120' title='bbox 383 2132 440 2186; x_wconf 80' lang='lat' dir='ltr'><strong><em>utcu</em></strong></span> <span class='ocrx_word' id='word_1_121' title='bbox 460 2136 584 2198; x_wconf 74' lang='lat' dir='ltr'><strong><em>misici,</em></strong></span> <span class='ocrx_word' id='word_1_122' title='bbox 613 2133 648 2186; x_wconf 82' lang='lat' dir='ltr'><strong><em>Bb</em></strong></span> <span class='ocrx_word' id='word_1_123' title='bbox 673 2136 708 2189; x_wconf 77' lang='lat' dir='ltr'><strong><em>sd</em></strong></span> <span class='ocrx_word' id='word_1_124' title='bbox 731 2138 833 2188; x_wconf 78' lang='lat' dir='ltr'><strong><em>casium</em></strong></span> <span class='ocrx_word' id='word_1_125' title='bbox 856 2138 942 2190; x_wconf 81' lang='lat' dir='ltr'><strong><em>coiuit</em></strong></span> <span class='ocrx_word' id='word_1_126' title='bbox 966 2139 1070 2202; x_wconf 81' lang='lat' dir='ltr'><strong><em>iecore,</em></strong></span> <span class='ocrx_word' id='word_1_127' title='bbox 1098 2133 1119 2188; x_wconf 85' lang='lat' dir='ltr'>C</span> <span class='ocrx_word' id='word_1_128' title='bbox 1142 2141 1244 2193; x_wconf 76' lang='lat' dir='ltr'><strong><em>terrici</em></strong></span> <span class='ocrx_word' id='word_1_129' title='bbox 1267 2141 1302 2191; x_wconf 78' lang='lat' dir='ltr'><strong><em>sd</em></strong></span> 
     </span>
     <span class='ocr_line' id='line_1_16' title="bbox 282 2219 1300 2288; baseline 0 -14"><span class='ocrx_word' id='word_1_130' title='bbox 282 2223 397 2274; x_wconf 72' lang='lat' dir='ltr'><strong><em>eodum·</em></strong></span> <span class='ocrx_word' id='word_1_131' title='bbox 429 2221 458 2287; x_wconf 84' lang='grc'><strong><em>8)</em></strong></span> <span class='ocrx_word' id='word_1_132' title='bbox 479 2224 557 2275; x_wconf 79' lang='lat' dir='ltr'><strong><em>Assem</em></strong></span> <span class='ocrx_word' id='word_1_133' title='bbox 575 2239 650 2277; x_wconf 79' lang='lat' dir='ltr'><strong><em>omes</em></strong></span> <span class='ocrx_word' id='word_1_134' title='bbox 669 2226 727 2276; x_wconf 81' lang='lat' dir='ltr'><strong><em>dieo</em></strong></span> <span class='ocrx_word' id='word_1_135' title='bbox 746 2225 825 2277; x_wconf 81' lang='lat' dir='ltr'><strong><em>vodis</em></strong></span> <span class='ocrx_word' id='word_1_136' title='bbox 843 2219 895 2288; x_wconf 79' lang='lat' dir='ltr'><strong><em>Bb,</em></strong></span> <span class='ocrx_word' id='word_1_137' title='bbox 915 2227 973 2278; x_wconf 84' lang='lat' dir='ltr'><strong><em>diso</em></strong></span> <span class='ocrx_word' id='word_1_138' title='bbox 991 2227 1067 2279; x_wconf 83' lang='lat' dir='ltr'><strong><em>ociis</em></strong></span> <span class='ocrx_word' id='word_1_139' title='bbox 1086 2239 1136 2276; x_wconf 87' lang='lat' dir='ltr'><strong><em>om.</em></strong></span> <span class='ocrx_word' id='word_1_140' title='bbox 1156 2221 1200 2276; x_wconf 73' lang='lat' dir='ltr'><strong><em>sn.</em></strong></span> <span class='ocrx_word' id='word_1_141' title='bbox 1237 2221 1300 2275; x_wconf 80' lang='lat' dir='ltr'><strong><em>Tum</em></strong></span> 
     </span>
     <span class='ocr_line' id='line_1_17' title="bbox 282 2306 1300 2382; baseline 0.004 -22"><span class='ocrx_word' id='word_1_142' title='bbox 282 2309 412 2361; x_wconf 71' lang='lat' dir='ltr'><strong><em>discendit</em></strong></span> <span class='ocrx_word' id='word_1_143' title='bbox 430 2306 450 2360; x_wconf 82' lang='lat' dir='ltr'>C</span> <span class='ocrx_word' id='word_1_144' title='bbox 468 2307 544 2376; x_wconf 84' lang='lat' dir='ltr'><strong><em>idque</em></strong></span> <span class='ocrx_word' id='word_1_145' title='bbox 557 2317 721 2380; x_wconf 24' lang='lat' dir='ltr'><strong><em>&#39;consuentes¹</em></strong></span> <span class='ocrx_word' id='word_1_146' title='bbox 752 2307 808 2360; x_wconf 76' lang='lat' dir='ltr'><strong><em>iius</em></strong></span> <span class='ocrx_word' id='word_1_147' title='bbox 820 2311 923 2363; x_wconf 86' lang='lat' dir='ltr'><strong><em>inverso</em></strong></span> <span class='ocrx_word' id='word_1_148' title='bbox 936 2311 1027 2362; x_wconf 83' lang='lat' dir='ltr'><strong><em>ordine</em></strong></span> <span class='ocrx_word' id='word_1_149' title='bbox 1039 2315 1125 2381; x_wconf 61' lang='lat' dir='ltr'><strong><em>muris</em></strong></span> <span class='ocrx_word' id='word_1_150' title='bbox 1137 2313 1300 2382; x_wconf 63' lang='lat' dir='ltr'><strong><em>iustificatos</em></strong></span> 
     </span>
     <span class='ocr_line' id='line_1_18' title="bbox 281 2395 1300 2466; baseline 0.001 -21"><span class='ocrx_word' id='word_1_151' title='bbox 281 2396 310 2445; x_wconf 87' lang='lat' dir='ltr'><strong><em>iss</em></strong></span> <span class='ocrx_word' id='word_1_152' title='bbox 329 2395 433 2449; x_wconf 77' lang='lat' dir='ltr'><strong><em>domm</em></strong></span> <span class='ocrx_word' id='word_1_153' title='bbox 450 2413 529 2450; x_wconf 79' lang='lat' dir='ltr'><strong><em>suase</em></strong></span> <span class='ocrx_word' id='word_1_154' title='bbox 548 2395 589 2446; x_wconf 87' lang='lat' dir='ltr'><strong><em>ed.</em></strong></span> <span class='ocrx_word' id='word_1_155' title='bbox 611 2395 687 2462; x_wconf 73' lang='lat' dir='ltr'><strong><em>Dum,</em></strong></span> <span class='ocrx_word' id='word_1_156' title='bbox 705 2400 768 2450; x_wconf 80' lang='lat' dir='ltr'><strong><em>istst.</em></strong></span> <span class='ocrx_word' id='word_1_157' title='bbox 787 2400 874 2466; x_wconf 64' lang='lat' dir='ltr'><strong><em>masis</em></strong></span> <span class='ocrx_word' id='word_1_158' title='bbox 893 2401 922 2449; x_wconf 85' lang='lat' dir='ltr'><strong><em>irs</em></strong></span> <span class='ocrx_word' id='word_1_159' title='bbox 939 2399 1006 2449; x_wconf 87' lang='lat' dir='ltr'><strong><em>dom.</em></strong></span> <span class='ocrx_word' id='word_1_160' title='bbox 1026 2414 1049 2449; x_wconf 81' lang='lat' dir='ltr'><strong><em>s.</em></strong></span> <span class='ocrx_word' id='word_1_161' title='bbox 1063 2396 1102 2448; x_wconf 85' lang='lat' dir='ltr'><strong><em>W.</em></strong></span> <span class='ocrx_word' id='word_1_162' title='bbox 1117 2395 1173 2448; x_wconf 73' lang='lat' dir='ltr'><strong><em>unt.</em></strong></span> <span class='ocrx_word' id='word_1_163' title='bbox 1188 2395 1219 2461; x_wconf 82' lang='grc' dir='ltr'><strong><em>Α,</em></strong></span> <span class='ocrx_word' id='word_1_164' title='bbox 1238 2398 1300 2448; x_wconf 73' lang='lat' dir='ltr'><strong><em>ite·</em></strong></span> 
     </span>
     <span class='ocr_line' id='line_1_19' title="bbox 281 2481 1298 2552; baseline 0.007 -21"><span class='ocrx_word' id='word_1_165' title='bbox 281 2486 386 2531; x_wconf 76' lang='lat' dir='ltr'><strong><em>ceterae</em></strong></span> <span class='ocrx_word' id='word_1_166' title='bbox 405 2481 462 2533; x_wconf 90' lang='lat' dir='ltr'><strong><em>edd.</em></strong></span> <span class='ocrx_word' id='word_1_167' title='bbox 482 2490 544 2534; x_wconf 83' lang='lat' dir='ltr'><strong><em>vett.</em></strong></span> <span class='ocrx_word' id='word_1_168' title='bbox 567 2499 589 2534; x_wconf 86' lang='lat' dir='ltr'><strong><em>c.</em></strong></span> <span class='ocrx_word' id='word_1_169' title='bbox 609 2481 707 2534; x_wconf 80' lang='lat' dir='ltr'><strong><em>Erssm.</em></strong></span> <span class='ocrx_word' id='word_1_170' title='bbox 726 2481 801 2532; x_wconf 84' lang='lat' dir='ltr'><strong><em>Gssr.</em></strong></span> <span class='ocrx_word' id='word_1_171' title='bbox 821 2490 847 2532; x_wconf 86' lang='lat' dir='ltr'><strong><em>ot</em></strong></span> <span class='ocrx_word' id='word_1_172' title='bbox 866 2481 962 2533; x_wconf 74' lang='lat' dir='ltr'><strong><em>Moreil.</em></strong></span> <span class='ocrx_word' id='word_1_173' title='bbox 999 2481 1115 2534; x_wconf 85' lang='lat' dir='ltr'><strong><em>Proxime</em></strong></span> <span class='ocrx_word' id='word_1_174' title='bbox 1134 2487 1180 2552; x_wconf 76' lang='lat' dir='ltr'><strong><em>qui</em></strong></span> <span class='ocrx_word' id='word_1_175' title='bbox 1197 2499 1227 2537; x_wconf 86' lang='lat' dir='ltr'><strong><em>se</em></strong></span> <span class='ocrx_word' id='word_1_176' title='bbox 1244 2499 1298 2537; x_wconf 69' lang='lat' dir='ltr'><strong><em>em·</em></strong></span> 
     </span>
     <span class='ocr_line' id='line_1_20' title="bbox 281 2565 1299 2636; baseline 0.002 -18"><span class='ocrx_word' id='word_1_177' title='bbox 281 2565 410 2619; x_wconf 77' lang='lat' dir='ltr'><strong><em>attctBtm</em></strong></span> <span class='ocrx_word' id='word_1_178' title='bbox 423 2568 535 2622; x_wconf 75' lang='lat' dir='ltr'><strong><em>etitem.</em></strong></span> <span class='ocrx_word' id='word_1_179' title='bbox 568 2568 631 2620; x_wconf 85' lang='lat' dir='ltr'><strong><em>Dein</em></strong></span> <span class='ocrx_word' id='word_1_180' title='bbox 645 2571 818 2622; x_wconf 78' lang='lat' dir='ltr'><strong><em>dumiicds&#39;tur·</em></strong></span> <span class='ocrx_word' id='word_1_181' title='bbox 830 2596 862 2605; x_wconf 91' lang='lat'>-</span> <span class='ocrx_word' id='word_1_182' title='bbox 876 2571 987 2622; x_wconf 69' lang='lat' dir='ltr'><strong><em>tomum</em></strong></span> <span class='ocrx_word' id='word_1_183' title='bbox 1000 2571 1062 2636; x_wconf 77' lang='lat' dir='ltr'><strong><em>(sic)</em></strong></span> <span class='ocrx_word' id='word_1_184' title='bbox 1076 2568 1134 2620; x_wconf 84' lang='lat' dir='ltr'><strong><em>Ver.</em></strong></span> <span class='ocrx_word' id='word_1_185' title='bbox 1151 2586 1191 2635; x_wconf 80' lang='lat' dir='ltr'><strong><em>sp.</em></strong></span> <span class='ocrx_word' id='word_1_186' title='bbox 1206 2568 1299 2636; x_wconf 74' lang='lat' dir='ltr'><strong><em>uiguit.</em></strong></span> 
     </span>
     <span class='ocr_line' id='line_1_21' title="bbox 280 2647 1299 2722; baseline -0.002 -13"><span class='ocrx_word' id='word_1_187' title='bbox 280 2647 329 2702; x_wconf 78' lang='lat' dir='ltr'><strong><em>Pro</em></strong></span> <span class='ocrx_word' id='word_1_188' title='bbox 354 2657 476 2709; x_wconf 78' lang='lat' dir='ltr'><strong><em>dumiiiut</em></strong></span> <span class='ocrx_word' id='word_1_189' title='bbox 502 2655 559 2707; x_wconf 90' lang='lat' dir='ltr'><strong><em>edd.</em></strong></span> <span class='ocrx_word' id='word_1_190' title='bbox 586 2661 647 2706; x_wconf 86' lang='lat' dir='ltr'><strong><em>vett.</em></strong></span> <span class='ocrx_word' id='word_1_191' title='bbox 672 2655 861 2707; x_wconf 76' lang='lat' dir='ltr'><strong><em>tsrrmiiisverit</em></strong></span> <span class='ocrx_word' id='word_1_192' title='bbox 906 2652 934 2716; x_wconf 85' lang='lat'><strong><em>9)</em></strong></span> <span class='ocrx_word' id='word_1_193' title='bbox 960 2657 1127 2708; x_wconf 77' lang='lat' dir='ltr'><strong><em>dilictissinsi</em></strong></span> <span class='ocrx_word' id='word_1_194' title='bbox 1151 2654 1171 2706; x_wconf 85' lang='lat' dir='ltr'>C</span> <span class='ocrx_word' id='word_1_195' title='bbox 1197 2657 1299 2722; x_wconf 76' lang='lat' dir='ltr'><strong><em>possim,</em></strong></span> 
     </span>
     <span class='ocr_line' id='line_1_22' title="bbox 280 2737 1299 2809; baseline 0.003 -17"><span class='ocrx_word' id='word_1_196' title='bbox 280 2741 430 2808; x_wconf 65' lang='lat' dir='ltr'><strong><em>summme,</em></strong></span> <span class='ocrx_word' id='word_1_197' title='bbox 450 2751 478 2793; x_wconf 87' lang='lat' dir='ltr'><strong><em>ut</em></strong></span> <span class='ocrx_word' id='word_1_198' title='bbox 495 2741 586 2804; x_wconf 85' lang='lat' dir='ltr'><strong><em>soient,</em></strong></span> <span class='ocrx_word' id='word_1_199' title='bbox 607 2737 642 2790; x_wconf 78' lang='lat' dir='ltr'><strong><em>uc</em></strong></span> <span class='ocrx_word' id='word_1_200' title='bbox 660 2747 687 2791; x_wconf 84' lang='lat' dir='ltr'><strong><em>et</em></strong></span> <span class='ocrx_word' id='word_1_201' title='bbox 705 2737 770 2789; x_wconf 84' lang='lat' dir='ltr'><strong><em>died.</em></strong></span> <span class='ocrx_word' id='word_1_202' title='bbox 808 2738 834 2789; x_wconf 86' lang='lat' dir='ltr'><strong><em>lu</em></strong></span> <span class='ocrx_word' id='word_1_203' title='bbox 853 2740 975 2805; x_wconf 79' lang='lat' dir='ltr'><strong><em>proximis</em></strong></span> <span class='ocrx_word' id='word_1_204' title='bbox 994 2743 1155 2809; x_wconf 71' lang='lat' dir='ltr'><strong><em>synocimus</em></strong></span> <span class='ocrx_word' id='word_1_205' title='bbox 1169 2740 1206 2793; x_wconf 83' lang='lat' dir='ltr'><strong><em>itt</em></strong></span> <span class='ocrx_word' id='word_1_206' title='bbox 1221 2741 1299 2794; x_wconf 83' lang='lat' dir='ltr'><strong><em>item·</em></strong></span> 
     </span>
     <span class='ocr_line' id='line_1_23' title="bbox 280 2824 1299 2895; baseline 0.004 -19"><span class='ocrx_word' id='word_1_207' title='bbox 280 2840 330 2893; x_wconf 86' lang='lat' dir='ltr'><strong><em>que</em></strong></span> <span class='ocrx_word' id='word_1_208' title='bbox 348 2827 408 2879; x_wconf 82' lang='lat' dir='ltr'><strong><em>edd.</em></strong></span> <span class='ocrx_word' id='word_1_209' title='bbox 427 2837 487 2879; x_wconf 87' lang='lat' dir='ltr'><strong><em>snte</em></strong></span> <span class='ocrx_word' id='word_1_210' title='bbox 507 2827 615 2891; x_wconf 67' lang='lat' dir='ltr'><strong><em>Hunni,</em></strong></span> <span class='ocrx_word' id='word_1_211' title='bbox 640 2824 788 2895; x_wconf 82' lang='lat' dir='ltr'><strong><em>quibuscum</em></strong></span> <span class='ocrx_word' id='word_1_212' title='bbox 812 2829 941 2895; x_wconf 81' lang='lat' dir='ltr'><strong><em>conspiret</em></strong></span> <span class='ocrx_word' id='word_1_213' title='bbox 962 2825 1057 2879; x_wconf 81' lang='lat' dir='ltr'><strong><em>dicreli.</em></strong></span> <span class='ocrx_word' id='word_1_214' title='bbox 1093 2825 1186 2894; x_wconf 82' lang='lat' dir='ltr'><strong><em>Scripsi</em></strong></span> <span class='ocrx_word' id='word_1_215' title='bbox 1205 2825 1299 2880; x_wconf 87' lang='lat' dir='ltr'><strong><em>deinde</em></strong></span> 
     </span>
     <span class='ocr_line' id='line_1_24' title="bbox 280 2911 1298 2980; baseline 0 -14"><span class='ocrx_word' id='word_1_216' title='bbox 280 2914 314 2966; x_wconf 84' lang='lat' dir='ltr'><strong><em>ud</em></strong></span> <span class='ocrx_word' id='word_1_217' title='bbox 337 2918 480 2967; x_wconf 81' lang='lat' dir='ltr'><strong><em>cratiusern</em></strong></span> <span class='ocrx_word' id='word_1_218' title='bbox 504 2915 616 2980; x_wconf 77' lang='lat' dir='ltr'><strong><em>qusiiter</em></strong></span> <span class='ocrx_word' id='word_1_219' title='bbox 639 2915 763 2967; x_wconf 81' lang='lat' dir='ltr'><strong><em>secedere</em></strong></span> <span class='ocrx_word' id='word_1_220' title='bbox 788 2915 934 2968; x_wconf 59' lang='lat' dir='ltr'><strong><em>«tammus.</em></strong></span> <span class='ocrx_word' id='word_1_221' title='bbox 972 2911 1007 2965; x_wconf 87' lang='lat' dir='ltr'><strong><em>ltu</em></strong></span> <span class='ocrx_word' id='word_1_222' title='bbox 1032 2913 1099 2964; x_wconf 87' lang='lat' dir='ltr'><strong><em>euim</em></strong></span> <span class='ocrx_word' id='word_1_223' title='bbox 1117 2913 1191 2966; x_wconf 85' lang='lat' dir='ltr'><strong><em>codd.</em></strong></span> <span class='ocrx_word' id='word_1_224' title='bbox 1209 2929 1298 2966; x_wconf 88' lang='lat' dir='ltr'><strong><em>omues</em></strong></span> 
     </span>
     <span class='ocr_line' id='line_1_25' title="bbox 280 2995 1297 3068; baseline 0.002 -18"><span class='ocrx_word' id='word_1_225' title='bbox 280 3007 382 3067; x_wconf 81' lang='lat' dir='ltr'><strong><em>prester</em></strong></span> <span class='ocrx_word' id='word_1_226' title='bbox 401 2995 437 3049; x_wconf 86' lang='lat' dir='ltr'><strong><em>Bb</em></strong></span> <span class='ocrx_word' id='word_1_227' title='bbox 456 3005 483 3048; x_wconf 87' lang='lat' dir='ltr'><strong><em>et</em></strong></span> <span class='ocrx_word' id='word_1_228' title='bbox 502 2996 538 3050; x_wconf 82' lang='lat' dir='ltr'><strong><em>tit</em></strong></span> <span class='ocrx_word' id='word_1_229' title='bbox 555 2996 734 3068; x_wconf 78' lang='lat' dir='ltr'><strong><em>dditiuuesque</em></strong></span> <span class='ocrx_word' id='word_1_230' title='bbox 753 3008 815 3052; x_wconf 85' lang='lat' dir='ltr'><strong><em>vett.</em></strong></span> <span class='ocrx_word' id='word_1_231' title='bbox 835 3017 856 3054; x_wconf 89' lang='lat' dir='ltr'><strong><em>c.</em></strong></span> <span class='ocrx_word' id='word_1_232' title='bbox 876 2997 973 3052; x_wconf 75' lang='lat' dir='ltr'><strong><em>Essem.</em></strong></span> <span class='ocrx_word' id='word_1_233' title='bbox 993 2999 1067 3052; x_wconf 74' lang='lat' dir='ltr'><strong><em>Geor.</em></strong></span> <span class='ocrx_word' id='word_1_234' title='bbox 1090 3007 1116 3051; x_wconf 88' lang='lat' dir='ltr'><strong><em>et</em></strong></span> <span class='ocrx_word' id='word_1_235' title='bbox 1135 2999 1231 3054; x_wconf 75' lang='lat' dir='ltr'><strong><em>iintell-</em></strong></span> <span class='ocrx_word' id='word_1_236' title='bbox 1250 3013 1297 3067; x_wconf 81' lang='lat' dir='ltr'><strong><em>pro</em></strong></span> 
     </span>
     <span class='ocr_line' id='line_1_26' title="bbox 280 3085 1298 3159; baseline -0.003 -20"><span class='ocrx_word' id='word_1_237' title='bbox 280 3088 394 3159; x_wconf 66' lang='lat' dir='ltr'><strong><em>mtsiiter</em></strong></span> <span class='ocrx_word' id='word_1_238' title='bbox 411 3087 446 3138; x_wconf 84' lang='lat' dir='ltr'><strong><em>ud</em></strong></span> <span class='ocrx_word' id='word_1_239' title='bbox 462 3095 529 3139; x_wconf 84' lang='lat' dir='ltr'><strong><em>urst.</em></strong></span> <span class='ocrx_word' id='word_1_240' title='bbox 548 3090 635 3140; x_wconf 78' lang='lat' dir='ltr'><strong><em>seced.</em></strong></span> <span class='ocrx_word' id='word_1_241' title='bbox 654 3090 689 3152; x_wconf 73' lang='lat' dir='ltr'><strong><em>d,</em></strong></span> <span class='ocrx_word' id='word_1_242' title='bbox 708 3103 782 3155; x_wconf 82' lang='lat' dir='ltr'><strong><em>quesn</em></strong></span> <span class='ocrx_word' id='word_1_243' title='bbox 800 3087 938 3139; x_wconf 85' lang='lat' dir='ltr'><strong><em>verborum</em></strong></span> <span class='ocrx_word' id='word_1_244' title='bbox 958 3087 1073 3139; x_wconf 85' lang='lat' dir='ltr'><strong><em>ordinem</em></strong></span> <span class='ocrx_word' id='word_1_245' title='bbox 1093 3086 1187 3153; x_wconf 82' lang='lat' dir='ltr'><strong><em>primus</em></strong></span> <span class='ocrx_word' id='word_1_246' title='bbox 1204 3085 1298 3137; x_wconf 80' lang='lat' dir='ltr'><strong><em>invexit</em></strong></span> 
     </span>
     <span class='ocr_line' id='line_1_27' title="bbox 279 3169 1296 3241; baseline -0.001 -17"><span class='ocrx_word' id='word_1_247' title='bbox 279 3171 411 3224; x_wconf 67' lang='lat' dir='ltr'><strong><em>drusum.</em></strong></span> <span class='ocrx_word' id='word_1_248' title='bbox 447 3169 562 3224; x_wconf 79' lang='lat' dir='ltr'><strong><em>Eundem</em></strong></span> <span class='ocrx_word' id='word_1_249' title='bbox 582 3188 632 3241; x_wconf 71' lang='lat' dir='ltr'><strong><em>ego</em></strong></span> <span class='ocrx_word' id='word_1_250' title='bbox 651 3175 736 3240; x_wconf 82' lang='lat' dir='ltr'><strong><em>reperi</em></strong></span> <span class='ocrx_word' id='word_1_251' title='bbox 754 3174 779 3226; x_wconf 92' lang='lat' dir='ltr'><strong><em>in</em></strong></span> <span class='ocrx_word' id='word_1_252' title='bbox 799 3173 855 3225; x_wconf 88' lang='lat' dir='ltr'><strong><em>cod.</em></strong></span> <span class='ocrx_word' id='word_1_253' title='bbox 870 3171 922 3232; x_wconf 75' lang='lat' dir='ltr'><strong><em>Bb:</em></strong></span> <span class='ocrx_word' id='word_1_254' title='bbox 942 3176 976 3227; x_wconf 76' lang='lat' dir='ltr'><strong><em>ud</em></strong></span> <span class='ocrx_word' id='word_1_255' title='bbox 987 3182 1054 3227; x_wconf 81' lang='lat' dir='ltr'><strong><em>crat.</em></strong></span> <span class='ocrx_word' id='word_1_256' title='bbox 1068 3175 1195 3228; x_wconf 75' lang='lat' dir='ltr'><strong><em>ecciesiae</em></strong></span> <span class='ocrx_word' id='word_1_257' title='bbox 1206 3175 1296 3241; x_wconf 75' lang='lat' dir='ltr'><strong><em>quatit.</em></strong></span> 
     </span>
     <span class='ocr_line' id='line_1_28' title="bbox 279 3256 1296 3329; baseline -0.003 -17"><span class='ocrx_word' id='word_1_258' title='bbox 279 3259 366 3312; x_wconf 76' lang='lat' dir='ltr'><strong><em>ascet.</em></strong></span> <span class='ocrx_word' id='word_1_259' title='bbox 386 3261 409 3311; x_wconf 90' lang='lat' dir='ltr'><strong><em>t.</em></strong></span> <span class='ocrx_word' id='word_1_260' title='bbox 430 3256 533 3310; x_wconf 79' lang='lat' dir='ltr'><strong><em>exhibet</em></strong></span> <span class='ocrx_word' id='word_1_261' title='bbox 551 3259 606 3311; x_wconf 83' lang='lat' dir='ltr'><strong><em>tit..</em></strong></span> <span class='ocrx_word' id='word_1_262' title='bbox 630 3259 690 3310; x_wconf 87' lang='lat' dir='ltr'><strong><em>Tum</em></strong></span> <span class='ocrx_word' id='word_1_263' title='bbox 710 3270 734 3312; x_wconf 87' lang='lat' dir='ltr'><strong><em>ct</em></strong></span> <span class='ocrx_word' id='word_1_264' title='bbox 753 3277 946 3329; x_wconf 65' lang='lat' dir='ltr'><strong><em>connectamus</em></strong></span> <span class='ocrx_word' id='word_1_265' title='bbox 964 3260 1077 3312; x_wconf 79' lang='lat' dir='ltr'><strong><em>scribunt</em></strong></span> <span class='ocrx_word' id='word_1_266' title='bbox 1095 3256 1131 3309; x_wconf 83' lang='lat' dir='ltr'><strong><em>Bc</em></strong></span> <span class='ocrx_word' id='word_1_267' title='bbox 1149 3265 1175 3309; x_wconf 80' lang='lat' dir='ltr'><strong><em>e&#39;t</em></strong></span> <span class='ocrx_word' id='word_1_268' title='bbox 1192 3257 1247 3309; x_wconf 82' lang='lat' dir='ltr'><strong><em>Med</em></strong></span> <span class='ocrx_word' id='word_1_269' title='bbox 1271 3267 1296 3309; x_wconf 86' lang='lat' dir='ltr'><strong><em>et</em></strong></span> 
     </span>
     <span class='ocr_line' id='line_1_29' title="bbox 279 3341 1296 3415; baseline -0.003 -18"><span class='ocrx_word' id='word_1_270' title='bbox 279 3346 411 3398; x_wconf 82' lang='lat' dir='ltr'><strong><em>decentem</em></strong></span> <span class='ocrx_word' id='word_1_271' title='bbox 430 3344 484 3395; x_wconf 87' lang='lat' dir='ltr'><strong><em>sine</em></strong></span> <span class='ocrx_word' id='word_1_272' title='bbox 503 3347 607 3398; x_wconf 79' lang='lat' dir='ltr'><strong><em>domiso</em></strong></span> <span class='ocrx_word' id='word_1_273' title='bbox 621 3343 666 3395; x_wconf 86' lang='lat' dir='ltr'><strong><em>Bb.</em></strong></span> <span class='ocrx_word' id='word_1_274' title='bbox 698 3341 763 3395; x_wconf 71' lang='lat' dir='ltr'><strong><em>dein</em></strong></span> <span class='ocrx_word' id='word_1_275' title='bbox 782 3349 896 3415; x_wconf 76' lang='lat' dir='ltr'><strong><em>qualiter</em></strong></span> <span class='ocrx_word' id='word_1_276' title='bbox 914 3355 938 3399; x_wconf 87' lang='lat' dir='ltr'><strong><em>st</em></strong></span> <span class='ocrx_word' id='word_1_277' title='bbox 957 3348 1018 3415; x_wconf 78' lang='lat' dir='ltr'><strong><em>quid</em></strong></span> <span class='ocrx_word' id='word_1_278' title='bbox 1036 3363 1143 3399; x_wconf 75' lang='lat' dir='ltr'><strong><em>ormnem</em></strong></span> <span class='ocrx_word' id='word_1_279' title='bbox 1157 3343 1234 3395; x_wconf 78' lang='lat' dir='ltr'><strong><em>hebet</em></strong></span> <span class='ocrx_word' id='word_1_280' title='bbox 1247 3343 1296 3397; x_wconf 78' lang='lat' dir='ltr'><strong><em>iti.</em></strong></span> 
     </span>
     <span class='ocr_line' id='line_1_30' title="bbox 279 3427 1296 3500; baseline 0.001 -19"><span class='ocrx_word' id='word_1_281' title='bbox 279 3427 359 3482; x_wconf 80' lang='lat' dir='ltr'><strong><em>Deest</em></strong></span> <span class='ocrx_word' id='word_1_282' title='bbox 378 3432 464 3498; x_wconf 81' lang='lat' dir='ltr'><strong><em>portic.</em></strong></span> <span class='ocrx_word' id='word_1_283' title='bbox 485 3442 509 3486; x_wconf 86' lang='lat' dir='ltr'><strong><em>st</em></strong></span> <span class='ocrx_word' id='word_1_284' title='bbox 526 3433 550 3482; x_wconf 89' lang='lat' dir='ltr'><strong><em>iu</em></strong></span> <span class='ocrx_word' id='word_1_285' title='bbox 571 3430 629 3483; x_wconf 77' lang='lat' dir='ltr'><strong><em>Bae.</em></strong></span> <span class='ocrx_word' id='word_1_286' title='bbox 650 3429 705 3482; x_wconf 83' lang='lat' dir='ltr'><strong><em>itcd</em></strong></span> <span class='ocrx_word' id='word_1_287' title='bbox 726 3440 752 3482; x_wconf 89' lang='lat' dir='ltr'><strong><em>et</em></strong></span> <span class='ocrx_word' id='word_1_288' title='bbox 772 3434 800 3482; x_wconf 76' lang='grc' dir='ltr'><strong><em>Α.</em></strong></span> <span class='ocrx_word' id='word_1_289' title='bbox 839 3435 955 3487; x_wconf 62' lang='lat' dir='ltr'><strong><em>memus</em></strong></span> <span class='ocrx_word' id='word_1_290' title='bbox 981 3431 1080 3482; x_wconf 85' lang='lat' dir='ltr'><strong><em>omissis</em></strong></span> <span class='ocrx_word' id='word_1_291' title='bbox 1102 3431 1188 3482; x_wconf 85' lang='lat' dir='ltr'><strong><em>verbis</em></strong></span> <span class='ocrx_word' id='word_1_292' title='bbox 1206 3447 1296 3500; x_wconf 58' lang='lat' dir='ltr'><strong><em>seque</em></strong></span> 
     </span>
     <span class='ocr_line' id='line_1_31' title="bbox 278 3515 1295 3586; baseline -0.003 -15"><span class='ocrx_word' id='word_1_293' title='bbox 278 3520 341 3582; x_wconf 81' lang='lat' dir='ltr'><strong><em>Sir,</em></strong></span> <span class='ocrx_word' id='word_1_294' title='bbox 362 3519 457 3586; x_wconf 85' lang='lat' dir='ltr'><strong><em>iuquit,</em></strong></span> <span class='ocrx_word' id='word_1_295' title='bbox 480 3527 567 3582; x_wconf 78' lang='lat' dir='ltr'><strong><em>ussto,</em></strong></span> <span class='ocrx_word' id='word_1_296' title='bbox 594 3519 654 3568; x_wconf 85' lang='lat' dir='ltr'><strong><em>deut</em></strong></span> <span class='ocrx_word' id='word_1_297' title='bbox 673 3515 709 3568; x_wconf 82' lang='lat' dir='ltr'><strong><em>Bc</em></strong></span> <span class='ocrx_word' id='word_1_298' title='bbox 727 3525 753 3568; x_wconf 86' lang='lat' dir='ltr'><strong><em>et</em></strong></span> <span class='ocrx_word' id='word_1_299' title='bbox 772 3516 836 3569; x_wconf 71' lang='lat' dir='ltr'><strong><em>Med.</em></strong></span> <span class='ocrx_word' id='word_1_300' title='bbox 877 3518 918 3579; x_wconf 86' lang='grc'><strong><em>10)</em></strong></span> <span class='ocrx_word' id='word_1_301' title='bbox 939 3516 1024 3568; x_wconf 77' lang='lat' dir='ltr'><strong><em>diuitis.</em></strong></span> <span class='ocrx_word' id='word_1_302' title='bbox 1044 3516 1070 3582; x_wconf 82' lang='lat'><strong><em>6,</em></strong></span> <span class='ocrx_word' id='word_1_303' title='bbox 1089 3515 1111 3566; x_wconf 82' lang='lat'><strong><em>9.</em></strong></span> <span class='ocrx_word' id='word_1_304' title='bbox 1153 3518 1197 3584; x_wconf 86' lang='grc'><strong><em>11)</em></strong></span> <span class='ocrx_word' id='word_1_305' title='bbox 1215 3515 1295 3568; x_wconf 74' lang='lat' dir='ltr'><strong><em>Proe-</em></strong></span> 
     </span>
     <span class='ocr_line' id='line_1_32' title="bbox 279 3599 1295 3670; baseline 0 -16"><span class='ocrx_word' id='word_1_306' title='bbox 279 3604 384 3654; x_wconf 84' lang='lat' dir='ltr'><strong><em>mittitus</em></strong></span> <span class='ocrx_word' id='word_1_307' title='bbox 400 3605 425 3655; x_wconf 91' lang='lat' dir='ltr'><strong><em>in</em></strong></span> <span class='ocrx_word' id='word_1_308' title='bbox 444 3603 482 3654; x_wconf 85' lang='lat' dir='ltr'><strong><em>Bb</em></strong></span> <span class='ocrx_word' id='word_1_309' title='bbox 502 3604 550 3654; x_wconf 85' lang='lat' dir='ltr'><strong><em>hoc</em></strong></span> <span class='ocrx_word' id='word_1_310' title='bbox 568 3603 674 3654; x_wconf 80' lang='lat' dir='ltr'><strong><em>lemme:</em></strong></span> <span class='ocrx_word' id='word_1_311' title='bbox 698 3599 821 3654; x_wconf 77' lang='lat' dir='ltr'><strong>ORATIO</strong></span> <span class='ocrx_word' id='word_1_312' title='bbox 839 3599 1015 3665; x_wconf 75' lang='lat' dir='ltr'><strong><em>continuos,</em></strong></span> <span class='ocrx_word' id='word_1_313' title='bbox 1035 3602 1134 3670; x_wconf 81' lang='lat' dir='ltr'><strong><em>liquore</em></strong></span> <span class='ocrx_word' id='word_1_314' title='bbox 1153 3601 1229 3654; x_wconf 81' lang='lat' dir='ltr'><strong><em>rubro</em></strong></span> <span class='ocrx_word' id='word_1_315' title='bbox 1247 3619 1295 3654; x_wconf 84' lang='lat' dir='ltr'><strong><em>ex-</em></strong></span> 
     </span>
     <span class='ocr_line' id='line_1_33' title="bbox 279 3688 1296 3759; baseline -0.003 -17"><span class='ocrx_word' id='word_1_316' title='bbox 279 3697 383 3742; x_wconf 78' lang='lat' dir='ltr'><strong><em>euntum.</em></strong></span> <span class='ocrx_word' id='word_1_317' title='bbox 418 3688 481 3740; x_wconf 79' lang='lat' dir='ltr'><strong><em>Tum</em></strong></span> <span class='ocrx_word' id='word_1_318' title='bbox 500 3692 545 3759; x_wconf 72' lang='lat' dir='ltr'><strong><em>qui</em></strong></span> <span class='ocrx_word' id='word_1_319' title='bbox 561 3707 591 3744; x_wconf 88' lang='lat' dir='ltr'><strong><em>cs</em></strong></span> <span class='ocrx_word' id='word_1_320' title='bbox 610 3693 638 3742; x_wconf 85' lang='lat' dir='ltr'><strong><em>iu</em></strong></span> <span class='ocrx_word' id='word_1_321' title='bbox 658 3692 741 3743; x_wconf 86' lang='lat' dir='ltr'><strong><em>csets&#39;s</em></strong></span> <span class='ocrx_word' id='word_1_322' title='bbox 761 3705 774 3739; x_wconf 83' lang='lat' dir='ltr'><strong><em>s</em></strong></span> <span class='ocrx_word' id='word_1_323' title='bbox 794 3704 826 3740; x_wconf 87' lang='lat' dir='ltr'><strong><em>m.</em></strong></span> <span class='ocrx_word' id='word_1_324' title='bbox 848 3703 902 3754; x_wconf 73' lang='lat' dir='ltr'><strong><em>pn,</em></strong></span> <span class='ocrx_word' id='word_1_325' title='bbox 928 3689 973 3756; x_wconf 72' lang='lat' dir='ltr'><strong><em>qui</em></strong></span> <span class='ocrx_word' id='word_1_326' title='bbox 990 3691 1018 3740; x_wconf 85' lang='lat' dir='ltr'><strong><em>irs</em></strong></span> <span class='ocrx_word' id='word_1_327' title='bbox 1036 3691 1118 3742; x_wconf 88' lang='lat' dir='ltr'><strong><em>csciis</em></strong></span> <span class='ocrx_word' id='word_1_328' title='bbox 1137 3705 1168 3743; x_wconf 88' lang='lat' dir='ltr'><strong><em>es</em></strong></span> <span class='ocrx_word' id='word_1_329' title='bbox 1186 3704 1218 3739; x_wconf 81' lang='lat' dir='ltr'><strong><em>ex</em></strong></span> <span class='ocrx_word' id='word_1_330' title='bbox 1237 3703 1296 3739; x_wconf 86' lang='lat' dir='ltr'><strong><em>suu·</em></strong></span> 
     </span>
     <span class='ocr_line' id='line_1_34' title="bbox 279 3771 1295 3844; baseline -0.003 -16"><span class='ocrx_word' id='word_1_331' title='bbox 279 3777 375 3828; x_wconf 82' lang='lat' dir='ltr'><strong><em>tutione</em></strong></span> <span class='ocrx_word' id='word_1_332' title='bbox 394 3773 471 3826; x_wconf 78' lang='lat' dir='ltr'><strong><em>habet</em></strong></span> <span class='ocrx_word' id='word_1_333' title='bbox 489 3773 533 3828; x_wconf 83' lang='lat' dir='ltr'><strong><em>Bu.</em></strong></span> <span class='ocrx_word' id='word_1_334' title='bbox 573 3776 617 3844; x_wconf 78' lang='lat' dir='ltr'><strong><em>tt)</em></strong></span> <span class='ocrx_word' id='word_1_335' title='bbox 636 3780 723 3841; x_wconf 80' lang='lat' dir='ltr'><strong><em>siesd,</em></strong></span> <span class='ocrx_word' id='word_1_336' title='bbox 742 3774 810 3844; x_wconf 89' lang='lat' dir='ltr'><strong><em>quod</em></strong></span> <span class='ocrx_word' id='word_1_337' title='bbox 829 3791 848 3825; x_wconf 88' lang='lat' dir='ltr'><strong><em>r.</em></strong></span> <span class='ocrx_word' id='word_1_338' title='bbox 868 3791 899 3824; x_wconf 89' lang='lat' dir='ltr'><strong><em>m.</em></strong></span> <span class='ocrx_word' id='word_1_339' title='bbox 919 3788 994 3840; x_wconf 80' lang='lat' dir='ltr'><strong><em>supro</em></strong></span> <span class='ocrx_word' id='word_1_340' title='bbox 1013 3774 1112 3826; x_wconf 79' lang='lat' dir='ltr'><strong><em>eddidit</em></strong></span> <span class='ocrx_word' id='word_1_341' title='bbox 1132 3776 1157 3826; x_wconf 90' lang='lat' dir='ltr'><strong><em>in</em></strong></span> <span class='ocrx_word' id='word_1_342' title='bbox 1176 3773 1225 3838; x_wconf 80' lang='lat' dir='ltr'><strong><em>die,</em></strong></span> <span class='ocrx_word' id='word_1_343' title='bbox 1242 3771 1295 3826; x_wconf 71' lang='lat' dir='ltr'><strong><em>&#39;om</em></strong></span> 
     </span>
     <span class='ocr_line' id='line_1_35' title="bbox 279 3859 1296 3930; baseline 0.002 -16"><span class='ocrx_word' id='word_1_344' title='bbox 279 3859 307 3914; x_wconf 80' lang='lat' dir='ltr'><strong><em>C.</em></strong></span> <span class='ocrx_word' id='word_1_345' title='bbox 327 3860 366 3914; x_wconf 72' lang='lat' dir='ltr'><strong><em>Hs</em></strong></span> <span class='ocrx_word' id='word_1_346' title='bbox 385 3870 412 3914; x_wconf 88' lang='lat' dir='ltr'><strong><em>et</em></strong></span> <span class='ocrx_word' id='word_1_347' title='bbox 429 3861 472 3914; x_wconf 77' lang='lat' dir='ltr'><strong><em>us.</em></strong></span> <span class='ocrx_word' id='word_1_348' title='bbox 504 3861 576 3915; x_wconf 83' lang='lat' dir='ltr'><strong><em>Comi.</em></strong></span> <span class='ocrx_word' id='word_1_349' title='bbox 595 3863 683 3915; x_wconf 75' lang='lat' dir='ltr'><strong><em>adnot.</em></strong></span> <span class='ocrx_word' id='word_1_350' title='bbox 702 3863 735 3913; x_wconf 88' lang='lat' dir='ltr'><strong><em>sd</em></strong></span> <span class='ocrx_word' id='word_1_351' title='bbox 755 3876 809 3930; x_wconf 81' lang='lat' dir='ltr'><strong><em>esp.</em></strong></span> <span class='ocrx_word' id='word_1_352' title='bbox 823 3861 855 3912; x_wconf 85' lang='lat' dir='ltr'><strong><em>xt</em></strong></span> <span class='ocrx_word' id='word_1_353' title='bbox 867 3869 893 3911; x_wconf 86' lang='lat' dir='ltr'><strong><em>et</em></strong></span> <span class='ocrx_word' id='word_1_354' title='bbox 905 3859 954 3912; x_wconf 84' lang='lat' dir='ltr'><strong><em>xii.</em></strong></span> <span class='ocrx_word' id='word_1_355' title='bbox 969 3861 1022 3912; x_wconf 87' lang='lat' dir='ltr'><strong><em>init.</em></strong></span> <span class='ocrx_word' id='word_1_356' title='bbox 1060 3859 1148 3914; x_wconf 72' lang='lat' dir='ltr'><strong><em>Statim</em></strong></span> <span class='ocrx_word' id='word_1_357' title='bbox 1166 3865 1195 3916; x_wconf 86' lang='lat' dir='ltr'><strong><em>irs</em></strong></span> <span class='ocrx_word' id='word_1_358' title='bbox 1212 3865 1296 3916; x_wconf 82' lang='lat' dir='ltr'><strong><em>cusiis</em></strong></span> 
     </span>
     <span class='ocr_line' id='line_1_36' title="bbox 279 3946 787 4022; baseline 0.002 -22"><span class='ocrx_word' id='word_1_359' title='bbox 279 3946 383 4022; x_wconf 73' lang='lat' dir='ltr'><strong><em>datiis.</em></strong></span> <span class='ocrx_word' id='word_1_360' title='bbox 420 3948 487 4000; x_wconf 83' lang='lat' dir='ltr'><strong><em>Dein</em></strong></span> <span class='ocrx_word' id='word_1_361' title='bbox 505 3953 542 4004; x_wconf 84' lang='lat' dir='ltr'><strong><em>its</em></strong></span> <span class='ocrx_word' id='word_1_362' title='bbox 560 3953 630 4004; x_wconf 85' lang='lat' dir='ltr'><strong><em>stirs</em></strong></span> <span class='ocrx_word' id='word_1_363' title='bbox 647 3959 721 4004; x_wconf 77' lang='lat' dir='ltr'><strong><em>tm</em></strong></span> <span class='ocrx_word' id='word_1_364' title='bbox 739 3947 787 4001; x_wconf 78' lang='lat' dir='ltr'><strong><em>tto.</em></strong></span> 
     </span>
    </p>
   </div>
   <div class='ocr_carea' id='block_1_4' title="bbox 0 0 1456 4692">
    <p class='ocr_par' dir='ltr' id='par_1_4' title="bbox 0 0 1456 4692">
     <span class='ocr_line' id='line_1_37' title="bbox 0 0 1456 4692; baseline 0 2"><span class='ocrx_word' id='word_1_365' title='bbox 0 0 1456 4692; x_wconf 95' lang='lat' dir='ltr'><strong><em> </em></strong></span> 
     </span>
    </p>
   </div>
  </div>
 </body>
</html>
