2904 4692
717 322 759 388 ⁷2

230 487 382 550 nativinte
411 486 540 562 tentoni,
574 485 713 566 incipient
745 497 816 546 esse
847 477 1010 556 caelestes,
1043 495 1082 542 ex
1112 497 1187 560 eque
1219 486 1248 546 et

184 598 189 604 ’
231 599 335 682 spiritu
360 600 427 660 neti.

686 735 688 742 Ι
702 792 780 862 xttt.

321 938 505 1004 Procedente
529 938 665 1002 erutione
688 934 871 1018 postulamus
903 940 933 997 et
964 933 1106 998 dicimus:
1139 935 1251 1000 Panem

232 1062 371 1118 nostrum
403 1053 597 1115 cotidianum
628 1051 670 1111 dc
699 1049 789 1112 nobis
810 1046 833 1123 ¹)
855 1048 952 1110 bodie.
1000 1049 1085 1123 Ouod
1102 1046 1130 1122 ²)
1154 1057 1253 1132 potest

150 1174 153 1178 ’
236 1176 266 1229 et
289 1167 459 1249 spirituliter
482 1173 516 1229 ei
534 1163 705 1245 simpliciter
729 1163 880 1244 intellegi,
910 1163 977 1242 quin
1002 1169 1031 1224 et
1053 1169 1180 1242 uterque
1202 1164 1251 1226 iu-

235 1281 370 1343 teliectus
402 1278 523 1341 utilitate
554 1276 652 1338 divine
683 1250 809 1356 preficit*
831 1275 867 1336 ad
892 1275 1025 1338 satutem.
1072 1275 1145 1338 Num
1168 1277 1252 1357 punis

237 1395 314 1456 vitce
338 1361 471 1455 Christus
489 1395 555 1466 est,
589 1397 617 1450 et
641 1389 726 1470 penis
749 1386 797 1448 bic
813 1384 841 1462 ³)
868 1389 996 1450 omnium
1020 1395 1166 1464 nonest,
1198 1387 1252 1452 sed

237 1515 343 1571 noster
365 1511 418 1566 est.
465 1505 500 1566 Et
525 1503 676 1584 quomodo
699 1502 823 1564 dicimus
843 1512 1083 1582 paternoster,
1113 1503 1180 1584 quic
1203 1504 1252 1565 in*

131 1671 134 1680 ,
236 1619 438 1700 teilegeutium
461 1623 490 1678 et
512 1613 694 1677 credentium
711 1620 796 1695 puter
813 1619 867 1693 est,
892 1615 935 1676 sic
952 1622 982 1678 et
998 1635 1102 1697 punem
1120 1622 1253 1678 nostrum

236 1748 378 1794 vocemus
395 1725 440 1807 ⁴),
471 1729 538 1810 quic
563 1728 696 1790 Christus
726 1747 849 1808 eornm,
881 1729 931 1808 qui
953 1747 1063 1810 corpus
1087 1730 1151 1791 eius
1175 1746 1253 1790 con-
1362 1750 1367 1762 ·

237 1845 362 1925 tingunt,
389 1843 474 1923 penis
498 1848 551 1903 est.
598 1841 682 1902 Hunc
699 1839 725 1914 ⁵)
748 1848 846 1903 eutem
868 1859 975 1922 punem
999 1841 1063 1902 deri
1086 1839 1173 1903 nobis
1196 1857 1253 1904 co-

237 1955 307 2019 tidie
329 1956 521 2036 postulamus,
545 1973 584 2016 nc
608 1956 659 2036 qni
682 1956 711 2018 in
729 1953 847 2018 Christo
870 1972 972 2016 sumus
997 1961 1024 2016 et
1049 1954 1255 2020 eucharistiam
1300 1927 1305 1938 ⁴

238 2070 347 2132 cotidie
380 2068 416 2132 cd
448 2071 544 2132 cibum
575 2069 677 2132 salutis
709 2070 893 2152 accipimus,
921 2067 1126 2130 intercedente
1156 2069 1255 2150 aliquo

238 2274 356 2342 numquid
377 2288 464 2325 conum
483 2274 561 2335 fides,
581 2290 627 2342 pro
647 2275 736 2342 quibus
756 2283 857 2337 oretur,
878 2283 904 2326 ut
924 2274 1043 2338 credent,
1063 2275 1105 2326 dei
1123 2277 1257 2342 praevenit

240 2359 368 2430 gretiam?
392 2358 510 2422 ¹Quando
530 2361 633 2428 quidem
652 2359 701 2412 boc
720 2375 766 2428 pro
786 2363 822 2412 eis
841 2370 942 2424 oretur,
969 2369 1064 2412 utnon
1084 2361 1257 2425 credentibus,

241 2449 332 2514 idest,
353 2447 429 2501 fldem
449 2461 499 2496 non
518 2445 680 2510 habentibus,
698 2447 761 2498 fides
781 2449 833 2513 ipsc
854 2445 978 2499 (ιοιιιιιιιτιι
998 2457 1046 2498 etc.
1069 2477 1098 2487 -
1121 2445 1185 2499 vein
1205 2467 1256 2502 cc-

240 2541 330 2590 tuutus
349 2537 447 2587 dontiui
469 2531 517 2582 Mb.
555 2531 620 2582 inire
640 2539 726 2585 renati
746 2531 780 2583 Bn
801 2541 828 2584 ct
846 2531 909 2582 bled.

310 2620 371 2673 ΧΙΙΙ,
412 2621 438 2686 ι)
456 2622 533 2671 nsciis
553 2633 601 2669 oin.
624 2617 671 2669 ιιι).
714 2619 742 2682 2)
766 2623 836 2686 Quid
856 2617 894 2668 W.
933 2617 1076 2670 Proximum
1101 2631 1124 2674 ct
1148 2637 1195 2672 om.
1217 2621 1257 2672 W.

241 2709 287 2760 din.
307 2705 353 2770 lin,
371 2709 430 2756 item
450 2705 508 2755 edd.
530 2713 591 2756 vett.
612 2721 634 2755 c.
654 2704 763 2770 Eccum,
786 2709 863 2760 etiam
881 2717 910 2780 οιΙ
922 2705 1010 2757 scribit
1031 2692 1076 2758 bib.
1115 2707 1176 2758 Tum
1195 2712 1256 2778 epi-

240 2796 374 2846 rituatitcr
392 2791 486 2845 hubent
506 2791 540 2845 iic
560 2801 585 2844 et
605 2791 688 2845 Mede.
727 2791 782 2844 Mox
808 2805 831 2848 ct
855 2787 913 2860 post'
936 2797 998 2863 quia
1022 2811 1072 2845 cm.
1093 2791 1128 2844 uc
1147 2802 1173 2845 et
1193 2793 1257 2846 died.

242 2879 305 2932 netu
331 2884 434 2950 prolicit
461 2887 602 2932 correctum
631 2895 646 2931 c
672 2883 785 2950 prefecit
813 2882 859 2943 (ite
889 2879 921 2948 C)
951 2883 975 2932 in
1005 2880 1062 2944 bib,
1098 2897 1112 2932 e
1137 2884 1259 2950 preficiat

241 2968 264 3018 in
278 2965 309 3017 W
327 2975 354 3018 ct
366 2965 414 3018 bie.
452 2967 480 3033 3)
499 2971 560 3022 binc
578 2984 616 3036 pr.
629 2965 676 3018 bie.
714 2967 743 3034 ιι
763 2966 810 3020 Pro
829 2985 956 3023 vocamus
971 2965 1006 3019 Bc
1024 2977 1050 3019 et
1064 2967 1118 3019 Med
1137 2967 1258 3020 exhibent

239 3057 362 3124 petimus.
398 3053 460 3106 Tum
485 3058 610 3108 cbristus
637 3065 743 3118 noster,
772 3059 817 3124 qui
840 3049 869 3092 -’-
889 3059 1086 3126 contingimus,
1113 3058 1190 3121 patuis
1218 3065 1259 3110 cet

242 3139 299 3192 edd.
319 3148 381 3191 vett.
401 3157 423 3190 c.
442 3139 539 3191 Etcum.
560 3149 585 3190 et
604 3139 694 3203 Grau
724 3144 803 3206 otc,
822 3151 928 3204 ncetcr,
956 3145 1000 3212 qui
1019 3174 1043 3184 -
1070 3145 1257 3212 continuimus,

240 3247 264 3295 p.
285 3237 325 3280 oct
345 3225 456 3288 noscite
485 3229 571 3294 Oba„
591 3237 682 3281 neem
706 3231 764 3296 iqui
788 3256 819 3267 -
846 3230 1037 3299 continuimus)
1061 3247 1086 3298 p.
1105 3239 1145 3284 cet
1164 3229 1256 3281 ddenut.

241 3363 336 3417 Pemel.
351 3363 440 3433 Rigalt.
456 3363 551 3428 Oxou.;
573 3369 635 3420 Otr.
648 3382 750 3429 curum,
769 3369 815 3435 qni
827 3395 858 3405 -
873 3370 1050 3438 continuimus
1064 3317 1258 3440 (extitimus

226 3449 292 3516 -Bc,
319 3454 472 3522 attingimus
491 3450 541 3516 tib)
565 3471 592 3523 p.
613 3461 653 3504 cet
673 3449 712 3501 W.
735 3451 841 3505 Mcbcde
859 3462 885 3504 et
904 3451 947 3505 se.
988 3457 1128 3510 Wctdewe
1147 3457 1163 3508 Ι.
1182 3473 1204 3508 c.
1223 3459 1258 3510 ite

146 3597 149 3602 ¹
242 3537 375 3607 tegendum
394 3547 478 3606 putet:
497 3540 622 3607 quensndc
642 3540 756 3592 dicimus
773 3550 876 3609 patrem
894 3551 1032 3605 nostrum,
1051 3535 1158 3612 quid-
1171 3559 1256 3602 cccc-

241 3643 301 3678 mue
315 3628 461 3688 Christum,
481 3626 543 3694 quia
559 3627 584 3677 iu
598 3641 698 3687 corum,
718 3629 763 3694 qui
776 3635 873 3693 corpus
886 3631 945 3681 eine
960 3632 1145 3698 continuimus.
1169 3627 1257 3682 Falso.

241 3710 333 3762 Vernus
353 3711 504 3762 tectionem:
533 3713 593 3764 θὴν.
614 3727 722 3779 corum,
746 3716 791 3781 qui
810 3739 843 3750 --
863 3716 1030 3783 cunstinyunt,
1055 3723 1128 3782 quens
1148 3731 1163 3767 ο
1182 3716 1256 3768 codd.

241 3796 352 3846 restituit
370 3794 497 3860 Betucius,
516 3804 646 3864 praestent
663 3799 738 3849 etiem
759 3797 795 3848 ιιι
811 3807 837 3848 et
852 3798 908 3848 Vnt
922 3797 946 3849 ³.
983 3799 1012 3866 5)
1032 3802 1100 3854 Hinc
1114 3799 1156 3852 Bc.
1188 3802 1258 3856 idem

242 3895 263 3927 c.
284 3878 340 3930 bicd
365 3882 442 3936 unite
465 3883 789 3952 montistenensis.
826 3883 883 3934 Mox
909 3887 943 3938 cd
966 3888 1051 3939 citum
1074 3889 1175 3952 ectutic
1197 3891 1258 3942 iure
