2880 4696
257 546 383 630 delicta,
406 551 476 610 ante
499 544 776 632 exomologesim&
799 548 1075 630 lactum-criminis,
1101 555 1171 616 anto
1192 569 1270 636 pur-

255 669 354 748 galam
377 663 589 728 conscientiam
610 663 759 730 sacrificio
782 671 813 730 ct
835 685 924 732 manu
939 661 967 747 ³)
989 664 1172 746 sacerdotis,
1200 671 1270 731 anto

255 776 400 844 offensam
430 778 574 863 placatum
601 779 781 864 indignantis
803 782 914 846 domini
936 789 968 846 ot
988 781 1126 846 minantis
1147 783 1193 846 vis
1216 783 1268 846 in·

252 893 347 961 fertur
370 897 491 980 corpori
514 897 578 988 cius
601 904 632 960 et
654 899 802 982 sanguini,
826 895 895 978 ομ)
917 896 983 983 plus
1006 899 1096 964 modo
1120 899 1151 962 in
1168 897 1267 962 domi-

225 1027 322 1074 unum
343 1008 478 1074 manibus
501 1017 590 1092 atquo
611 1027 666 1074 ore
689 1008 1001 1093 delinquunt,‘quam
1027 1030 1093 1076 cum
1116 1012 1268 1076 dominum

250 1130 446 1210 negaverunt.
491 1125 597 1188 Paccm
626 1129 731 1208 putant
760 1122 869 1200 csso⁵l
899 1143 988 1208 quom
1016 1127 1134 1209 qtridom
1164 1128 1266 1192 verbis

250 1235 404 1302 fallacibus
425 1239 589 1305 venditant.
632 1239 701 1306 Non
723 1247 770 1304 est
791 1259 852 1324 pax
873 1239 939 1320 illa,
965 1241 1020 1306 sod
1050 1241 1179 1318 bollum3
1208 1259 1267 1306 noc

249 1355 396 1420 ccclesias
418 1356 549 1440 iungitur
571 1355 621 1436 qui
644 1356 680 1418 ab
704 1355 861 1440 evangello
888 1361 1045 1438 soporatur
1059 1351 1097 1435 6).
1142 1349 1264 1433 Quint)

248 1469 383 1533 iniurium
413 1469 590 1535 beneficium
620 1470 753 1535 vocant?
806 1471 883 1546 Quid
912 1471 1083 1554 inpietatem
1112 1467 1262 1534 vocabulo

207 1583 362 1666 inpietatis
378 1582 554 1665 adpellant?
591 1582 668 1659 Quid
685 1583 738 1664 cis,
761 1585 811 1666 qui
826 1582 901 1648 flere
922 1585 1032 1670 iugiter
1055 1590 1084 1648 ct
1095 1578 1126 1665 ⁸)
1149 1602 1264 1668 rogaro

245 1697 394 1762 dominum
417 1715 503 1762 suum
526 1696 635 1762 dcbcnt
656 1698 822 1782 intercepta
838 1699 1036 1782 poenitentiae
1051 1699 1261 1764 lamentatione

148 1889 151 1896 Δ
244 1812 454 1878 conmunicuro
482 1829 518 1878 sc
547 1812 707 1878 simulant?
750 1813 816 1878 lloc
831 1807 858 1893 ⁹)
888 1820 957 1880 sunt
985 1813 1131 1882 eiusmodi
1159 1813 1262 1896 lapsis,

244 1927 325 2010 quod
355 1926 470 2012 grando
505 1927 656 2013 frugibus,
690 1928 771 2011 quod
804 1927 952 1993 turbidum
981 1929 1064 1994 sidus
1093 1929 1262 2010 arboribus,

243 2041 325 2126 quod
346 2043 486 2106 armentis
508 2041 650 2126 pestilens
674 2043 806 2123 vastitas,
828 2042 910 2125 quod
931 2043 1059 2127 novigiis
1074 2061 1165 2110 saeva
1179 2049 1261 2108 tom·

204 2173 229 2219 ao
242 2165 353 2240 postas.
398 2157 547 2224 solacium
559 2151 600 2234 ¹⁰)
624 2157 690 2241 spci
717 2155 864 2239 adimunt,
893 2177 912 2222 s
940 2157 1043 2223 radico
1071 2159 1260 2239 subvertunt,

241 2388 316 2459 puint'
339 2383 400 2456 (4⁶8
423 2385 478 2453 pr.)
501 2359 527 2406 ά
549 2389 612 2457 plur
635 2383 673 2454 (ct
690 2400 706 2437 s
722 2401 742 2439 r.
761 2400 794 2440 m.
812 2399 889 2454 supra
912 2383 1010 2456 addito)
1033 2389 1110 2442 modo
1133 2389 1163 2442 tn
1182 2388 1261 2442 m„

241 2517 364 2570 miluc
382 2484 458 2546 ψ’
477 2525 524 2565 crs
541 2508 629 2580 (utque
646 2506 680 2568 ttb
698 2525 718 2562 r.
731 2524 765 2562 m.
782 2511 921 2578 superscr.)
936 2512 1089 2580 dsdnpuunt
1104 2505 1139 2548 -“-
1153 2537 1185 2550 -
1201 2525 1255 2564 no-

237 2604 364 2674 puocrint.
398 2598 436 2652 ltu
453 2605 480 2650 st
496 2595 538 2650 blo
555 2612 570 2649 a
587 2611 608 2649 r.
625 2611 659 2648 m.
677 2596 703 2648 iu
720 2613 780 2666 mg,
799 2609 832 2649 oo
849 2605 935 2651 muron
952 2595 1087 2664 dillsrcns,
1110 2595 1178 2668 quod
1196 2605 1256 2666 post

236 2690 365 2760 emptast
382 2685 453 2738 addit
475 2688 551 2750 stuc,
575 2683 644 2754 quod
668 2686 783 2754 agnoscit
808 2687 884 2738 ctiam
902 2684 957 2752 lid,
983 2686 1009 2738 in
1034 2700 1099 2754 quo,
1124 2693 1152 2746 ut
1177 2686 1203 2736 in
1220 2682 1256 2751 A,

237 2775 305 2828 idom
328 2772 477 2827 observatur
501 2773 573 2850 ordo.
608 2771 739 2825 blsliorsm
763 2782 848 2826 cutam
865 2773 1002 2827 vorborum
1020 2772 1135 2826 ordinem
1153 2771 1252 2824 conflr-

238 2871 332 2916 matum
355 2863 461 2932 reliquis
483 2859 613 2914 codicibus
637 2862 730 2914 nostris
752 2864 847 2929 primus
871 2863 981 2915 restituit
999 2859 1120 2926 Gravius,
1145 2875 1263 2930 sumque,

238 2953 322 3006 secuti
344 2959 402 3006 sunt
425 2947 523 3002 llorcll.
548 2946 641 3017 Rigalt.
667 2949 705 3015 (iu
729 2945 871 3003 Observctt
894 2958 920 3019 p.
947 2947 1026 3016 tou),
1050 2945 1137 3001 baluc.
1163 2945 1255 3002 Goldb.

239 3039 268 3107 2)
286 3038 324 3093 ltu
341 3038 393 3105 llld,
411 3039 632 3108 eccttonrolopcet'at
647 3034 695 3102 Ba,
712 3038 933 3108 outonotoptstm
949 3034 1002 3102 llo,
1022 3034 1092 3105 quod
1112 3051 1187 3104 supra
1204 3049 1255 3087 no-

238 3128 363 3193 tavimus,
387 3127 602 3195 soebomolopcec'n
620 3122 653 3174 W
670 3129 697 3176 st
714 3123 770 3190 lla,
795 3130 824 3175 ut
847 3123 907 3176 odd.
924 3130 987 3176 nott.
1007 3139 1031 3176 c.
1049 3121 1162 3190 Erasm,
1183 3141 1255 3180 ω.

238 3217 384 3285 anotopm'rt
400 3212 459 3266 libn'
475 3212 532 3266 roll.
549 3213 638 3282 scripti
655 3219 682 3264 ot
700 3210 770 3264 cditi.
806 3210 835 3277 3)
852 3229 950 3267 munus
965 3208 1014 3265 Bb.
1050 3211 1081 3282 t)
1097 3223 1123 3267 ot
1140 3227 1190 3264 om.
1203 3210 1255 3264 bid.

237 3299 325 3366 ldcm,
350 3307 378 3352 ut
396 3299 453 3366 lib,
476 3297 569 3351 deindo
595 3296 682 3352 scribit
705 3301 734 3352 ia
755 3300 847 3364 man,
875 3297 943 3368 quod
961 3296 1056 3368 legitur
1073 3300 1151 3352 stiam
1168 3301 1195 3352 in
1213 3298 1255 3352 sd

236 3387 349 3453 llorsll.;
374 3391 403 3443 iar
428 3391 526 3442 domitto·
542 3389 667 3443 monibus
685 3415 716 3428 -
736 3389 888 3458 delinquunt
904 3386 983 3439 tabu
1000 3385 1049 3440 blc.
1085 3387 1114 3454 5)
1132 3395 1257 3456 putantes

236 3492 298 3531 sm
320 3473 367 3527 bb.
404 3473 466 3526 Tum
490 3477 591 3544 quidm
614 3472 662 3527 blc.
704 3472 807 3526 Deinde
834 3476 989 3544 sumtibus
1016 3472 1132 3544 Segnior.
1158 3481 1186 3526 st
1210 3471 1257 3527 tta.

237 3563 325 3618 Statim
347 3567 486 3620 condicunt
503 3561 534 3616 b
576 3561 606 3628 6)
631 3562 797 3632 θρασέων-Α
821 3569 848 3614 ot
873 3577 912 3630 pr.
931 3560 980 3614 lic.
1024 3561 1053 3627 t)
1072 3566 1126 3630 Qui
1148 3577 1187 3630 pr.
1204 3559 1256 3615 tlt.

236 3653 266 3720 8)
279 3663 303 3708 ct
315 3669 330 3706 a
342 3669 408 3708 corr.
422 3669 453 3704 ru.
465 3665 541 3719 supra
554 3649 665 3702 additum
678 3651 704 3703 in
717 3649 764 3704 lic
793 3649 853 3704 ltux
864 3652 941 3704 doum
951 3666 1032 3705 sunan
1046 3647 1099 3702 lib.
1120 3649 1123 3656 ⁴
1136 3647 1166 3714 9)
1184 3651 1258 3704 llaec

237 3739 276 3793 Bt
294 3757 316 3793 c.
329 3740 361 3794 Α.
390 3740 451 3793 'lum
468 3740 621 3796 buiusmoda'
631 3737 677 3790 Bb.
713 3737 762 3791 Pro
780 3735 1001 3810 tapsichtbla
1020 3740 1104 3808 tapsi.
1141 3735 1185 3802 10)
1198 3739 1256 3791 So·

239 3829 338 3882 tactum
360 3842 407 3896 pro
429 3828 555 3880 solutions
578 3833 651 3878 rscts
668 3825 709 3878 W.
727 3824 796 3878 llbd.
814 3824 845 3880 Δ.
881 3824 936 3878 Vid.
962 3823 1113 3894 Wagner.
1139 3820 1257 3892 Ortbogr.

239 3913 335 3984 Vcrpil.
352 3931 378 3982 p.
397 3913 457 3966 ⁴⁷2.
493 3912 560 3966 Dsiu
576 3912 647 3984 vulg.
663 3913 757 3983 legitur
775 3923 895 3970 umus
913 3915 981 3984 spot.
1016 3909 1067 3964 Ssd
1088 3909 1181 3964 adtoct
1201 3925 1253 3966 u-

240 4011 344 4070 umus,
371 4003 440 4072 quod
462 4011 607 4073 subpactum
629 4003 764 4058 videbatur
786 4003 837 4057 ism
855 3999 964 4072 Grsvio,
990 4006 1147 4072 quapropter
1170 3998 1256 4053 minu·
