2904 4692
647 383 684 446 91

160 537 198 598 de
222 544 286 600 tcto
310 537 404 600 corde
423 533 461 614 ¹2)
484 546 537 600 teo
561 541 652 601 etde
676 549 742 604 tote
766 544 874 606 neimo
902 551 955 606 teto
983 552 1013 605 et
1042 545 1081 606 de
1111 555 1176 609 toto

137 647 272 710 ‚come
296 656 360 708 teto.
405 648 475 711 Hoc
494 649 638 727 primum,
667 658 697 712 et
716 653 884 715 nectendum
906 655 1007 718 simile
1028 657 1102 718 doio
1121 653 1177 731 Ι’).·

161 759 282 839 Ditipee
311 760 489 839 procimom
521 768 611 822 torem
637 771 792 843 tamquam
823 774 859 828 te.
905 767 942 828 Io
971 770 1021 830 die
1053 769 1176 833 conone

158 872 337 948 praeceptis
361 879 427 934 tcto
450 874 503 934 tec
522 875 638 964 pendet
659 882 691 936 et
707 877 890 953 prophetoe.
937 878 973 940 ot
994 881 1099 943 iteroro
1121 879 1175 958 Ι’);

163 981 379 1062 Quaecumque
400 985 565 1048 colueritis
578 985 617 1059 ¹⁶)
636 997 671 1049 eet
686 989 809 1068 sociant
822 988 910 1053 coto
925 993 1065 1055 homines
1082 993 1175 1071 tono,

159 1095 205 1156 ito
229 1103 258 1156 et
277 1113 336 1186 coe
356 1097 453 1176 facite
476 1096 551 1158 ttto.
596 1097 682 1160 Haec
712 1107 759 1162 eet
787 1101 868 1160 enim
899 1101 951 1163 lec
970 1099 1010 1178 ¹⁶)
1042 1114 1072 1166 et
1098 1125 1175 1184 pro·

155 1208 277 1286 phetae.

630 1403 706 1473 m.

247 1545 310 1606 Nec
333 1544 433 1605 verbis
458 1549 585 1621 tontum,
617 1543 680 1604 sed«
701 1551 733 1605 et
763 1543 847 1606 foetis
878 1544 1013 1611 dominos
1035 1548 1057 1624 ¹)
1088 1569 1177 1614 orere

159 1675 215 1718 nos
239 1656 354 1734 docuit,
384 1659 450 1739 ipse
475 1675 564 1720 orons
590 1658 763 1739 frequenter
792 1666 822 1722 et
852 1661 1018 1742 deprecans
1047 1672 1075 1727 et
1106 1669 1176 1748 quid

161 1769 333 1832 nos-iacere
349 1777 502 1852 oporteret
518 1772 646 1853 exempli
662 1773 708 1834 soi
724 1776 943 1836 contestatione
958 1775 1176 1858 demontrans,

160 1880 237 1941 sicot
259 1882 398 1962 scripturn
424 1888 469 1943 est
487 1879 530 1956 ²):
566 1881 634 1958 ipse
658 1889 761 1943 cotem
782 1882 845 1958 feeit
867 1887 1015 1948 secedens
1038 1889 1072 1947 ie
1095 1891 1176 1952 coti*

161 1992 295 2054 tudinem
310 1989 338 2068 ³)
363 2001 393 2055 et
415 1994 562 2056 odoram.
608 1994 644 2055 Et
667 1996 771 2056 iterun
789 1993 833 2068 Ὃκ
857 1995 970 2058 Ecicit
991 1999 1025 2059 r'tt
1046 2009 1177 2062 monton

230 2171 277 2237 12)
302 2189 338 2225 etc
363 2181 413 2224 toto
439 2174 517 2260 corde
541 2171 587 2221 dio.
637 2172 680 2238 13)
704 2170 739 2221 ite
765 2170 839 2222 codd.
859 2169 887 2222 C.
907 2171 946 2223 W.
966 2173 1055 2225 diobcd
1081 2183 1107 2226 et
1125 2174 1177 2228 Boc
1262 2189 1267 2196 ’

160 2265 314 2326 veteresque
333 2256 410 2319 cdd,
433 2260 481 2310 dcc
500 2267 542 2310 eet
556 2261 671 2326 primum
689 2267 713 2309 et
731 2259 874 2309 eecundom
892 2261 980 2311 timide
997 2263 1059 2313 doit·
1078 2259 1175 2314 Eroem.

160 2360 182 2396 c.
202 2343 292 2408 Gran,
311 2345 360 2396 doc
376 2346 454 2412 pom.
474 2351 499 2396 et
516 2359 570 2396 rec.
588 2347 650 2396 eim.
670 2352 709 2397 eet
728 2347 791 2396 duic
811 2342 863 2393 otet
879 2350 904 2394 et
923 2347 1053 2412 exemptor
1072 2348 1176 2412 Moreli„

124 2439 128 2447 '
160 2435 208 2484 dcc
226 2442 267 2485 eet
283 2435 361 2501 prim.
381 2438 406 2484 et
423 2447 476 2483 eee.
496 2433 557 2483 rim.
578 2439 618 2484 eet
636 2431 699 2484 hoie
712 2429 749 2480 Bb
765 2437 791 2481 et
808 2429 848 2480 ed.
864 2429 966 2495 dinoot,
985 2435 1033 2486 hcc
1046 2443 1086 2486 eet
1096 2437 1175 2502 prim.

160 2521 311 2571 mandatnm
335 2527 358 2570 et
382 2532 435 2569 ecc.
460 2519 521 2569 eim,
546 2524 586 2569 ert
605 2519 666 2568 huic
687 2514 780 2566 Pomel.
800 2524 826 2565 et
844 2518 1009 2567 recentiores.
1047 2516 1097 2568 Sed
1118 2531 1175 2569 voc.

160 2608 326 2671 mandentur,
355 2619 429 2672 qoam
451 2619 465 2653 e
484 2603 541 2654 cod.
561 2599 660 2652 Gennbr.
680 2603 779 2668 reecpit
797 2599 937 2666 Peneion,
965 2617 997 2653 ex
1022 2602 1177 2669 gioeeemete

160 2688 260 2741 duxitee
279 2689 438 2741 menifestum
458 2697 504 2740 eet.
540 2686 659 2740 Ceterum
679 2687 747 2738 coni.
762 2687 863 2738 adnotet
888 2688 918 2738 ed
931 2687 1022 2739 librom
1037 2687 1070 2739 de
1082 2689 1175 2740 cethoi.

161 2775 254 2826 ecclee.
268 2778 365 2826 onitate
380 2776 396 2826 1.
411 2791 434 2826 c.
471 2775 497 2826 in
510 2791 580 2844 seqq.
597 2775 651 2826 Ver.
667 2784 693 2826 et
707 2775 755 2837 Mb,
776 2783 802 2823 ot
815 2775 873 2824 edd.
889 2773 973 2824 Boion.
987 2783 1062 2842 otqoe
1075 2774 1177 2840 dotto,

162 2859 282 2911 exhibent
298 2866 451 2929 proximum
470 2865 530 2925 tiii;
549 2861 604 2913 reid.
624 2869 707 2912 cotem
727 2859 783 2910 libri
798 2861 883 2926 scripti
896 2867 922 2910 et
936 2859 997 2910 editi
1009 2877 1088 2928 proc.
1103 2872 1177 2915 tonet

162 2954 271 3013 excepto
286 2945 328 3008 ott,
347 2949 371 2998 in
391 2963 440 3014 qoo
459 2947 552 3015 legitor
571 2964 653 3014 neque
671 2956 756 3008 tuom,
776 2959 860 3014 oeque
879 2948 932 2998 tidi.
970 2943 1035 2996 Dein
1054 2955 1177 3016 tenentem

163 3029 199 3082 Bb
219 3039 244 3082 et
261 3031 358 3098 rotgeri
376 3032 441 3083 libri.
475 3032 534 3083 Poet
549 3043 571 3087 te
585 3032 710 3084 Pometios
723 3049 738 3082 e
751 3030 840 3082 codice
853 3029 953 3082 Centho.
968 3031 1065 3082 eddidit
1076 3035 1176 3100 iprum,

161 3118 229 3186 qood
245 3118 272 3170 G.
287 3118 327 3169 W.
344 3117 433 3170 Mende
453 3128 478 3169 et
499 3117 567 3170 Bebc
586 3135 636 3170 non
656 3126 804 3186 concocunt,
824 3116 864 3168 dib
883 3124 968 3168 rotent
986 3132 1000 3167 e
1020 3132 1040 3168 r.
1059 3132 1091 3168 m.
1111 3118 1177 3169 inter
1240 3106 1243 3112 ’
1330 3173 1334 3184 ,

138 3219 250 3258 ‚venor
271 3203 356 3255 hebet.
395 3203 467 3256 Unde
485 3221 575 3257 vocem
596 3208 667 3258 istem
693 3205 857 3257 omittendam
883 3205 979 3256 censui.
1027 3203 1071 3264 tt)
1091 3203 1175 3256 dietih.

162 3291 248 3354 7,12.
296 3292 339 3354 15)
362 3295 445 3345 cottio
463 3291 510 3343 Me.
547 3291 574 3343 io
597 3309 667 3361 seqq.
693 3293 761 3343 idem
786 3291 852 3342 ttoer
875 3303 923 3341 om.
949 3293 995 3342 ite.
1044 3291 1087 3354 to)
1105 3294 1177 3346 neec

161 3397 231 3447 enim
250 3366 284 3399 m
303 3398 348 3448 leo
368 3393 414 3446 dib.
452 3393 513 3447 Toto
531 3401 667 3465 prophetie
685 3395 721 3449 Bc
738 3403 765 3448 et
783 3394 847 3446 otoo.
914 3404 920 3418 ·

230 3479 291 3532 xxt.
333 3481 357 3545 1)
377 3483 443 3535 deur
463 3479 498 3544 G,
525 3483 627 3534 inverso
651 3484 742 3533 ordine
766 3499 845 3536 orere
866 3499 917 3536 eece
939 3482 1066 3534 dominor
1089 3484 1178 3535 tecm

162 3563 202 3616 Mb
224 3574 249 3616 et
268 3564 314 3618 Bb.
352 3568 409 3620 Mox
429 3571 498 3637 qood
515 3583 562 3636 pro
582 3571 644 3638 queit
662 3567 697 3620 Bc
716 3567 826 3618 epdied.
863 3566 925 3619 Tont
949 3585 1000 3621 one
1020 3572 1176 3636 [amre-

162 3655 218 3720 cepi
239 3670 270 3705 ex
289 3654 363 3706 codd.
384 3654 412 3706 G.
433 3655 471 3706 W.
491 3655 594 3708 Maedos
610 3664 637 3706 et
655 3653 738 3716 Bene,
767 3653 915 3721 quibuscum
939 3651 1076 3706 concordet
1099 3652 1177 3704 etiem

162 3740 290 3808 exemptor
303 3741 410 3805 Meroth,
429 3746 519 3810 fecero
536 3759 587 3794 eor
606 3741 698 3806 legitor
716 3738 783 3805 voig.
820 3738 883 3791 Deio
903 3749 1001 3806 opertet
1016 3737 1129 3790 teriboot
1141 3735 1177 3788 tto

161 3833 186 3879 ct
205 3825 278 3876 Medi.
316 3828 344 3890 2)
363 3827 461 3894 Loc5,
477 3828 516 3880 16.
554 3826 637 3880 Verbo
656 3841 729 3894 eeqq.
749 3841 830 3892 oeque
848 3825 879 3875 od
898 3828 984 3879 cecicit
1002 3824 1092 3876 doeoot
1111 3824 1135 3874 io
1148 3819 1175 3874 G.

162 3909 190 3973 3)
214 3915 310 3966 eodem
334 3917 363 3966 ie
387 3917 531 3968 ectitodt'oe
555 3912 590 3965 oc
617 3919 642 3962 et
666 3909 737 3974 ttod,
764 3914 888 3964 recedere
913 3915 942 3964 in
966 3911 1110 3964 eotttnttee
1133 3907 1176 3973 11,
