2882 4692
639 428 678 490 15

148 580 301 662 Paulisper
322 587 361 644 ‘te
389 581 485 646 crede
501 581 529 662 ²)
559 585 684 646 subduci
714 583 743 646 in
777 585 884 646 montis
912 586 997 650 erdui
1021 588 1164 651 verticem

149 694 329 772 cebiorem3
352 693 509 774 speculare
533 695 602 756 inde
625 711 725 758 rerum
749 693 823 758 inira
847 701 877 758 te
898 697 1054 761 iacentium
1074 697 1167 762 iacies

149 815 179 871 et
200 808 297 872 emulis
326 809 356 872 in
384 807 504 871 diuersa
528 809 677 890 porrectis
701 809 765 890 ipse
788 828 805 872 a
829 811 959 872 terrenis
982 813 1167 875 contactibus

149 921 224 984 libor
255 920 425 986 marmus
456 923 556 986 mundi
586 924 721 986 turbines
750 925 875 986 intuere.
921 924 979 987 lam
1003 927 1116 988 saeculi
1139 935 1169 990 et

150 1037 215 1115 ipse
249 1036 440 1098 m'eereberis
476 1038 576 1116 tuique
611 1033 820 1106 adnrcnitus.³t
855 1043 884 1100 et
918 1038 983 1119 plus
1017 1039 1046 1100 in
1081 1039 1169 1102 deum

49 1142 54 1150 '
149 1155 253 1230 malus
275 1149 390 1212 maiore
411 1150 520 1212 uerior
536 1149 615 1230 quod
632 1151 766 1212 creseris
784 1151 991 1232 gratulaberis.
1017 1151 1128 1214 ¹(ierne
1141 1150 1168 1227 4)

151 1267 182 1324 ιιι
214 1261 319 1326 itinere
350 1262 514 1326 terrendus
544 1263 665 1340 clausa,
697 1263 787 1325 nnuma
812 1264 935 1327 obsessa
958 1265 1170 1345 praedonibus,

152 1381 277 1437 cruento
306 1374 436 1438 horrore
467 1382 631 1439 castrorum
666 1375 741 1438 bella
774 1377 884 1457 ubique
913 1377 1019 1439 divisa.
1073 1377 1194 1442 bladet'

151 1486 235 1550 orbis
257 1493 357 1550 mutuo
379 1490 544 1571 sunguine;
565 1497 602 1552 et
625 1488 812 1554 homicidium
836 1507 902 1552 cmn
928 1490 1082 1553 admittunt
1105 1492 1171 1554 sin-

151 1600 231 1682 guli,
254 1601 365 1662 crimen
391 1608 438 1662 est
454 1597 499 1677 ⁵);
531 1600 624 1662 rinae
644 1607 788 1680 nocetur,
817 1619 881 1663 cum
905 1592 1025 1682 publice
1046 1603 1171 1684 geritur.

152 1703 346 1794 inpunitatem
369 1712 535 1774 sceleribus
558 1711 685 1792 adquirit
706 1730 768 1775 non
790 1712 980 1776 innocentiae
1005 1715 1092 1794 ratic,
1109 1712 1171 1778 'sod

155 1825 297 1889 saevitiae
322 1823 503 1910 magnitudo.

641 2021 688 2091 ll.

241 2163 300 2228 lem
325 2164 349 2225 si
365 2161 387 2240 ¹)
412 2163 448 2226 cd
473 2163 563 2226 urbes
588 2163 666 2244 ipsas
690 2162 795 2224 oculos
818 2168 885 2226 tuos
908 2167 997 2244 etque
1016 2141 1072 2234 :ora
1095 2183 1173 2229 con·

156 2284 273 2355 vertas,
306 2277 507 2339 celebritatem
539 2274 673 2338 offendes
704 2275 783 2337 onrni
812 2273 972 2337 solitudine
1001 2277 1172 2341 tristiorem.

156 2391 278 2472 Paratur
298 2385 532 2472 gladiatoriusi)
555 2387 652 2466 ludus,
677 2393 706 2448 ut
730 2385 879 2462 libidinem
903 2387 1066 2451 crudelium
1083 2390 1173 2453 lumi-

155 2525 362 2536 ...a-*—

156 2598 264 2650 luctasse
283 2596 313 2648 ad
334 2597 417 2648 Nostri
437 2597 515 2648 verbe
539 2600 606 2664 (cap.
630 2596 697 2658 10.):
727 2599 857 2650 dicturum
884 2599 1071 2651 blandientium
1095 2601 1174 2654 cirris
1199 2596 1205 2601 ’

132 2729 136 2736 .
156 2687 359 2745 occultantem,
385 2698 493 2751 anusque
518 2684 598 2734 secuti
622 2679 821 2745 molliremus,
845 2681 972 2734 llorellius
992 2690 1019 2734 et
1038 2683 1173 2738 Pameliua.

157 2771 244 2824 Statim
263 2774 382 2824 abstersa
401 2769 478 2822 hebet
497 2773 526 2818 Α.
564 2769 611 2819 l'ro
631 2770 716 2836 operti
734 2767 758 2816 in
779 2763 813 2817 Ba
834 2775 859 2817 et
879 2767 917 2818 lllc
938 2777 977 2820 eat
1002 2781 1108 2838 opertae
1132 2772 1174 2822 id.

157 2873 206 2927 qua
225 2857 321 2926 placuit
334 2855 446 2906 Pamclio
466 2865 491 2907 et
504 2855 622 2922 Rigaltio.
655 2852 705 2904 Sed
719 2851 768 2903 vid.
783 2856 879 2906 Belua.
895 2852 1014 2906 Aduolat.
1052 2859 1081 2924 2)
1101 2863 1176 2915 crede

157 2944 241 2998 teblb.
274 2943 331 2994 llox
348 2947 524 2997 excelsiorem
537 2939 580 2991 Βιι.
611 2939 638 2990 ln
656 2953 727 3006 seqq.
749 2941 806 3006 ipse
824 2938 855 2989 ab
876 2939 907 2989 al.
925 2957 957 2990 m.
977 2944 1175 3010 superscriptum

157 3033 181 3084 in
198 3031 246 3085 ttb.
278 3029 339 3080 inm
360 3030 547 3090 contractibus,
566 3033 695 3092 utsupra,
716 3023 759 3074 dut
773 3029 803 3086 d,
822 3041 869 3076 nec
885 3025 959 3077 aliter
971 3043 1008 3094 pr.
1023 3027 1177 3083 exhibebant
1198 3061 1201 3064 -

157 3117 188 3168 W
208 3127 234 3169 et
253 3116 298 3168 lto.
337 3115 401 3166 [lein
420 3113 519 3182 (luctus
538 3113 678 3166 mendice
697 3114 816 3166 turbines
835 3111 921 3162 scribit
939 3112 986 3163 lla.
1024 3112 1053 3180 3)
1072 3133 1175 3168 arnmo-

82 3195 84 3210 '
156 3208 230 3259 „sm
249 3201 310 3254 aab.
347 3199 409 3250 lum
426 3201 523 3252 maiori
542 3196 597 3249 llcd
624 3204 649 3247 et
674 3212 688 3248 e
711 3212 776 3248 corr.
796 3214 848 3249 sec.
870 3213 901 3248 m.
922 3197 971 3248 bib.
1010 3197 1057 3252 Pro
1075 3203 1177 3255 laetitia

159 3290 198 3341 lde
215 3291 331 3344 lieentia.
368 3285 484 3338 Proxime
501 3288 650 3355 arctularir
662 3283 701 3336 W.
724 3283 761 3334 lla
783 3293 808 3334 ct
826 3301 839 3336 a
859 3301 891 3336 m.
910 3301 947 3352 pr.
963 3284 1011 3350 bic,
1029 3289 1177 3356 uratarlcric

159 3375 200 3427 ttb
218 3383 244 3426 ct
262 3371 323 3425 liab.
366 3373 395 3435 l)
415 3375 492 3428 Uerta
512 3371 558 3423 lid.
595 3371 652 3424 blox
671 3389 778 3426 nemora
796 3387 842 3439 pro
860 3375 948 3430 maria
968 3371 1015 3425 blc,
1051 3371 1112 3426 Tum
1130 3390 1177 3442 pro

158 3467 269 3516 laorrcre
286 3459 324 3512 lib
344 3477 442 3515 errore.
487 3461 514 3524 5)
536 3470 575 3515 ret
593 3474 642 3512 om.
662 3459 709 3510 tte.
748 3457 813 3510 Dein
832 3463 920 3514 ciclus
939 3469 978 3513 cet
1002 3463 1104 3527 quondo
1121 3479 1176 3529 pu-

160 3553 225 3603 blice
242 3552 348 3618 certina·
366 3547 395 3600 Α.
612 3601 616 3610 ,
1173 3549 1175 3556 ’

231 3635 270 3688 Vl.
312 3636 382 3702 tter·
399 3636 595 3701 superscriptum
617 3651 632 3686 a
651 3648 670 3684 r.
690 3649 721 3684 m.
742 3634 766 3682 in
786 3631 833 3682 lllc.
870 3629 931 3682 Tum
956 3635 1032 3700 iprae
1059 3645 1107 3682 om.
1126 3629 1176 3696 lla,

158 3721 340 3794 transscribit
359 3720 388 3772 Α.
426 3720 482 3772 bion
501 3723 620 3791 afferantur
639 3719 676 3770 bla
695 3735 710 3770 a
731 3735 762 3770 m.
782 3734 820 3785 pr.
839 3725 867 3769 et
885 3717 925 3769 ltu
944 3725 1097 3786 veteresque
1117 3717 1176 3769 edd.

160 3826 182 3860 c.
202 3808 300 3864 Erasm.
322 3807 396 3860 Grau.
416 3814 442 3860 et
459 3806 571 3870 blorall,
592 3805 847 3876 amitteteret.
867 3802 917 3855 llb.
954 3802 1018 3855 llain
1036 3806 1176 3857 sollieitu-

159 3898 219 3950 dine
238 3891 274 3946 aa
293 3903 319 3947 et
336 3894 384 3948 ild.
419 3895 449 3956 2)
469 3896 660 3962 delictoribus
679 3891 744 3944 blbc.
764 3890 795 3954 Α,
814 3893 970 3960 ςιαιιιιιιονιι
988 3889 1025 3942 Ba
1044 3898 1069 3943 et
1088 3894 1178 3946 tuctus

161 3997 206 4049 pro
228 3987 308 4038 ludus
329 3981 376 4032 llld.
653 4005 657 4008 ·
807 3997 811 4006 ·
1052 3991 1053 3996 ’
