2858 4688
629 610 679 681 11.

193 732 199 740 ¹
234 752 340 816 Metuis
362 772 402 817 ne
424 754 631 836 patrimonium
655 760 735 817 tuum
756 752 835 818 forte
851 753 978 834 deficiat,
1002 757 1027 820 si
1045 759 1164 840 operari

145 885 185 930 ex
215 883 253 928 eo
283 865 408 946 largiter
437 868 585 949 coeperis.
632 865 757 941 Quando
789 869 865 930 enirn
897 867 1005 933 iactum
1036 876 1099 950 est,
1133 877 1165 935 ut

145 981 223 1042 iusto
246 975 409 1060 possent'¹)
432 977 541 1042 deesse
564 976 795 1056 subsidia‚,oum
814 979 956 1060 seriptum
972 978 1068 1053 sit²):
1093 982 1164 1045 Non

147 1089 269 1152 occidet
283 1086 311 1164 3)
339 1085 423 1164 fame
453 1089 598 1152 dominor
627 1089 763 1152 animum
785 1089 924 1153 iustam?
969 1092 1068 1156 Helias
1084 1090 1112 1170 ⁴)
1134 1096 1164 1156 in

121 1215 123 1218 ·
146 1200 305 1264 solitudine
330 1200 430 1264 corvis
452 1199 685 1261 ministrantibus
708 1200 838 1280 pascitur
862 1206 891 1262 et
906 1201 1022 1265 Danieli
1046 1202 1075 1264 in
1098 1203 1164 1267 tacu

112 1311 114 1314 ’
146 1311 182 1374 ad
205 1312 325 1374 leonum
348 1309 489 1393 praedam
513 1309 596 1370 iussu
619 1309 701 1390 regis
722 1310 836 1372 incluso
853 1313 1008 1392 prandium
1024 1313 1164 1380 divinitus

145 1430 321 1507 apparatur3
352 1427 382 1484 et
406 1428 437 1484 tu
461 1421 566 1482 metuis
591 1439 629 1482 ne
653 1423 789 1501 operanti
812 1428 842 1483 et
865 1423 1014 1489 dominum
1039 1446 1164 1509 prome-

145 1536 323 1600 rentidesit
347 1535 535 1612 alimentum,
566 1533 686 1614 quando
710 1535 774 1616 ipse
798 1536 827 1598 in
852 1513 1010 1622 euangelio
1039 1539 1075 1603 ad
1105 1561 1164 1605 ex·
1278 1579 1281 1586 ,

144 1650 366 1732 probrationem
401 1637 525 1724 eorum,
560 1647 667 1728 quibus
703 1665 786 1710 mens
821 1649 909 1712 dubio
944 1658 990 1729 est
1024 1660 1055 1716 et
1088 1654 1163 1718 tides

149 1758 155 1851 Ι
173 1781 277 1847 parva,
301 1767 485 1826 contestetur
505 1767 535 1824 et
553 1761 630 1824 dicat
643 1759 688 1838 ⁵):
713 1762 852 1844 Aspicite
864 1761 891 1838 6)
907 1766 1054 1828 colotita'c
1071 1769 1162 1845 caeti,
1176 1792 1212 1831 aa

146 1877 294 1957 quoniam
317 1891 381 1938 non
404 1877 577 1953 seminant,
609 1895 707 1957 neque
723 1885 860 1953 metant,
892 1896 991 1957 neque
1015 1858 1164 1960 collidant

145 1993 180 2053 in
203 1991 335 2066 beraea,
369 1998 399 2053 et
424 1998 516 2071 puter
545 1999 648 2074 cester
678 1990 821 2054 coelestis
851 1992 911 2054 odit
939 1992 1005 2055 ilia.
1051 1993 1163 2056 Nonne

145 2123 203 2167 cos
216 2097 242 2179 ²)
260 2103 364 2183 pluris
386 2105 460 2168 estis
483 2103 575 2167 illis?
613 2103 759 2166 volucres
783 2102 856 2166 deus
879 2105 983 2185 pascit,
1006 2111 1035 2168 et
1053 2124 1163 2188 passe-

215 2361 256 2414 xt
296 2364 323 2430 1)
346 2362 455 2432 poenitet
473 2358 521 2410 bib.
542 2357 578 2410 aa
604 2368 630 2412 et
654 2375 691 2428 pr.
711 2359 759 2425 tt,
784 2372 876 2432 poscet
900 2366 991 2418 decena
1014 2367 1165 2420 eminentie

146 2451 205 2501 Ver.
226 2450 351 2518 probante
370 2447 494 2516 difinitio,
514 2451 602 2516 posuit
620 2451 711 2503 deesse
728 2452 879 2504 substantio
898 2450 957 2503 cod.
975 2449 1000 2501 S.
1020 2449 1103 2502 attint
1122 2468 1163 2518 ap.

148 2536 231 2590 Baius.
265 2536 328 2588 Voc.
347 2538 418 2591 vitoe
435 2535 547 2586 additum
567 2537 591 2587 in
611 2535 651 2586 ed.
666 2535 808 2588 Manutiena
826 2545 852 2588 et
872 2535 1022 2601 aPamebo,
1043 2535 1165 2606 bigitan,

146 2624 334 2676 oxoniensibus
352 2639 383 2675 ac
402 2620 507 2676 Baluuio
526 2639 575 2675 nou
596 2622 767 2674 addubitatum
789 2623 865 2676 codd.
888 2623 945 2676 Ver.
965 2632 991 2676 et
1009 2626 1057 2675 urei
1076 2639 1165 2676 omues

147 2717 254 2775 excepto
268 2708 290 2759 tt
303 2710 432 2773 omittunt,
445 2711 523 2779 idque
536 2712 588 2761 iure
603 2712 801 2763 exterminarent
813 2710 937 2764 Routbiua
950 2719 976 2762 ot
988 2710 1164 2764 Goldbornius.
1253 2720 1267 2740 ⁶

146 2797 176 2858 2)
195 2793 270 2845 Pron.
292 2795 339 2858 10,
359 2794 382 2844 3.
429 2794 459 2861 b)
479 2799 575 2848 occidit
593 2796 623 2845 A.
660 2794 721 2846 Tum
744 2800 868 2849 dominae
891 2801 962 2864 same
979 2795 1049 2860 Bab,
1077 2801 1166 2850 enimc

145 2885 218 2934 iaetu
237 2878 281 2931 tta.
319 2881 350 2947 4)
369 2883 478 2934 Haedina
493 2880 549 2930 tta:
578 2880 666 2930 Statim
684 2883 713 2932 io
730 2885 811 2949 fitque
829 2881 1040 2934 solitudiuever.
1079 2881 1117 2932 De
1137 2897 1166 2933 ra

145 2967 197 3019 vid.
217 2967 241 3018 3.
257 2966 320 3034 Bag.
341 2967 384 3030 17,
403 2965 427 3016 6.
466 2965 583 3018 Proxime
603 2969 726 3020 danibeli
743 2965 796 3031 Ba,
825 2970 937 3020 tinnibat
954 2965 1009 3030 ida,
1036 2971 1164 3022 Dnaieta

145 3072 178 3106 m.
199 3070 253 3120 pn,
276 3069 360 3106 aaoc.
380 3055 490 3107 Doreiele
509 3052 557 3104 ttb.
594 3051 655 3104 tan
674 3056 703 3105 io
721 3058 783 3108 tacu
800 3057 905 3108 honum
922 3055 1020 3122 proedo
1038 3052 1112 3117 Van,
1137 3057 1167 3114 ia,
1212 3100 1216 3104 .

145 3146 206 3196 tacu
224 3145 330 3196 uanum
349 3144 383 3194 ad
398 3143 505 3209 modam
524 3139 556 3204 A,
576 3142 604 3192 iu
622 3141 708 3194 iocum
727 3140 766 3192 W.
786 3139 841 3190 iiiad
862 3147 887 3192 ct
906 3139 952 3205 Bt,
971 3143 1005 3194 od
1022 3155 1097 3206 supra
1115 3140 1166 3196 ad-,
1269 3171 1276 3180 ·

145 3229 236 3279 iectum
256 3228 282 3280 in
302 3227 351 3292 tta,
370 3229 487 3278 omissum
507 3229 532 3278 in
547 3225 597 3278 ttb.
633 3227 660 3280 iu
679 3225 730 3280 hoc
749 3226 814 3280 iibro
830 3230 954 3296 praedem
973 3243 1085 3296 pernas.
1106 3243 1164 3278 mu-

146 3323 223 3366 tatum
240 3324 284 3367 est
302 3317 327 3366 iu
344 3300 452 3386 praedm
491 3314 566 3366 Vocc.
586 3331 673 3382 aequ:
700 3318 782 3370 inacte
797 3317 875 3384 royda
891 3317 998 3368 inciaco
1023 3314 1114 3366 desunt
1138 3315 1164 3387 in

146 3403 178 3452 Α.
213 3401 254 3454 De
272 3418 300 3453 re
319 3402 370 3454 vid.
389 3401 455 3454 Dan.
471 3401 512 3466 11,
524 3402 558 3454 30
574 3418 646 3470 seqq.
684 3400 744 3454 Tum
764 3405 909 3472 eriperetur
927 3400 1014 3453 scribit
1033 3400 1076 3462 Ba.
1114 3399 1164 3452 Sed

147 3489 198 3540 vid.
222 3493 341 3558 ti'noner.
361 3489 377 3542 Ι.
397 3507 420 3542 c.
444 3506 469 3557 p.
479 3490 548 3542 Adii.
585 3489 645 3562 Post
670 3493 789 3558 operanti
812 3496 882 3540 recta
905 3487 980 3550 abest
1005 3490 1067 3549 titt,
1097 3485 1164 3553 quud

147 3575 243 3626 invexit
261 3573 396 3642 Pometios,
415 3593 430 3630 e
450 3577 525 3628 codd.
545 3578 608 3628 meis
626 3574 752 3627 omuibus.
790 3575 850 3626 Tum
869 3578 947 3628 deuna
966 3587 1013 3639 pro
1031 3577 1165 3628 dominura

147 3658 269 3712 exhibant
294 3661 352 3712 edd.
372 3671 434 3714 vett.
453 3678 475 3713 c.
493 3661 591 3714 Ereem.
611 3660 686 3712 Grau.
707 3668 733 3711 et
752 3659 850 3718 Monadi.
887 3658 948 3712 Post
970 3659 1104 3727 comalio
1130 3655 1164 3708 tta

146 3745 217 3798 addit
242 3764 302 3814 cuo.
345 3747 404 3800 Mox
429 3751 492 3816 tideo
517 3767 603 3817 pruno
628 3747 748 3800 scribitur
774 3749 800 3798 iu
825 3748 855 3798 tt.
904 3747 932 3810 5)
960 3743 1047 3798 darm·
1064 3744 1095 3806 6,
1122 3743 1164 3796 26.
1201 3773 1211 3788 x

146 3831 174 3895 6)
196 3835 292 3901 Aspice
310 3831 359 3899 dib,
378 3837 506 3905 adspicite
525 3835 566 3886 od.
587 3832 660 3886 Grau.
699 3832 749 3884 Sed
767 3832 820 3884 uid.
844 3835 962 3902 chner.
983 3832 999 3881 Ι.
1020 3847 1042 3882 ο.
1062 3846 1087 3897 p.
1105 3829 1164 3882 toa.

146 3915 180 3967 iu
200 3933 271 3986 seqq.
299 3927 358 3988 poet
380 3929 456 3990 petar
480 3919 575 3972 excidit
599 3929 687 3974 outen-
712 3920 736 3970 iu
756 3917 789 3970 Α.
834 3918 862 3984 7)
889 3935 938 3972 voe
965 3931 1015 3970 our.
1035 3915 1066 3968 Α.
1103 3913 1164 3966 Tum
1240 3933 1243 3940 ’
