2858 4688
750 401 812 469 164

272 555 383 624 fureris
406 558 480 622 dene
503 560 636 642 increpet
660 565 690 620 et
713 558 842 636 inetteet,
866 565 894 620 et
917 557 954 622 ed
977 559 1175 624 innocentiam
1198 579 1293 626 neme

271 673 463 736 convertitur.
508 674 593 738 Fiunt
616 691 688 736 ecce
712 690 788 753 quae
812 672 912 736 verbis
936 672 984 737 dei
996 668 1024 752 8)
1048 682 1117 738 ente
1136 674 1292 756 praedicte

271 796 349 868 eunt,
365 807 421 851 nee
437 789 592 870 quisquam
608 787 666 851 fide
681 788 891 869 praesentium,
908 793 939 851 ut
954 789 983 851 in
1000 787 1128 852 futurum
1143 789 1292 868 eonsutnt,

270 879 454 965 admonetur.
500 903 581 965 Inter
603 903 667 984 ipsa
684 897 712 980 ⁹)
734 901 875 982 adverse,
899 903 1011 983 quibus·
1029 904 1080 966 vix
1104 907 1235 966 coartata
1260 908 1293 964 et

271 1015 422 1104 concluse.
436 1015 531 1076 enimn
553 996 699 1095 respiret,
721 1019 808 1100 venet
830 1013 923 1077 melos
948 1031 1018 1077 esse
1041 1020 1071 1077 et
1092 1016 1122 1078 in
1145 1015 1292 1096 perieulis

270 1129 357 1191 tentis
380 1145 439 1190 non
464 1126 502 1190 de
525 1145 558 1190 se
581 1128 686 1210 inagis,
708 1127 763 1190 sed
786 1125 824 1188 de
847 1127 941 1190 nitere
964 1127 1104 1205 iudicare.
1142 1127 1291 1212 indigne-

270 1239 340 1304 mini
371 1240 517 1323 indignari
550 1241 656 1321 de'unn,
692 1241 777 1321 qunti
808 1240 917 1321 aliquid
948 1242 1018 1305 boni
1049 1243 1124 1304 mete
1156 1242 1290 1306 vivendo

270 1354 458 1432 mereamini,
484 1355 568 1435 quesi
591 1372 650 1417 non
675 1355 773 1418 omnin
796 1354 970 1436 inta‚·qute
994 1355 1146 1435 accidunt,
1171 1358 1289 1420 minere

270 1469 367 1532 adhue
390 1470 449 1532 sint
467 1464 508 1547 ¹⁰)
524 1477 560 1532 et
583 1469 697 1533 leviore
721 1470 851 1551 peccetis
874 1469 991 1534 vestris.

739 1667 816 1738 Viti.

357 1807 413 1880 Oui
445 1808 519 1871 elios
537 1806 562 1880 ¹)
596 1807 727 1886 iudices,
761 1807 920 1889 aliquande
955 1815 1020 1870 esto
1053 1814 1082 1871 et
1114 1810 1154 1870 tut
1184 1809 1287 1888 iudex,

269 1923 471 1989 eonscientiae
493 1927 562 1984 tune
586 1921 715 1983 latebras
737 1921 863 2001 intuere,
886 1922 974 2012 inimo
998 1917 1086 2004 (quin
1110 1921 1207 1986 nulius
1227 1924 1287 1986 inin

269 2034 459 2117 delinquendi
483 2033 532 2096 vel
555 2033 653 2114 pudor
676 2039 722 2095 est
745 2039 774 2095 et
797 2033 842 2095 sie
865 2039 1016 2114 peccetur,
1039 2034 1123 2114 quasi
1144 2052 1200 2115 per
1222 2036 1288 2116 ipse

268 2154 389 2230 peccate
413 2135 584 2227 placeatur)
615 2144 665 2225 qui
687 2145 864 2225 perspicuus
887 2149 917 2206 et
939 2143 1036 2206 nudus
1059 2163 1074 2206 n
1099 2147 1212 2210 eunetis
1236 2149 1288 2210 vi-

266 2261 475 2282 ....‚...-....

268 2320 434 2372 crudelitatis
454 2316 554 2369 additur
573 2319 794 2384 blasphemiarum
814 2319 838 2367 in
859 2317 1043 2384 exemplaribus
1062 2317 1108 2369 st.
1124 2317 1186 2369 Ven.
1204 2317 1286 2371 Kunn.

267 2404 356 2456 Remb.
377 2403 473 2456 Brenni.
493 2403 572 2472 (iren
587 2412 612 2454 et
632 2403 730 2456 tioreii.
768 2402 828 2456 Tum
846 2408 984 2474 inpietatie
1002 2403 1141 2468 habetne,
1159 2409 1284 2474 impieta-

267 2491 396 2555 titue‘A‚
419 2495 540 2558 hereric,
562 2493 721 2558 blasphemie
739 2490 780 2542 et.
801 2490 863 2542 Dav.
901 2491 967 2542 Ante
986 2495 1052 2546 denae
1071 2493 1095 2541 in
1115 2490 1155 2542 ttt
1175 2490 1286 2542 detetum

266 2585 305 2629 ent
328 2594 382 2630 ene.
420 2575 476 2626 Mox
503 2572 670 2629 eettnerteiur
697 2584 780 2628 exstet
804 2579 828 2627 in
854 2576 912 2642 Me,
941 2583 1085 2632 revertitur
1108 2580 1134 2631 in
1160 2579 1201 2629 ed.
1221 2577 1286 2629 Dav.

266 2662 294 2727 8)
314 2665 413 2716 demini
431 2661 479 2712 ttt.
517 2660 632 2712 Proxime
651 2666 739 2718 solvet
756 2668 830 2732 fidem
849 2665 937 2717 scribit
954 2663 1000 2730 tta,
1018 2669 1068 2734 fiete
1086 2679 1135 2716 em.
1156 2665 1196 2716 ed.
1211 2664 1286 2728 Dan,

266 2759 431 2802 ammonetur
449 2764 506 2799 cunt
525 2737 616 2802 enitetn
636 2749 700 2802 libre
720 2751 824 2803 exhibet
843 2753 899 2804 ced.
914 2753 963 2803 tte.
1000 2753 1029 2820 9)
1048 2756 1110 2821 ipsa
1127 2753 1153 2802 in
1166 2752 1188 2803 A
1201 2751 1286 2803 deest.

266 2834 331 2886 tiele
359 2847 493 2890 enaretata
518 2834 593 2890 Grav.
636 2837 691 2891 Vid.
722 2843 841 2910 Weyner.
867 2839 1028 2908 orthograph.
1057 2839 1150 2908 Vergil.
1179 2857 1203 2906 p.
1224 2837 1285 2889 417.

266 2921 326 2974 Tum
352 2927 459 2978 inetuea
482 2951 512 2960 -
534 2928 657 2994 suspiret
682 2925 721 2977 ed.
741 2925 805 2978 Dav.
852 2927 898 2992 10)
923 2937 987 2981 eunt
1013 2925 1055 2978 Be.
1082 2927 1104 2976 A
1130 2934 1156 2977 et
1180 2941 1216 2992 pr.
1237 2923 1285 2976 Ae.

265 3009 363 3062 Deinde
380 3014 486 3064 nnete-ie
505 3011 534 3063 A.
911 3022 919 3027 '

336 3097 398 3148 vttt.
435 3099 462 3166 1)
480 3101 584 3168 ntiqnee
603 3115 640 3166 pr.
661 3100 700 3150 W.
738 3098 799 3150 Turn
819 3104 952 3171 aliquante
972 3099 1022 3165 Μὰ,
1042 3111 1097 3155 ente
1116 3111 1140 3154 et
1158 3102 1198 3153 tui
1216 3101 1284 3164 (tuin

265 3181 295 3234 W
321 3193 347 3234 et
365 3184 416 3250 Mn)
440 3188 523 3239 iudex
542 3186 580 3236 W.
607 3186 688 3237 Mnbe.
715 3184 767 3237 Bab
794 3188 904 3255 itemque
930 3186 988 3238 edd.
1010 3186 1075 3238 Dav.
1095 3185 1169 3238 θην.
1191 3185 1284 3236 Menut.

265 3269 362 3321 Mureti.
376 3269 470 3323 Pemel.
483 3271 576 3340 Rigalt.
590 3272 683 3337 oxon,
702 3282 759 3326 ento
778 3283 802 3326 et
821 3283 849 3327 te
868 3277 951 3328 tudae·
969 3275 1001 3338 A,
1021 3285 1076 3327 ecte
1095 3283 1118 3328 et
1136 3276 1184 3326 titt
1200 3273 1285 3325 tuden·

265 3356 324 3407 edd.
351 3365 415 3410 vett.
443 3374 465 3412 c.
493 3359 606 3425 Eram,
635 3370 659 3413 et
688 3369 717 3414 tu
742 3371 798 3414 ento
827 3365 866 3415 tui
891 3365 974 3416 tuden>
1000 3361 1048 3412 Md.
1077 3359 1164 3412 natue.
1193 3357 1283 3410 Goldh.

265 3445 329 3498 Dein
350 3453 411 3518 qnia
429 3451 597 3518 delinquendi
613 3451 707 3502 nuttne
723 3449 809 3517 putten
826 3459 866 3502 eet
886 3449 927 3499 ed.
944 3448 1018 3511 Dav„
1039 3451 1101 3517 quia
1119 3450 1212 3502 nvitun
1229 3448 1285 3498 ient

264 3535 430 3603 delinquendi
449 3537 537 3603 pudor
555 3543 595 3587 eet
613 3533 662 3585 ttt.
699 3533 779 3585 Recte
799 3531 860 3603 qnid
877 3538 970 3588 nnttue
988 3538 1042 3587 iem
1060 3537 1225 3603 delinquendi
1242 3535 1285 3588 eet

261 3625 347 3690 pudor
365 3633 406 3676 eet
424 3622 462 3672 W.
483 3620 556 3671 ttabe
575 3629 601 3671 et
619 3620 671 3672 Beb
693 3621 805 3690 editique
826 3636 914 3671 omnen
933 3629 1036 3688 praeter
1050 3619 1131 3672 Oxen.
1151 3627 1176 3670 et
1185 3618 1284 3683 finium,

264 3709 288 3758 in
307 3707 414 3776 quibus,
434 3716 461 3758 ut
478 3709 503 3758 in
522 3709 579 3759 eod.
599 3711 639 3775 A,
664 3717 723 3761 ente
743 3713 785 3763 vet
802 3711 889 3778 pudor
907 3708 973 3758 mele
992 3709 1112 3759 insertum
1132 3714 1171 3758 eet
1188 3715 1283 3760 metue.

226 3811 227 3814 ¹
263 3793 349 3846 Stetim
368 3801 396 3850 et
413 3811 460 3862 pre
476 3799 519 3848 eie
536 3795 594 3848 libri
607 3805 665 3848 ente
679 3796 797 3848 Gentium
813 3795 886 3859 editi,
904 3796 925 3845 ei
939 3793 1283 3861 excipinnDeventriennem.

263 3879 324 3934 Tum
341 3893 466 3953 peeenter
484 3881 520 3933 Bb
543 3893 568 3934 et
586 3884 616 3938 A.
637 3883 712 3936 ‚Post
731 3887 810 3953 quaet
827 3883 967 3949 praeeunte
987 3881 1077 3933 eediee
1095 3880 1154 3932 Ver.
1173 3880 1284 3946 expunxi

264 3976 366 4041 munte,
395 3972 463 4040 qued
485 3971 594 4040 glossam
619 3973 693 4040 sepit.
730 3972 794 4022 Dein
818 3987 867 4039 pre
883 3973 964 4038 'teste
988 3970 1104 4038 peeeatie
1127 3966 1286 4034 'seripserunt
