2868 4700
641 447 684 514 59

154 612 185 673 ct
205 607 293 690 pueri
314 625 410 672 annos
433 625 507 672 suos
537 608 694 672 virtutibus
726 613 933 687 transeuntes,
965 625 1023 672 nec
1052 625 1114 674 non
1142 615 1173 676 ct

155 728 256 786 cetera
293 723 431 786 stantium
448 721 475 802 ⁵)
508 722 662 787 multitudo
700 729 830 786 vestram
867 723 993 807 gloriam
1028 723 1173 806 sequitur,

155 836 300 918 proximis
336 844 366 900 at
396 855 493 920 paene
525 839 692 902 coniunctis
723 837 818 902 laudis
851 838 1016 921 insignibus
1047 839 1172 922 vestigia

155 959 256 1016 vestro
279 955 445 1017 comitatur.
488 952 600 1016 Eadem
623 955 684 1018 ct'
676 973 706 1016 m
729 953 784 1017 iliis
806 953 962 1018 sinceritas
983 951 1094 1033 cordis,
1117 971 1173 1016 aa·
1187 955 1189 958 ’
1294 969 1296 976 ·

127 1065 225 1130 sdcm
256 1065 326 1130 fidei
350 1069 462 1130 tenacis
475 1063 502 1145 ⁶)
525 1068 689 1151 integritas.
734 1067 923 1131 inconcussis
945 1073 1172 1149 praeceptorum

157 1176 374 1260 caelestium⁷)
401 1181 551 1245 radicibus
571 1181 576 1266 Ι
596 1183 685 1246 nixos
710 1188 740 1243 ct
763 1181 946 1265 evangelicis
968 1179 1173 1244 traditionibus
1186 1194 1226 1243 rau

156 1294 316 1358 roboratos
340 1310 400 1356 non
423 1294 607 1376 praescripta
631 1293 746 1372 exsilia,
770 1311 830 1357 non
854 1292 999 1358 destinata
1018 1299 1174 1371 tormenta,

157 1424 218 1470 non
239 1408 286 1470 rei
309 1405 458 1470 familiaris
480 1405 605 1483 ablatio,
636 1421 697 1470 non
730 1407 866 1488 corporis
888 1407 1030 1489 supplicia
1053 1415 1174 1470 terrue-

156 1526 233 1584 runt.
279 1519 491 1601 Explanandac
506 1514 534 1597 ⁸)
558 1519 627 1583 iidei
648 1519 901 1602 praefiniebantur
924 1520 997 1585 dies.
1043 1521 1102 1588 Sed
1125 1520 1175 1604 qui

156 1693 300 1760 Pometios,
324 1692 427 1745 Latinus
445 1691 556 1745 Latinius
582 1702 607 1746 et
626 1693 744 1746 Boionius
768 1695 859 1746 merito
882 1693 1030 1747 refutarunt
1074 1694 1103 1763 5)
1121 1703 1175 1750 tote
1286 1735 1288 1740 -

156 1797 202 1850 pro
227 1791 314 1837 cetera
338 1779 427 1845 Grav.;
452 1785 684 1837 circumstantium
710 1781 786 1834 codd.
814 1780 945 1852 Segnius„
972 1780 1174 1851 Gratianopoiit,

155 1871 286 1922 recentior
299 1869 450 1936 Victorinus,
469 1879 587 1941 quattuor
604 1870 670 1935 tat,
689 1872 714 1922 in
733 1869 822 1939 quibus
840 1885 906 1922 unus
918 1869 973 1923 Vat.
993 1869 1033 1922 bid
1053 1879 1079 1923 et
1097 1877 1173 1942 quat·

156 1967 213 2009 tuor
231 1955 316 2025 Angla
351 1961 580 2012 circumstantium
606 1967 693 2011 cetera
720 1956 777 2009 edd.
800 1964 878 2023 vett,
904 1958 966 2008 item
991 1956 1080 2011 Remb.
1099 1966 1174 2027 atque

156 2043 270 2108 Erasm.;
289 2047 450 2098 adstantium
469 2044 525 2096 cod.
538 2043 714 2096 Lemonianus.
744 2043 804 2096 Turn
822 2049 969 2114 praenimia
981 2044 1013 2111 Α,
1029 2050 1175 2116 promimur

157 2147 292 2201 operarum
322 2146 410 2184 errore
437 2131 478 2184 ed.
506 2130 599 2184 Manat.
647 2129 713 2182 Dein
741 2136 846 2186 cunctis
872 2135 998 2187 trudibus
1023 2136 1175 2203 insignitus

158 2217 213 2284 bid,
233 2221 325 2273 trudis
342 2221 369 2270 in
387 2227 523 2286 contextu,
546 2222 572 2271 in
589 2235 640 2288 mg.
658 2223 782 2274 laudibus
800 2218 846 2286 [ab
864 2220 896 2272 ai.
916 2221 961 2285 m.)
980 2219 1028 2286 W,
1051 2223 1176 2276 lauditiae

160 2314 182 2358 et
197 2308 352 2376 insiynidue
369 2304 424 2372 Ma,
448 2317 472 2361 ct
492 2309 644 2378 innianidus
664 2306 739 2357 etiam
757 2306 787 2360 A.
823 2305 851 2358 lu
870 2304 911 2358 bib
929 2315 988 2362 ante
1006 2311 1119 2378 asebnia
1137 2310 1174 2362 ir·

158 2465 237 2532 repsit
256 2467 290 2519 ei.
327 2463 396 2516 idem
414 2479 451 2533 pr.
471 2462 583 2515 babebat
606 2465 773 2517 comitantur.
807 2392 849 2532 vde}
866 2403 972 2519 dewi:
996 2463 1052 2534 (uel
1074 2467 1175 2522 ruenda

156 2569 171 2605 a
198 2569 218 2607 r.
244 2570 277 2606 ιιι.
302 2555 441 2620 superscr.)
469 2551 519 2604 Md.
566 2551 595 2619 7)
621 2555 776 2607 caelestium
801 2561 1000 2623 praeceptarum
1024 2552 1069 2607 Bb.
1114 2551 1175 2604 Tum

155 2659 242 2696 nexae
262 2641 330 2693 idem
348 2640 423 2706 iiber,
441 2644 516 2696 vivia
533 2641 563 2693 A.
595 2639 661 2695 Part.
680 2650 706 2694 et
723 2639 832 2694 omnic.
863 2640 922 2692 uox
941 2641 1067 2696 axiliani.
1096 2638 1175 2692 Paulo

155 2739 216 2798 post
239 2731 264 2780 in
291 2728 392 2780 eodem
411 2727 476 2780 iibro
500 2727 595 2798 legitur
620 2732 661 2784 rei
685 2731 747 2796 (orn.
772 2745 797 2782 ι.
818 2731 978 2799 familiaris)
1004 2739 1028 2782 et
1052 2731 1176 2798 eorporis

155 2819 303 2888 supplicia,
322 2819 347 2867 in
359 2816 399 2869 W.
413 2816 497 2870 Mabd.
511 2816 548 2869 Bb
560 2821 601 2872 rei
617 2821 702 2887 famil.
722 2826 746 2870 et
763 2824 885 2887 cornaria
903 2819 1045 2887 supplicia,
1063 2817 1176 2884 itemque

157 2907 184 2956 in
203 2905 312 2973 antiquis
331 2903 399 2969 edd,
419 2913 527 2974 excepta
546 2913 630 2958 tamen
650 2903 783 2971 Darentr,
803 2904 845 2956 ubi
864 2912 945 2956 exstat
961 2921 1014 2959 non
1031 2906 1073 2957 rei
1091 2905 1197 2974 santii⁸¹

155 2995 269 3061 dampna
286 3008 340 3044 nan
358 2996 482 3061 corporis
500 2995 634 3062 supplicia
643 3015 653 3059 ,-
672 2994 697 3044 iu
716 2990 752 3044 Bu
770 2993 812 3045 rei
831 2994 915 3061 famil.
933 2993 1020 3062 sappi.
1056 2987 1176 3041 Erasmus

156 3097 189 3132 cx
208 3079 250 3132 ed.
270 3078 391 3132 Deventr.
410 3080 517 3132 adscivit
534 3084 575 3134 rai
594 3082 742 3149 familiaris
767 3082 877 3146 damna,
903 3077 981 3145 idque
1003 3077 1177 3146 probauerunt
1256 3088 1259 3092 ·

156 3166 271 3218 editores
288 3169 444 3234 posteriores
463 3183 561 3220 omnes.
593 3168 665 3234 ,Vox
683 3169 805 3231 damnn“,
825 3168 860 3218 ait
877 3169 1021 3232 Batonius,
1040 3166 1131 3232 „deest
1151 3166 1176 3216 in

156 3255 266 3321 antiquis
285 3241 438 3306 editionibus
458 3257 526 3307 etin
545 3256 669 3308 tredecim
687 3255 758 3306 libris
774 3252 910 3308 veteribus.
940 3251 1060 3306 Erasmus
1073 3252 1175 3308 adiecit

156 3339 214 3392 Non
232 3343 316 3408 reperi
336 3349 422 3393 autern
441 3341 524 3408 iilam,
543 3343 591 3393 nisi
609 3346 635 3394 in
654 3344 766 3412 quinque
784 3341 923 3394 codicibus.
960 3340 1064 3394 Retinui
1081 3350 1175 3406 tameo,
1204 3335 1209 3342 ’

156 3432 216 3499 quia
240 3429 343 3482 videtur
365 3431 536 3484 neccssaria.“
573 3430 613 3484 Ex
637 3430 731 3484 italicis
756 3429 833 3482 codd.
859 3429 922 3481 nihii
945 3438 1081 3482 euomtom.
1125 3427 1176 3480 Sed

155 3534 243 3571 veram
261 3517 399 3570 lectionem
417 3533 474 3570 esee
493 3527 555 3586 puto
573 3523 679 3584 ablutio,
700 3518 769 3586 quod
788 3516 892 3569 exhibet
910 3518 967 3571 cod.
987 3517 1035 3570 bic.
1066 3515 1177 3582 Sumpsit

156 3613 246 3656 auctor
263 3612 351 3655 noster
370 3603 419 3655 hcc
437 3605 602 3670 vocabulum,
628 3613 654 3657 ιιι
678 3607 784 3673 opinor,
809 3621 841 3658 ex
863 3608 1037 3669 Tertulliani,
1063 3601 1175 3668 magistri

156 3694 204 3758 sui,
223 3691 250 3744 L.
270 3691 311 3745 tv.
331 3709 352 3744 c.
373 3693 413 3744 19.
434 3693 557 3746 adversus
575 3693 705 3759 Marcion,
723 3692 766 3746 ubi
785 3692 849 3746 baec
868 3702 939 3748 sunt:
963 3696 1072 3762 Ouaque
1090 3697 1176 3740 tamen

157 3783 262 3834 nomine
281 3782 458 3834 comminatur
475 3783 637 3834 ablationem.
674 3779 773 3832 Eodem
791 3795 850 3832 usus
869 3788 908 3832 est
925 3782 1106 3846 Hieronymus
1124 3774 1174 3826 ad-

157 3882 248 3920 versus
266 3864 388 3918 loviuian.
406 3866 433 3919 L.
452 3866 482 3920 il.
501 3882 523 3920 c.
545 3868 585 3918 11.
604 3868 657 3920 init.
694 3865 767 3920 Unde
785 3867 854 3920 iilam
872 3867 1009 3918 lectionem
1029 3864 1056 3914 in
1080 3870 1175 3915 textum

158 3956 274 4022 recipere
293 3970 345 4006 non
370 3954 490 4007 dubitaui.
525 3953 613 4006 Statim
640 3953 706 4006 idam
733 3955 798 4007 iiber
822 3953 862 4006 Mc
886 3951 975 4006 scribit
997 3959 1020 4003 et
1042 3963 1089 4016 pro
1114 3967 1175 4004 nort.

159 4041 187 4109 8)
204 4041 243 4094 ite
261 4040 391 4096 sexdecim
408 4051 470 4097 vett.
484 4043 637 4112 exemplaria
654 4041 785 4096 ebaiueio
803 4055 918 4106 emaum,
935 4040 970 4092 ite
988 4037 1064 4089 ettam
1076 4043 1175 4104 noctur
