2904 4692
732 359 795 426 ete

256 525 286 580 et
308 518 429 602 spiritus
459 535 515 582 nos
545 516 687 602 perducet
717 517 752 580 od
787 517 873 582 deunr
903 523 1034 600 patrcnr,
1067 534 1273 602 quaecumque

255 639 324 696 sunt
355 632 454 696 carnis
486 629 672 694 inconrrnoda
702 637 770 693 sunt
802 629 889 692 nobis
918 647 983 690 ourn
1006 628 1134 694 huorono
1157 650 1273 714 genere

255 747 431 812 communis.
478 745 527 810 Sic
551 763 616 808 curn
641 743 703 808 ictu
721 735 752 828 ⁶)
776 743 869 807 sterili
893 750 972 806 terre
996 745 1093 818 ieiune
1121 750 1182 824 εει,
1215 764 1272 808 ne-

256 862 363 936 minem
394 859 487 922 loures
516 865 651 943 separat:
684 859 728 921 sic
759 878 824 922 cuni
856 859 1025 940 inruptione
1048 859 1147 923 hostili
1166 861 1273 927 civitas

256 976 353 1058 ntique
383 988 524 1058 possesso
556 979 619 1050 est,
653 989 757 1036 omnes
787 971 873 1034 sinrul
904 972 1057 1053 captivitas
1089 977 1191 1034 vastat.
1236 972 1274 1036 Et

256 1086 376 1170 quando
401 1065 569 1170 intrent]
592 1087 690 1150 nubilo
714 1103 823 1150 serena
840 1085 1035 1170 suspendunt,
1059 1086 1194 1150 omnibus
1209 1087 1273 1150 sic·

256 1202 328 1264 citus
358 1217 415 1261 uno
448 1204 503 1260 εει.
549 1197 584 1260 Et
619 1215 684 1260 curn
715 1215 821 1260 noveni
839 1190 870 1276 ⁷)
903 1197 1063 1280 scopuloso
1092 1217 1164 1262 saxa
1195 1183 1272 1264 oon-

256 1312 404 1396 iringunt,
434 1310 643 1394 navigantibus
673 1307 861 1393 naufragium
892 1309 958 1371 sine
984 1310 1163 1390 exceptione
1186 1329 1272 1377 cour-

256 1523 287 1560 er
312 1513 432 1575 quattuor
455 1504 586 1557 codicibus
611 1505 709 1554 invecta
734 1503 916 1571 praeeuntibus
936 1503 1045 1555 liouthio
1070 1515 1096 1556 et
1115 1505 1274 1582 Goldbornio

256 1595 356 1645 restitui
374 1601 489 1644 veterem
508 1593 657 1658 scripturam
678 1589 901 1659 pruinasque
926 1591 1056 1642 codicibus
1076 1594 1139 1644 nnsis
1158 1595 1275 1646 omuibus

257 1706 284 1749 et
309 1695 392 1748 verbis
417 1695 573 1762 praegressis
598 1693 767 1745 confirmetur.
804 1689 923 1744 Ceterum
947 1681 1004 1762 inf
1023 1701 1049 1745 et
1063 1683 1127 1767 fis,
1157 1705 1184 1748 ut
1201 1713 1275 1750 voce.
1388 1732 1394 1738 .

258 1787 384 1838 Uiriatus
410 1791 436 1832 et
460 1785 575 1850 spiritus
600 1783 625 1831 in
651 1779 782 1832 codicibus
806 1796 852 1848 per
878 1782 1054 1849 compendium
1080 1784 1157 1836 scribi
1182 1785 1276 1850 solent,

257 1871 348 1939 passim
377 1876 556 1936 permutentur.
600 1865 636 1918 (Ἰ.
664 1867 695 1917 de
721 1882 799 1934 opere
825 1876 851 1918 ει
878 1868 998 1921 eleemos.
1026 1887 1080 1936 cap.
1102 1870 1153 1922 Vll.
1179 1881 1229 1924 not.
1249 1874 1274 1924 9.

257 1959 346 2010 Statim
366 1960 400 2010 od
417 1959 548 2009 dominum
569 1954 664 2005 babent
684 1952 720 2006 Bb
740 1963 765 2004 et
784 1955 820 2006 Α.·
850 1953 912 2005 Τιιιιι
931 1973 1100 2026 quaecunque
1125 1960 1204 2009 rninus
1226 1976 1274 2011 ac-

258 2054 344 2096 cnrete
365 2044 434 2106 blac;
454 2046 578 2094 retinetur
597 2045 662 2093 enini
682 2042 763 2093 littora
781 2061 808 2095 sn
827 2051 972 2094 constanter
989 2052 1047 2096 oute
1067 2065 1081 2114 q
1100 2047 1125 2096 in
1145 2045 1277 2098 codicibus

258 2134 433 2184 vetustissimis
452 2139 477 2181 et
495 2131 605 2196 optimis.
644 2129 701 2180 Vid.
724 2134 845 2199 Wnpner.
865 2131 880 2181 l.
895 2147 916 2182 o.
935 2147 960 2198 p.
973 2131 1033 2182 453.
1071 2129 1144 2193 Quod
1163 2135 1278 2202 sequitur

257 2230 322 2273 susat
341 2235 360 2269 r.
380 2235 412 2268 ιιι.
433 2234 509 2284 supra
530 2217 573 2268 lin.
594 2217 690 2268 eddidit
708 2218 733 2268 in
749 2217 795 2268 blo.
833 2218 889 2269 llox
906 2222 1046 2272 nobiscnm
1062 2222 1175 2272 numano
1188 2225 1279 2290 peneri

259 2305 325 2358 male
343 2306 457 2358 scribunt
477 2307 497 2357 Α
517 2313 544 2356 ot
558 2303 607 2369 llb,
628 2307 721 2372 inquo
740 2308 831 2376 reneri
850 2313 950 2356 enatum
970 2314 1008 2358 est
1027 2321 1040 2356 c
1060 2322 1162 2375 penore,
1181 2311 1275 2361 nitie-

260 2411 320 2448 eum
338 2398 408 2447 beent.
427 2410 520 2464 periere
540 2393 616 2442 babet
635 2391 690 2454 bld,
717 2407 776 2444 cum
800 2395 871 2444 turn.
895 2409 987 2460 ponere
1011 2401 1075 2445 sunit
1098 2397 1175 2446 notia
1202 2411 1274 2446 com-

260 2484 352 2535 munie
372 2478 416 2529 Bb.
454 2480 482 2539 5)
500 2483 573 2545 foetu
592 2477 631 2527 llb
651 2484 678 2527 et
692 2474 737 2539 lis,
756 2479 827 2544 foetu
842 2476 887 2528 blo.
902 2475 977 2529 Grau.
992 2476 1073 2529 Oxon.
1088 2476 1171 2531 baluz.
1186 2479 1276 2531 linurin.

261 2567 398 2619 Goldborn.
433 2565 484 2616 Sed
503 2564 554 2614 vid.
575 2567 670 2616 Cettur.
691 2562 809 2629 onnogr.
828 2561 881 2614 Lot.
900 2579 924 2616 v.
944 2567 1016 2632 fetus
1035 2573 1061 2630 et
1081 2567 1200 2636 Wnpner.
1220 2566 1236 2615 l.
1254 2582 1276 2616 c.

261 2671 285 2722 p.
305 2654 366 2704 4³7.
403 2655 477 2705 uteru
496 2651 556 2701 dant
571 2649 634 2717 edd.
654 2647 699 2701 st.
719 2648 809 2699 Venet.
828 2648 924 2714 liunn.‚
943 2653 1008 2720 fietu
1026 2649 1114 2702 liernb.
1129 2658 1161 2704 ‘et
1181 2651 1277 2704 Eresm.

262 2741 347 2792 Ceteri
365 2739 419 2790 libri
439 2740 526 2806 scripti
546 2746 572 2790 et
589 2739 649 2789 editi
670 2747 741 2788 recte
759 2743 815 2807 [stu
834 2741 860 2804 (s
879 2743 943 2808 feo).
981 2739 1045 2790 Dein
1063 2745 1156 2795 steneli
1169 2750 1194 2792 et
1206 2752 1280 2795 terre

261 2833 305 2894 (er
330 2843 395 2880 corr.
417 2842 436 2878 r.
458 2828 504 2894 ιιι.)
529 2826 576 2890 W,
603 2837 643 2880 est
666 2840 716 2878 oni.
743 2825 797 2890 lta,
826 2837 917 2896 sperat
941 2842 987 2893 pro
1011 2837 1118 2898 separet
1141 2827 1229 2880 scribit
1248 2829 1277 2880 tt.

262 2967 348 3020 Statim
376 2971 527 3040 inruptione
551 2967 591 3017 W.
619 2966 667 3020 llb.
694 2966 744 3030 Bu,
773 2970 972 3037 incorruptione
996 2966 1049 3038 bb,
1075 2925 1281 3037 incorruptioni

261 3071 275 3104 s
295 3071 327 3106 na.
350 3070 403 3122 pn,
430 3071 444 3107 c
464 3070 529 3106 corr.
550 3054 773 3126 irruptionem,
797 3059 995 3126 incorruptione
1015 3058 1153 3121 (superscr.
1170 3072 1184 3106 n
1204 3071 1223 3106 r.
1244 3072 1277 3106 ιιι.

260 3143 430 3210 incursione)
450 3141 505 3206 llo,
532 3146 688 3198 incursione
706 3144 765 3195 edd.
785 3150 845 3195 sote
865 3142 1017 3204 llsnutiuin,
1037 3145 1079 3211 qui
1098 3143 1192 3210 primus
1211 3143 1281 3194 dedit

261 3232 415 3298 irruptione.
454 3227 515 3280 Τιιιιι
540 3234 570 3282 αι
596 3234 683 3299 atiquo
708 3229 746 3281 lla
771 3238 796 3281 et
821 3234 932 3284 ciuem
957 3229 1069 3292 Mureti,
1097 3233 1223 3299 professa
1247 3229 1277 3294 Α.

262 3315 291 3384 6)
307 3320 422 3386 putrem
436 3313 483 3381 lib,
503 3321 634 3386 tpmtrern
647 3317 686 3368 Με
704 3325 730 3368 et
749 3317 808 3370 edd.
826 3325 899 3381 vett,
918 3320 1039 3386 nymtres
1053 3315 1162 3380 Ernrrn,
1180 3320 1279 3370 imbres

262 3401 336 3454 Grec.
356 3411 382 3454 et
400 3402 497 3456 blorell.
534 3403 594 3456 Post
612 3421 709 3458 serena
721 3403 819 3456 lirssrn.
835 3403 910 3456 Grsv.
927 3412 952 3454 et
965 3403 1062 3456 blorelt.
1081 3403 1175 3456 addunt
1193 3407 1278 3474 tonps.

261 3490 291 3556 7)
309 3494 399 3545 iusim
418 3490 466 3556 llo,
487 3492 544 3544 dein
563 3496 674 3560 scopula
691 3491 754 3559 (sic)
774 3491 823 3542 bib.
859 3489 908 3542 Pro
928 3494 1113 3561 constrinpunt
1131 3492 1178 3556 (ite
1195 3489 1234 3541 bic
1254 3498 1281 3542 st

261 3575 292 3639 Α,
312 3576 404 3630 lileuut.
424 3585 501 3646 etque
520 3579 691 3646 recentiores)
710 3587 824 3631 veterem
843 3578 931 3630 reduxi
947 3578 1085 3630 lectionem
1100 3583 1280 3649 confringunt,

262 3667 336 3731 quern
356 3664 453 3716 firmant
471 3664 510 3716 W.
532 3663 598 3716 blbd.
620 3663 672 3716 Bnb
692 3674 718 3718 et
737 3673 797 3717 octo
814 3663 924 3734 anglici,
943 3665 1035 3734 quibus
1054 3664 1219 3732 adstipulatur
1238 3664 1279 3716 ed.

262 3749 417 3801 llorellians.
456 3751 491 3803 its
507 3760 649 3804 correctum
665 3761 704 3804 est
716 3754 791 3804 etiem
804 3754 829 3804 in
843 3751 1002 3821 Gottingensi
1017 3749 1174 3803 lilonutinnae
1189 3767 1280 3804 exenn-

262 3835 334 3902 plari.
371 3841 552 3908 Confreperint
569 3838 672 3905 (ultiniis
684 3839 790 3908 syllabis
804 3839 836 3890 ab
848 3837 880 3890 al.
894 3855 926 3889 nr.
942 3838 1046 3905 additis)
1060 3837 1136 3890 babet
1153 3836 1199 3888 lle.
1233 3836 1280 3889 vt-

262 3922 327 3972 tiose
342 3922 434 3974 deinde
448 3928 622 3993 supertitiose
634 3926 696 3993 (sic)
709 3943 723 3978 a
736 3943 767 3978 nr.
778 3943 827 3994 pn,
839 3942 853 3976 n
867 3943 887 3977 r.
901 3925 989 3993 (supro
1002 3925 1059 3994 lin.)
1069 3928 1222 3994 exceptione
1233 3923 1281 3978 tto.
