2880 4696
708 313 771 380 124

227 476 435 552 ecclesiastici,
452 475 614 560 germinis,
646 474 739 538 decus
773 478 864 554 etque
894 475 1100 534 ornamentum
1129 469 1246 554 gratiae

227 593 383 677 spiritalis,
415 593 491 656 lecte
513 589 651 669 indoles,
682 587 777 653 lundis
801 593 831 650 et
852 587 976 650 honoris
999 605 1074 669 opus
1096 588 1245 670 integrum

226 715 316 788 etque
339 707 552 785 incorruptum,
575 701 745 784 deiimngo
767 699 955 782 respondens
970 698 1008 761 nd
1023 699 1246 762 sanctimoniam

226 821 353 899 domini,
377 817 530 882 inlustrior
552 817 652 898 portio
676 815 780 898 gregis
803 814 919 878 Christi.
964 813 1079 877 Gaudet
1101 833 1157 896 per
1179 814 1247 877 illes

201 942 317 1018 ratque
348 935 378 996 in
409 932 467 994 illis
483 928 510 1008 ³)
536 931 667 1013 largiter
698 929 787 994 lloret
807 928 961 992 Ecclesiae
990 930 1091 991 metris
1113 929 1248 1011 gloriosa

229 1049 414 1125 fecunditns3
438 1052 609 1128 quantoque
632 1044 698 1126 plns
722 1044 845 1125 copiose
868 1044 1022 1126 virginitas
1045 1061 1170 1107 numero
1190 1061 1247 1108 suo

228 1164 325 1242 addit,
356 1161 496 1245 gaudium
526 1161 627 1224 matris
659 1161 803 1243 augescit.
849 1159 895 1222 Ad
919 1162 972 1223 hes
995 1159 1159 1241 loquimur,
1191 1159 1247 1222 bns

214 1252 456 1355 ¹ndbortrrmuri)
479 1275 647 1340 adiectione
671 1276 769 1357 potius
793 1293 880 1357 quum
903 1281 1061 1357 potestate,
1084 1291 1141 1338 nec
1164 1273 1247 1354 quod
1323 1279 1326 1282 '

229 1393 354 1454 extremi
378 1397 406 1453 et
422 1391 538 1458 ‚minimi
561 1396 592 1453 et
614 1388 780 1454 humilitatis
803 1396 926 1453 nostrae
948 1379 1104 1452 edmcdum
1132 1388 1248 1450 conscii

190 1515 216 1558 ¹⁰
230 1505 339 1586 aliquid
364 1505 401 1567 ed
424 1521 582 1567 censuram
611 1503 750 1568 licentiae
778 1502 981 1581 vindicemus,
1013 1500 1067 1564 sed
1098 1501 1176 1583 quod
1210 1501 1249 1564 ed

230 1618 457 1684 sollicitudinem
494 1618 588 1702 magis
626 1619 703 1680 cauti
734 1617 800 1700 plus
834 1617 872 1714 de
907 1618 1015 1682 dioboli
1048 1614 1247 1681 infestatione

230 1907 387 1969 corruptum
404 1895 454 1948 lid.
491 1894 548 1948 blox
571 1899 674 1967 imcpo,
699 1901 876 1952 sanctimonio
894 1897 950 1964 Me,
974 1831 1023 1969 ab
1047 1901 1250 1953 sanctimoniam

230 1987 278 2055 (cd
295 2003 310 2038 e
328 2004 348 2039 r.
367 2003 400 2038 sn.
419 1985 558 2053 superscr.)
577 1983 634 2050 ilc,
651 2003 702 2055 per
718 1989 895 2040 sanctimonio
913 1985 961 2051 W,
986 1989 1020 2040 ad
1042 1988 1251 2041 coerctimonicm

231 2067 287 2126 cod.
307 2063 474 2143 S.'Arnulphi
492 2081 518 2125 et
536 2088 567 2125 ex
584 2075 678 2126 nostris
695 2071 724 2126 D.
760 2073 823 2126 ltem
842 2071 883 2125 Fr.
896 2072 978 2126 Emm.
997 2074 1021 2126 2.
1058 2074 1087 2143 3)
1104 2092 1152 2145 per
1169 2080 1251 2145 iprae

229 2172 305 2233 atquc
322 2168 350 2218 io
369 2166 430 2222 iltis
439 2162 465 2216 S.
484 2163 673 2231 Augustin„
692 2173 716 2216 et
733 2166 762 2216 ic
780 2165 837 2216 iltis
850 2158 890 2214 Fr.
904 2161 983 2215 Emm.
998 2162 1022 2215 2.
1053 2161 1111 2214 lior
1129 2166 1251 2233 plcriere

229 2251 260 2304 A.
291 2251 357 2304 Dein
374 2253 520 2321 cirpicitar
537 2253 645 2320 copiosa
669 2249 735 2302 idem
759 2249 839 2314 liber,
865 2252 984 2320 plorioen
1006 2252 1075 2320 cirp.
1094 2249 1119 2301 S.
1138 2250 1251 2318 Angu-

229 2342 323 2405 stin,
347 2355 474 2410 peperere
497 2356 522 2392 v.
548 2337 606 2389 cod.
631 2335 740 2390 Floriac.
765 2335 817 2388 illic
844 2339 885 2389 cit.
921 2337 980 2388 lllox
1003 2347 1075 2416 tanto
1100 2341 1165 2408 ptus
1190 2345 1251 2389 ente

227 2430 353 2499 predium
377 2430 472 2479 matris
497 2441 546 2476 om,
566 2424 606 2476 W.
626 2424 688 2476 blec.
714 2423 750 2488 D,
775 2427 836 2476 item
864 2424 960 2476 Thnen.
988 2422 1064 2478 Gorb.
1090 2434 1117 2478 et
1141 2425 1243 2479 Fossnt.

230 2515 389 2581 conspirante
410 2512 451 2564 ed.
470 2511 577 2576 ltlnnut.;
601 2522 670 2566 tanto
695 2513 749 2564 sine
772 2515 837 2583 plue
861 2512 982 2565 exhibent
1000 2513 1056 2577 ltld,
1081 2513 1132 2565 dno
1157 2513 1248 2580 ltelici,

228 2601 278 2653 Dn-
289 2599 370 2652 Emm.
390 2600 414 2652 2.
433 2608 586 2669 veteresque
604 2599 661 2652 edd.
681 2617 703 2654 c.
717 2599 814 2653 Ernsm.
828 2598 902 2654 Grer.
922 2610 998 2671 etque
1016 2600 1128 2667 llorell.;
1148 2612 1250 2656 tantum

229 2689 318 2741 scribit
336 2687 402 2751 lllb.;
429 2698 499 2742 tanto
522 2691 586 2757 plue
611 2687 657 2755 (ite
681 2689 751 2742 solus
770 2691 806 2758 A)
823 2706 856 2741 ex
878 2691 1055 2760 Augustin.
1070 2675 1091 2743 l.
1111 2706 1133 2742 c.
1155 2692 1251 2758 primus

229 2778 327 2844 recepit
344 2775 478 2828 Pemelius.
514 2775 596 2839 ldslc3
624 2777 741 2829 omittunt
760 2779 827 2830 eninr
847 2780 921 2830 etiem
938 2779 965 2828 in
984 2778 1171 2846 Augustini
1188 2778 1206 2830 l,
1228 2794 1251 2830 c.

229 2865 304 2918 codd.
321 2864 386 2917 Fris,
406 2873 432 2916 et
449 2863 526 2918 Pelet.
545 2875 615 2919 tento
632 2869 707 2934 plue,
726 2865 874 2934 Wiudberg.
894 2873 977 2917 eutem
1003 2881 1078 2933 supra
1107 2865 1151 2917 lin.
1170 2864 1252 2918 bnbet

229 2964 336 3008 tontum.
374 2951 446 3004 Unde
463 2952 543 3022 liquet
559 2953 687 3006 vccnbule
704 2963 775 3006 tanto
793 2957 865 3024 pice,
886 2961 956 3008 tento
977 2954 1032 3005 sine
1050 2957 1115 3023 plue
1137 2963 1163 3006 et
1183 2964 1251 3008 tnn-

229 3053 284 3102 tum
307 3059 376 3095 rnera
403 3057 459 3094 esse
483 3041 642 3110 glossemate.
680 3038 741 3094 Turn
765 3043 886 3110 repescit
908 3039 1002 3109 legitur
1024 3043 1051 3092 in
1070 3039 1098 3093 B.
1147 3040 1176 3109 l)
1197 3046 1250 3096 bae

229 3138 385 3188 edortcmcr
407 3129 448 3182 Fr.
467 3129 547 3183 [imm.
567 3131 591 3182 2.
627 3135 676 3184 iras
702 3134 839 3184 hortamur
863 3128 920 3181 edd.
940 3127 1109 3181 llenutiannm
1137 3138 1250 3181 antece-

230 3221 320 3272 dentes
339 3227 366 3270 et
383 3217 497 3282 llorell.,
521 3223 571 3273 irae
595 3228 619 3271 et
645 3223 711 3271 bort.
730 3216 761 3268 A.
804 3214 868 3266 Dein
894 3218 1037 3286 afflictione
1064 3217 1123 3270 edd.
1145 3216 1190 3269 SP.
1222 3224 1251 3268 et

230 3307 319 3360 Venet.
335 3307 357 3358 1.
387 3306 504 3359 Proxime
521 3324 570 3361 ccc
588 3324 638 3377 quo
651 3307 691 3358 W.
710 3305 758 3358 bie.
779 3306 813 3378 B,
827 3323 860 3358 ne
878 3307 947 3374 quod
959 3304 1010 3371 llb,
1029 3323 1076 3358 nec
1095 3309 1163 3375 pund
1179 3313 1253 3358 recte

174 3427 179 3434 -
229 3394 331 3462 disput,
350 3413 403 3450 con
415 3413 464 3465 quo
477 3395 518 3446 llld
531 3403 556 3446 et
567 3393 600 3460 A,
618 3397 679 3446 item
692 3394 750 3447 edd.
762 3393 934 3445 Ernsmienem
946 3393 1170 3462 praegredientes,
1189 3411 1245 3447 uon

230 3487 298 3553 quod
315 3482 355 3534 llic
373 3498 423 3534 une
444 3499 501 3535 cnm
520 3483 579 3535 edd.
597 3481 696 3536 Eresm.
716 3483 812 3535 llorell.
831 3481 924 3534 Pemel.
944 3483 1087 3550 ceterisque
1114 3483 1251 3534 recentio-

230 3573 314 3636 ribus,
338 3589 391 3624 recu
416 3575 517 3641 quidem
544 3573 611 3640 quod
629 3569 704 3624 Grau.
750 3571 837 3622 Statim
860 3575 893 3624 ad
917 3573 1031 3623 extremi
1051 3581 1075 3624 et
1094 3573 1207 3623 treicium
1228 3579 1254 3623 et

231 3664 390 3714 buenititctic
409 3661 438 3711 A.
475 3657 556 3711 Deest
574 3663 711 3714 adrandum
729 3661 754 3711 in
773 3659 830 3710 edd.
849 3667 907 3711 ente
923 3659 1014 3710 dieunt.
1035 3657 1158 3709 omnibus.
1193 3655 1254 3708 Mox

231 3751 410 3803 sumeremus
430 3747 518 3800 scribit
530 3749 561 3812 A,
581 3751 749 3802 vendicemus
761 3747 807 3800 tle.
840 3734 940 3800 Deinde
952 3751 1000 3802 sed
1012 3765 1062 3817 quo
1075 3745 1196 3797 exhibent
1210 3743 1254 3795 llld

233 3844 259 3887 et
271 3835 425 3903 exemplaria
437 3844 494 3887 ente
506 3833 604 3888 Eresm.
618 3835 694 3888 edite.
725 3834 786 3887 Tum
804 3837 998 3890 solicitudinem
1017 3831 1125 3901 simplici
1144 3834 1155 3884 t
1172 3847 1249 3884 com-

232 3930 306 3991 peret
324 3925 349 3974 in
367 3922 397 3974 A
433 3921 492 3974 Post
510 3926 596 3994 mepte
614 3923 672 3976 Ver.
691 3923 761 3978 nddit
776 3925 916 3994 perinent.
