2858 4688
733 395 797 472 lle

253 563 419 645 parentum,
443 557 576 639 lrutrum,
598 557 726 622 liliorum
749 555 893 640 frequens
915 575 972 622 nos
995 564 1025 621 et
1047 560 1171 642 copiosa
1186 561 1273 626 turba

255 671 406 736 desiderat
436 671 492 736 iarn
524 673 562 736 do
591 689 645 735 sua
675 670 876 734 incolumitate
893 667 920 746 ⁶)
949 689 1074 752 secura,
1108 673 1206 738 adhuc
1234 675 1273 738 dc

253 781 359 852 nostra'
388 785 484 850 salute
512 769 645 850 sollicito.
681 784 738 848 'Ad
770 783 876 848 horum
908 789 1100 867 conspectum
1132 795 1163 850 et
1193 806 1273 851 con-

253 899 373 984 plexum
395 895 424 975 ⁶)
441 899 562 962 -venire
593 905 701 980 quanta
732 905 761 961 et
791 897 848 962 illls
878 907 909 963 et
939 899 1026 962 rrobis
1055 900 1086 962 in
1115 919 1272 964 commuue

254 1014 362 1077 lautitia
386 1020 449 1089 cst;
471 1013 567 1094 qualis
589 1013 649 1077 illic
672 1015 842 1078 caelestium
863 1029 1026 1096 regnorum
1047 1014 1184 1096 uoluptas
1205 1016 1272 1077 sinc

254 1127 361 1190 timore
383 1127 529 1188 moriendi
552 1133 580 1189 cl
604 1145 669 1190 curu
684 1130 869 1191 aeternitate
892 1126 1030 1203 nicenum
1054 1145 1140 1208 quam
1159 1145 1271 1190 sutnma

254 1240 285 1301 et
306 1245 450 1322 perpetua
474 1238 618 1304 lelicitasl
663 1239 724 1304 lllio
747 1240 950 1324 apostolorum
974 1239 1126 1322 gloriosus
1152 1240 1274 1319 chorus,

254 1351 313 1414 illic
331 1347 357 1426 ²)
380 1334 592 1434 prophetarum
615 1353 824 1416 exsultantium
848 1369 1005 1430 numerus,
1028 1352 1088 1416 illic
1111 1358 1271 1434 martyrum

254 1465 475 1529 innumerabilis
497 1451 635 1546 populus
650 1467 689 1528 ob
712 1465 881 1528 certaminis
904 1469 933 1527 el
952 1464 1271 1547 passionis‘viclorium

254 1583 434 1657 coronatus,
468 1577 682 1658 triumphantes
711 1574 861 1659 virgines,
895 1593 971 1656 quae
1001 1577 1271 1657 concupiscentiam

255 1686 353 1750 carnis
376 1695 406 1750 et
428 1687 565 1769 corporis
588 1687 788 1751 continentiae
810 1688 922 1750 robore
945 1687 1140 1769 subegerunt,
1166 1706 1271 1750 remu-

255 1801 350 1864 nerati
371 1799 591 1892 misericordes,
614 1801 665 1882 qui
681 1799 825 1863 alimentis
843 1806 872 1862 et
888 1800 1093 1882 largitionibus
1108 1819 1270 1886 pauperum

254 1913 383 1979 iustiliae
406 1931 498 1995 opera
522 1913 668 1993 lecerunt,
693 1915 744 1996 qui
766 1913 912 1977 dominica
934 1879 1094 1995 pra'ccepta
1114 1919 1271 1976 servantes

254 2100 333 2152 Addit
349 2110 459 2154 nostroe
471 2100 501 2152 A.
536 2100 606 2154 lolem
622 2101 687 2153 liber
699 2101 743 2152 dut
753 2118 910 2171 possumus.
947 2101 974 2166 5)
994 2098 1064 2151 lianc
1077 2099 1212 2152 lectionem
1226 2114 1272 2168 pro

255 2190 285 2242 tic
300 2205 353 2240 aua
367 2190 564 2250 immortalitate
576 2205 589 2239 a
604 2188 708 2240 Baluzio
721 2190 858 2238 restitutam
872 2195 1003 2255 praestant
1017 2189 1090 2238 etiam
1104 2187 1161 2240 libri
1176 2187 1233 2238 Ver.
1247 2194 1273 2237 et

255 2271 335 2340 Neap.
348 2275 458 2341 itemque
470 2263 509 2326 W.
523 2273 571 2326 alb.
586 2273 630 2327 Bu.
644 2273 675 2339 A,
690 2279 720 2329 ale
732 2293 783 2330 auu
795 2271 970 2329 incolomitate
982 2274 1094 2325 scribunt
1106 2273 1176 2326 llacd
1190 2283 1215 2325 et
1225 2273 1271 2325 Bb.

255 2359 321 2410 Anto
340 2363 426 2414 enarro
445 2361 592 2426 particulam
611 2373 648 2427 et,
673 2367 749 2430 quam'
766 2363 886 2429 expunxit
905 2363 954 2412 lam
974 2359 1114 2426 licutluius,
1133 2369 1203 2413 recte
1222 2377 1271 2412 om.

255 2446 330 2497 codd.
349 2445 407 2498 Ver.
429 2454 455 2497 et
473 2450 521 2499 mei
540 2463 643 2512 omnes,
668 2465 752 2517 neque
772 2448 888 2516 agnoscit
907 2451 1073 2518 Aupaatirtua
1092 2447 1124 2499 de
1142 2448 1271 2516 praedest.

254 2531 401 2583 Sanctorum
418 2530 445 2584 C.
458 2531 519 2584 XlV.
540 2536 564 2598 §.
578 2534 621 2585 28.
640 2533 709 2586 Tom.
723 2533 753 2586 Χ.
773 2551 797 2602 p.
812 2535 871 2586 809.
885 2535 915 2586 A.
946 2533 1181 2588 lucumonem.
1196 2547 1272 2598 supra

253 2618 346 2669 adiecit
364 2619 388 2668 in
408 2617 454 2668 ilc.
491 2616 520 2682 6)
539 2618 575 2669 lta
595 2617 651 2671 ttab
669 2621 751 2687 (vulg.
773 2623 959 2690 corraplcoeuutl‚
981 2623 1133 2689 amplexum
1152 2616 1198 2681 Bb,
1218 2636 1270 2670 aa·

252 2704 364 2770 plexum
374 2701 403 2752 A.
433 2699 519 2752 Statim
533 2709 764 2772 puuntncmnolio
777 2715 801 2758 et
810 2709 868 2758 ittae
877 2705 946 2755 idenr
958 2705 1027 2756 liber.
1055 2701 1271 2772 Praepositionem

252 2791 283 2841 in
300 2795 360 2838 anto
379 2803 514 2842 commune
532 2787 564 2838 al.
578 2803 609 2840 m.
622 2792 801 2858 superscripsit
816 2791 840 2840 io
854 2787 904 2842 lla.
936 2789 997 2842 Tum
1015 2793 1061 2846 illa
1078 2791 1136 2843 loco
1155 2789 1271 2841 adverbii

254 2876 310 2927 illio
328 2889 365 2941 pr.
384 2874 518 2942 lugebatur
536 2876 561 2926 iu
575 2873 622 2940 tte,
640 2882 799 2946 paudiorum
812 2891 859 2945 pro
871 2894 1014 2948 rapueram
1027 2875 1131 2940 euhibcl
1144 2876 1272 2944 exertrplar

254 2976 317 3029 Dar.
357 2976 421 3029 llein
440 2953 564 3048 ootnsstaa
582 2995 693 3048 moxque
710 2985 832 3036 coriandi
850 2997 898 3049 pro
915 2984 1022 3038 vinculati
1041 2979 1098 3046 tiu,
1123 2985 1200 3050 firma
1225 2993 1271 3046 pro

251 3074 379 3132 perpetua
398 3065 429 3114 A·
474 3065 502 3128 7)
526 3069 600 3122 illiue
626 3067 684 3118 edu.
705 3067 749 3119 Sl’.
770 3067 857 3120 l'enot.
878 3067 941 3120 llov.
962 3067 1040 3118 lluruu
1078 3067 1271 3134 Insequitur

253 3153 444 3218 triumphantes
462 3155 582 3220 clepiaco
600 3153 695 3204 habent
713 3154 770 3205 cod.
785 3153 910 3206 Tewater.
927 3171 970 3222 ap.
984 3153 1074 3206 linuth.
1095 3161 1123 3205 et
1140 3155 1181 3206 ed.
1197 3151 1270 3216 llam,

253 3238 379 3302 trinuapln.
398 3237 454 3286 illic
478 3242 548 3308 aurp
569 3235 683 3302 Eanum,
710 3242 750 3290 cui
775 3239 957 3308 adstipulantur
982 3241 1139 3292 recentiores
1163 3247 1270 3304 excepta

247 3315 404 3386 ‘lioutlnianm
440 3318 491 3372 Sed
516 3327 573 3378 altio
596 3334 741 3377 recreorn.
766 3328 841 3378 codd.
867 3326 924 3380 Ver.
949 3326 1028 3397 ll'eap.
1056 3334 1082 3377 et
1107 3328 1157 3378 ruei
1182 3340 1271 3381 crunnus

254 3406 366 3473 ilernqne
383 3414 444 3458 uett.
464 3409 591 3462 editiones
612 3410 668 3462 rell.
689 3427 711 3463 c.
728 3411 823 3464 llorcll.
843 3421 869 3465 et
886 3411 980 3465 liouth.
1018 3412 1134 3465 Proximo
1151 3417 1270 3482 pectoris

254 3505 300 3567 pru
319 3499 442 3561 corporis
460 3494 491 3545 A.
528 3494 590 3546 Turn
614 3502 672 3550 illie
694 3492 858 3555 remorroerati
875 3501 931 3552 cod.
952 3499 1078 3552 Tcwater.
1098 3508 1124 3551 et
1142 3499 1270 3567 excrarplar

253 3574 318 3628 Dav.
356 3577 417 3630 l'nst
436 3583 624 3650 lurpitiomlua
643 3601 656 3636 a
676 3601 695 3636 r.
716 3603 746 3638 m.
766 3590 963 3655 superscriptum
980 3590 1156 3656 deornoapat'a
1174 3587 1200 3638 iu
1220 3585 1268 3636 llb.

211 3734 214 3744 Ι
254 3661 320 3714 llein
340 3669 413 3718 iurata
431 3681 511 3734 opera
531 3666 560 3716 tt'
581 3678 606 3720 et
625 3669 671 3724 ila.
708 3671 795 3725 Statim
814 3677 911 3728 domiui
930 3684 1069 3742 praecepta
1087 3675 1116 3724 A.
1154 3671 1205 3724 sao
1227 3673 1269 3724 lo·

253 3752 396 3804 cantionibus
413 3756 550 3821 arripuero
568 3760 714 3824 dominico,
739 3770 830 3813 contra
848 3763 993 3824 dominica,
1018 3762 1112 3829 pannio
1130 3762 1269 3824 Maian,

252 3840 340 3891 locatio
357 3841 489 3894 Anariraicu
507 3849 556 3894 atr.
578 3845 603 3894 in
621 3843 706 3897 Nostri
726 3847 846 3913 operibus
864 3844 923 3896 uilnil
950 3846 1106 3914 frequentius
1130 3853 1177 3898 eat.
1215 3845 1269 3896 l'itl.

254 3941 371 3998 arma.
390 3940 448 3995 nur.
467 3926 509 3996 oo.
527 3963 553 4015 p.
573 3946 633 4001 aaa.
668 3951 841 4005 ammaum
860 3947 964 4002 extrue
983 3947 1039 4015 un,
1063 3924 1222 4006 adanam
1240 3954 1271 4020 (a
