2904 4692
758 396 820 462 itt

279 551 436 636 optandum
459 552 501 616 'ad
526 553 674 616 Christum
706 553 902 617 subveniente
932 534 1078 619 velocius
1100 564 1196 620 morte
1221 569 1296 639 pro-

276 683 384 750 perare
415 668 480 749 ipso
518 667 683 730 instruente
718 683 774 729 nos
809 674 839 728 et
871 666 1001 730 dicente:
1027 666 1124 732 Amen
1158 682 1247 733 amen
1264 663 1295 752 ⁷)

276 785 349 847 dico
372 783 481 859 nobis,
512 782 661 862 quoniam
683 799 742 843 aaa
763 781 934 860 plorabitis
965 791 995 844 et
1014 783 1190 862 planpetis,
1222 799 1295 845 ane-

167 877 169 879 ¹
277 898 378 959 catam
401 895 502 958 antem
523 896 697 976 pandebit
722 915 779 959 aas
811 897 1049 973 nistera-tnta,
1080 898 1138 959 sed
1167 897 1295 960 tristitia

276 1019 381 1074 cestra
396 1013 430 1070 tn
446 1010 597 1071 laetitiam
612 1010 722 1071 veniet.
769 1009 842 1082 Quis
859 1027 917 1072 non
935 1011 1049 1074 tristitia
1066 1029 1171 1072 carere
1187 1009 1294 1092 optet?

276 1125 341 1204 quis
366 1141 425 1185 non
449 1121 485 1184 ad
509 1122 646 1183 laetitiam
670 1122 775 1183 venire
799 1119 918 1183 festinet
933 1115 992 1204 ⁸)i
1037 1121 1162 1195 Quando
1196 1128 1293 1184 autem

274 1240 303 1300 io
328 1237 465 1299 laetitiam
489 1235 590 1296 veniat
606 1229 639 1316 ⁹)
663 1240 763 1296 nostra
789 1235 1081 1312 tristitia‚·dominos
1106 1234 1205 1296 denuo
1225 1233 1293 1315 ips'e

244 1411 245 1420 ,
274 1351 403 1413 declarat
428 1350 531 1412 dicens
553 1345 611 1432 '⁰):
636 1347 750 1409 lteram
773 1347 883 1411 videbo
908 1367 984 1424 ooo,
1014 1355 1043 1409 et
1063 1347 1214 1428 pandebit
1237 1365 1293 1409 cor

273 1473 420 1540 oeotr'om,
444 1471 474 1523 ct
494 1461 644 1542 pendium
667 1469 802 1524 oestrum
824 1480 913 1524 nemo
938 1459 1061 1538 auferet
1078 1459 1121 1542 Η)
1149 1481 1169 1522 a
1191 1459 1290 1522 cobis.

274 1578 345 1640 Cum
367 1573 409 1659 12)
438 1594 513 1659 ergo
544 1575 690 1638 Christum
722 1575 828 1638 videre
857 1567 992 1658 gaudere
1024 1576 1077 1654 sit,
1111 1593 1168 1636 neo
1194 1574 1291 1655 possit

273 1709 342 1754 csse
365 1689 503 1774 gaudium
534 1697 667 1751 nostrum
701 1665 757 1750 nisi
787 1690 853 1769 quis
886 1688 991 1751 viderit
1014 1686 1178 1766 Christum,
1213 1704 1290 1766 quae

272 1805 399 1867 caecitas
423 1801 527 1878 animi,
559 1817 675 1880 quaeve
709 1797 856 1861 dementia
882 1807 928 1861 est
960 1775 1058 1861 amare
1081 1815 1237 1881 pressuras
1260 1801 1290 1858 et

270 1935 398 2000 paenas,
431 1921 460 1977 et
488 1914 625 1976 lacrimas
657 1913 773 1990 mundi,
806 1921 835 1974 et
864 1931 923 1974 non
956 1912 1098 1975 festinare
1128 1911 1225 1992 potius
1252 1908 1290 1970 od

270 2031 419 2113 gaudium,
443 2025 522 2109 qood
547 2045 705 2107 numquam
728 2027 824 2108 possit
847 2026 983 2089 aulerri‘l

269 2205 355 2257 veloci
367 2201 399 2263 Α,
416 2209 526 2276 mortem
540 2199 587 2263 lla,
606 2185 660 2266 ,ᾧ
680 2199 782 2268 bispro
800 2203 861 2267 ipso
875 2199 904 2250 Α.
942 2196 1065 2249 Omittunt
1082 2213 1133 2250 noa
1147 2193 1184 2245 Μι
1205 2204 1230 2246 et
1244 2192 1289 2245 Bb.

269 2287 388 2340 Ceterum
407 2288 456 2339 vid.
477 2286 563 2338 loaun.
587 2286 634 2349 16,
654 2285 694 2337 20.
733 2287 761 2346 7)
782 2285 894 2339 Alterum
914 2303 988 2340 amma
1011 2284 1084 2337 deest
1103 2285 1127 2335 in
1149 2282 1192 2334 Ba.
1229 2281 1290 2334 Post

271 2379 393 2446 quoniam
417 2387 488 2440 pron.
508 2390 557 2426 voa
576 2389 595 2424 r.
615 2388 647 2450 ¹¹²:
668 2389 751 2440 supra
763 2373 858 2424 addidit
877 2373 902 2424 in
922 2372 961 2422 W.
998 2370 1026 2422 ln
1045 2387 1116 2440 seqq.
1137 2389 1186 2426 aaa
1205 2380 1290 2424 autem

270 2483 363 2532 trister
382 2477 459 2528 babet
477 2476 523 2527 Bb.
560 2475 617 2526 blox
636 2452 662 2480 ¹⁸
682 2479 781 2529 taetitia
807 2481 848 2539 (in
872 2493 886 2526 a
910 2493 929 2526 r.
951 2492 983 2526 m.
1003 2477 1144 2542 superscr.)
1168 2474 1213 2537 W,
1240 2477 1286 2526 irr-

270 2569 355 2617 uentet
373 2568 400 2616 r'n
418 2566 543 2632 caudium
558 2561 589 2626 Α,
609 2566 637 2614 in
656 2565 781 2632 pendium
801 2563 875 2613 etiarn
889 2561 935 2612 Bt.
971 2561 1000 2625 8)
1019 2566 1088 2629 Quin
1107 2579 1159 2615 non
1177 2564 1210 2615 art
1227 2563 1287 2612 lae.

209 2713 211 2720 !
271 2654 353 2703 titiam
380 2653 470 2704 venire
494 2650 622 2718 festinet?
649 2652 708 2718 qnia
736 2667 787 2702 raon
814 2653 925 2703 tristitia
952 2665 1044 2702 carere
1070 2651 1159 2718 optat?
1186 2650 1289 2698 inverso

270 2753 359 2804 ordine
379 2753 498 2806 exhibent
517 2754 576 2805 cdd.
597 2752 736 2805 Manutiana
757 2755 927 2820 antiquiorem
947 2763 1015 2822 optat
1034 2751 1120 2802 scribit
1136 2751 1176 2802 W.
1213 2751 1243 2816 9)
1260 2727 1289 2756 ⁸⁸

269 2844 367 2894 taetitia
386 2844 427 2908 (tn
446 2858 460 2891 a
480 2856 544 2892 corr.
563 2857 594 2892 m.
615 2843 755 2908 superior.)
769 2841 811 2905 W,
830 2850 881 2892 tum
900 2845 985 2894 venriet
998 2844 1029 2904 Α,
1049 2844 1146 2894 laetitia
1164 2855 1212 2907 pro
1231 2843 1287 2892 tri·

269 2931 342 2981 atr'tr'a
361 2927 406 2980 tto.
443 2927 505 2978 Tum
523 2931 581 2997 ipae
600 2932 683 2982 denuo
703 2928 751 2980 ttb.
792 2929 836 2994 10)
856 2927 942 2979 loann.
958 2927 998 2990 16,
1012 2928 1053 2978 22.
1093 2925 1137 2988 ll)
1156 2923 1288 2992 aufertW

269 3022 295 3063 et
314 3011 359 3076 tta,
379 3017 448 3067 tollet
467 3013 506 3064 tta
525 3023 677 3082 veteresque
698 3015 755 3065 edd.
776 3033 798 3066 c.
817 3013 914 3066 Erasm.
934 3023 961 3065 et
979 3013 1054 3065 Grau.
1094 3015 1137 3076 12)
1156 3017 1289 3079 Quoniam
1332 2998 1337 3003 ’

268 3101 335 3165 (stne
354 3101 507 3168 compendio
528 3087 591 3171 qno,
615 3110 643 3153 ut
662 3102 755 3169 ubique
775 3101 842 3166 lere)
862 3118 907 3169 pro
927 3119 987 3156 cunr
1006 3101 1035 3152 Α.
1074 3101 1176 3152 inverso
1196 3099 1287 3150 ordine

266 3188 356 3239 videre
374 3189 511 3240 Christum
537 3187 593 3239 libri
617 3197 674 3240 ante
694 3188 787 3240 Mantrt.
807 3189 873 3241 editi.
911 3189 972 3240 Post
989 3192 1079 3243 cidara
1097 3191 1130 3240 tn
1149 3188 1231 3256 pergit
1249 3187 1286 3238 A:

266 3276 308 3325 εἰσ
335 3291 387 3326 nort
413 3279 508 3344 poeait-
551 3279 637 3328 Videat
665 3284 752 3328 autem
779 3293 839 3330 cece
865 3280 990 3346 pendium
1017 3286 1146 3329 nostrum.
1189 3272 1288 3340 Scripsi

267 3359 361 3410 deinde
383 3364 440 3414 niet
463 3367 522 3431 quia
549 3365 644 3414 uiderit
669 3361 817 3413 auctoribus
842 3363 911 3413 libris
931 3363 987 3414 Ver.
1008 3363 1087 3429 Neap.
1100 3364 1124 3413 l.
1144 3361 1183 3412 W.
1203 3359 1286 3412 blabc.

265 3441 318 3494 Bnb
337 3453 363 3495 et
380 3455 478 3514 septem
493 3446 615 3512 legitote,
633 3450 690 3520 nisi
707 3451 752 3516 qni
770 3451 866 3502 uiderit
884 3447 961 3500 babet
975 3449 1006 3513 Α,
1024 3452 1082 3502 atei
1099 3452 1160 3518 quia
1180 3447 1221 3498 vel
1241 3449 1288 3516 qud

231 3601 234 3606 ι
264 3533 359 3584 viderit
384 3534 407 3582 in
431 3534 520 3598 viginti
545 3548 590 3584 sex
615 3535 723 3601 antiquis
750 3534 878 3586 codicibus
903 3538 998 3602 reperit
1017 3533 1149 3599 Betucius,
1178 3536 1203 3585 in
1229 3533 1286 3584 aliie

265 3624 349 3667 notem
373 3619 575 3686 quattuordecim
600 3625 737 3685 credendi,
763 3621 804 3672 vel
829 3625 951 3686 crederem
978 3625 1035 3676 nisi
1058 3640 1117 3676 com
1137 3623 1286 3675 viderimus

264 3702 355 3770 legitur
378 3705 402 3755 in
421 3703 461 3754 bld
486 3713 512 3754 et
538 3704 695 3771 invulgatis
721 3705 798 3758 libris.
837 3706 892 3756 blor
918 3725 983 3777 quaa
1007 3711 1148 3761 clemencia
1171 3706 1234 3773 (sic)
1253 3705 1285 3758 Α.

263 3789 324 3840 Turn
343 3793 434 3844 mundi
450 3809 598 3860 pressuras
619 3791 656 3845 bb
675 3791 701 3843 et
719 3792 749 3844 Α.
786 3793 915 3845 Posterior
939 3812 971 3848 ne
993 3811 1093 3864 parrae,
1122 3792 1158 3844 Bt
1176 3809 1286 3862 popnea

263 3889 309 3940 pro
326 3893 426 3944 poetica
444 3881 577 3932 elmundi
594 3881 722 3932 lacrimae
736 3879 766 3930 Α.
806 3878 892 3930 Statim
911 3898 964 3933 rrorr
980 3883 1073 3950 potina
1090 3882 1221 3948 festinare
1234 3869 1284 3931 tta.

264 3961 286 4011 le
305 3970 393 4028 postea
414 3963 480 4014 male
498 3983 646 4035 enumquam,
665 3973 694 4017 ut
713 3967 838 4018 editiones
857 3967 966 4034 aliquot,
987 3969 1063 4018 etiam
1081 3967 1246 4019 recentiores.
