<?xml version="1.0" encoding="UTF-8"?>
<!DOCTYPE html PUBLIC "-//W3C//DTD XHTML 1.0 Transitional//EN"
    "http://www.w3.org/TR/xhtml1/DTD/xhtml1-transitional.dtd">
<html xmlns="http://www.w3.org/1999/xhtml" xml:lang="en" lang="en">
 <head>
  <title>
</title>
<meta http-equiv="Content-Type" content="text/html;charset=utf-8" />
  <meta name='ocr-system' content='tesseract 3.04.00' />
  <meta name='ocr-capabilities' content='ocr_page ocr_carea ocr_par ocr_line ocrx_word'/>
</head>
<body>
  <div class='ocr_page' id='page_1' title='image "./libridecatholic00krabgoog_0338.png"; bbox 0 0 2904 4692; ppageno 0'>
   <div class='ocr_carea' id='block_1_1' title="bbox 638 413 699 482">
    <p class='ocr_par' dir='ltr' id='par_1_1' title="bbox 638 413 699 482">
     <span class='ocr_line' id='line_1_1' title="bbox 638 413 699 482; baseline 0.066 -5"><span class='ocrx_word' id='word_1_1' title='bbox 638 413 699 482; x_wconf 75' lang='lat' dir='ltr'><strong>ret</strong></span> 
     </span>
    </p>
   </div>
   <div class='ocr_carea' id='block_1_2' title="bbox 156 557 1219 1086">
    <p class='ocr_par' dir='ltr' id='par_1_2' title="bbox 156 557 1219 1086">
     <span class='ocr_line' id='line_1_2' title="bbox 157 557 1174 656; baseline 0.006 -22"><span class='ocrx_word' id='word_1_2' title='bbox 157 571 263 634; x_wconf 70' lang='lat' dir='ltr'><strong>micro</strong></span> <span class='ocrx_word' id='word_1_3' title='bbox 293 578 408 637; x_wconf 70' lang='lat' dir='ltr'><strong>cerba</strong></span> <span class='ocrx_word' id='word_1_4' title='bbox 454 569 502 634; x_wconf 86' lang='lat' dir='ltr'><strong>Sic</strong></span> <span class='ocrx_word' id='word_1_5' title='bbox 523 566 561 645; x_wconf 78' lang='lat'><strong>¹⁰)</strong></span> <span class='ocrx_word' id='word_1_6' title='bbox 594 568 742 636; x_wconf 77' lang='lat' dir='ltr'><strong>Abrabam</strong></span> <span class='ocrx_word' id='word_1_7' title='bbox 775 569 833 640; x_wconf 84' lang='lat' dir='ltr'><strong>deo</strong></span> <span class='ocrx_word' id='word_1_8' title='bbox 866 557 1108 656; x_wconf 59' lang='lat' dir='ltr'><strong>plaudente,</strong></span> <span class='ocrx_word' id='word_1_9' title='bbox 1141 581 1174 640; x_wconf 83' lang='lat' dir='ltr'><strong>rt</strong></span> 
     </span>
     <span class='ocr_line' id='line_1_3' title="bbox 156 683 1173 775; baseline 0.006 -30"><span class='ocrx_word' id='word_1_10' title='bbox 156 684 290 766; x_wconf 78' lang='lat' dir='ltr'><strong>placeret</strong></span> <span class='ocrx_word' id='word_1_11' title='bbox 306 685 374 762; x_wconf 85' lang='lat' dir='ltr'><strong>deo,</strong></span> <span class='ocrx_word' id='word_1_12' title='bbox 400 701 456 746; x_wconf 84' lang='lat' dir='ltr'><strong>nee</strong></span> <span class='ocrx_word' id='word_1_13' title='bbox 478 685 615 749; x_wconf 74' lang='lat' dir='ltr'><strong>amittere</strong></span> <span class='ocrx_word' id='word_1_14' title='bbox 638 683 727 746; x_wconf 83' lang='lat' dir='ltr'><strong>lilium</strong></span> <span class='ocrx_word' id='word_1_15' title='bbox 751 685 853 766; x_wconf 76' lang='lat' dir='ltr'><strong>timuit,</strong></span> <span class='ocrx_word' id='word_1_16' title='bbox 871 705 933 775; x_wconf 13' lang='lat' dir='ltr'><strong>&#39;neo</strong></span> <span class='ocrx_word' id='word_1_17' title='bbox 947 707 1057 771; x_wconf 79' lang='lat' dir='ltr'>gerere</span> <span class='ocrx_word' id='word_1_18' title='bbox 1073 690 1173 770; x_wconf 86' lang='lat' dir='ltr'><strong>perri-</strong></span> 
     </span>
     <span class='ocr_line' id='line_1_4' title="bbox 157 795 1219 889; baseline 0.008 -31"><span class='ocrx_word' id='word_1_19' title='bbox 157 796 264 860; x_wconf 85' lang='lat' dir='ltr'><strong>eidiom</strong></span> <span class='ocrx_word' id='word_1_20' title='bbox 294 797 453 861; x_wconf 78' lang='lat' dir='ltr'><strong>reeusarit.</strong></span> <span class='ocrx_word' id='word_1_21' title='bbox 506 795 563 870; x_wconf 81' lang='lat' dir='ltr'><strong>Qui</strong></span> <span class='ocrx_word' id='word_1_22' title='bbox 594 797 684 860; x_wconf 88' lang='lat' dir='ltr'><strong>tilium</strong></span> <span class='ocrx_word' id='word_1_23' title='bbox 719 815 779 861; x_wconf 88' lang='lat' dir='ltr'><strong>non</strong></span> <span class='ocrx_word' id='word_1_24' title='bbox 812 808 898 881; x_wconf 87' lang='lat' dir='ltr'><strong>potes</strong></span> <span class='ocrx_word' id='word_1_25' title='bbox 928 801 998 884; x_wconf 80' lang='lat' dir='ltr'><strong>lege</strong></span> <span class='ocrx_word' id='word_1_26' title='bbox 1030 809 1058 865; x_wconf 89' lang='lat' dir='ltr'><strong>et</strong></span> <span class='ocrx_word' id='word_1_27' title='bbox 1090 811 1173 865; x_wconf 83' lang='lat' dir='ltr'><strong>sorte</strong></span> <span class='ocrx_word' id='word_1_28' title='bbox 1212 881 1219 889; x_wconf 18' lang='grc' dir='ltr'>ἱ</span> 
     </span>
     <span class='ocr_line' id='line_1_5' title="bbox 158 909 1173 996; baseline 0.008 -25"><span class='ocrx_word' id='word_1_29' title='bbox 158 909 342 972; x_wconf 65' lang='lat' dir='ltr'><strong>mortalitatis</strong></span> <span class='ocrx_word' id='word_1_30' title='bbox 365 909 519 996; x_wconf 79' lang='lat' dir='ltr'><strong>amittere,</strong></span> <span class='ocrx_word' id='word_1_31' title='bbox 551 909 620 990; x_wconf 83' lang='lat' dir='ltr'><strong>quid</strong></span> <span class='ocrx_word' id='word_1_32' title='bbox 639 909 678 987; x_wconf 85' lang='lat'><strong>¹¹)</strong></span> <span class='ocrx_word' id='word_1_33' title='bbox 702 909 836 990; x_wconf 84' lang='lat' dir='ltr'><strong>iaceres,</strong></span> <span class='ocrx_word' id='word_1_34' title='bbox 866 915 892 976; x_wconf 92' lang='lat' dir='ltr'><strong>si</strong></span> <span class='ocrx_word' id='word_1_35' title='bbox 912 913 1003 977; x_wconf 88' lang='lat' dir='ltr'><strong>lilium</strong></span> <span class='ocrx_word' id='word_1_36' title='bbox 1025 915 1173 980; x_wconf 84' lang='lat' dir='ltr'><strong>iubereris</strong></span> 
     </span>
     <span class='ocr_line' id='line_1_6' title="bbox 158 1020 918 1086; baseline 0.014 -1"><span class='ocrx_word' id='word_1_37' title='bbox 158 1021 324 1086; x_wconf 79' lang='lat' dir='ltr'><strong>occidere?</strong></span> <span class='ocrx_word' id='word_1_38' title='bbox 916 1020 918 1024; x_wconf 62' lang='grc'><strong>’</strong></span> 
     </span>
    </p>
   </div>
   <div class='ocr_carea' id='block_1_3' title="bbox 643 1173 734 1302">
    <p class='ocr_par' dir='ltr' id='par_1_3' title="bbox 643 1173 734 1302">
     <span class='ocr_line' id='line_1_7' title="bbox 643 1173 734 1302; baseline 0 0"><span class='ocrx_word' id='word_1_39' title='bbox 643 1219 690 1302; x_wconf 75' lang='lat' dir='ltr'><strong>rx.</strong></span> <span class='ocrx_word' id='word_1_40' title='bbox 729 1173 734 1184; x_wconf 78' lang='grc'><strong>’</strong></span> 
     </span>
    </p>
   </div>
   <div class='ocr_carea' id='block_1_4' title="bbox 157 1360 1202 2111">
    <p class='ocr_par' dir='ltr' id='par_1_4' title="bbox 171 1360 1175 1446">
     <span class='ocr_line' id='line_1_8' title="bbox 171 1360 1175 1446; baseline 0.008 -24"><span class='ocrx_word' id='word_1_41' title='bbox 171 1417 174 1422; x_wconf 86' lang='grc'>.</span> <span class='ocrx_word' id='word_1_42' title='bbox 237 1360 292 1446; x_wconf 72' lang='grc' dir='ltr'><strong>1Αᾱ</strong></span> <span class='ocrx_word' id='word_1_43' title='bbox 323 1361 420 1422; x_wconf 85' lang='lat' dir='ltr'><strong>omnia</strong></span> <span class='ocrx_word' id='word_1_44' title='bbox 452 1366 481 1422; x_wconf 91' lang='lat' dir='ltr'><strong>te</strong></span> <span class='ocrx_word' id='word_1_45' title='bbox 512 1366 643 1440; x_wconf 80' lang='lat' dir='ltr'><strong>paratam</strong></span> <span class='ocrx_word' id='word_1_46' title='bbox 673 1361 773 1424; x_wconf 80' lang='lat' dir='ltr'><strong>lacere</strong></span> <span class='ocrx_word' id='word_1_47' title='bbox 794 1361 816 1434; x_wconf 82' lang='grc' dir='ltr'><strong>Ι)</strong></span> <span class='ocrx_word' id='word_1_48' title='bbox 848 1364 933 1426; x_wconf 85' lang='lat' dir='ltr'><strong>timor</strong></span> <span class='ocrx_word' id='word_1_49' title='bbox 963 1363 1011 1428; x_wconf 90' lang='lat' dir='ltr'><strong>dei</strong></span> <span class='ocrx_word' id='word_1_50' title='bbox 1041 1372 1071 1426; x_wconf 88' lang='lat' dir='ltr'><strong>et</strong></span> <span class='ocrx_word' id='word_1_51' title='bbox 1099 1365 1175 1430; x_wconf 86' lang='lat' dir='ltr'><strong>fidos</strong></span> 
     </span>
    </p>

    <p class='ocr_par' dir='ltr' id='par_1_5' title="bbox 157 1447 1202 2111">
     <span class='ocr_line' id='line_1_9' title="bbox 158 1447 1202 1555; baseline 0.003 -15"><span class='ocrx_word' id='word_1_52' title='bbox 158 1475 255 1540; x_wconf 88' lang='lat' dir='ltr'>debet.</span> <span class='ocrx_word' id='word_1_53' title='bbox 301 1474 344 1538; x_wconf 87' lang='lat' dir='ltr'><strong>Sit</strong></span> <span class='ocrx_word' id='word_1_54' title='bbox 362 1471 387 1547; x_wconf 75' lang='lat'><strong>²)</strong></span> <span class='ocrx_word' id='word_1_55' title='bbox 412 1473 481 1536; x_wconf 90' lang='lat' dir='ltr'><strong>licet</strong></span> <span class='ocrx_word' id='word_1_56' title='bbox 503 1475 547 1536; x_wconf 90' lang='lat' dir='ltr'><strong>rei</strong></span> <span class='ocrx_word' id='word_1_57' title='bbox 571 1473 721 1538; x_wconf 79' lang='lat' dir='ltr'><strong>familiaris</strong></span> <span class='ocrx_word' id='word_1_58' title='bbox 744 1460 881 1555; x_wconf 86' lang='lat' dir='ltr'><strong>amissio,</strong></span> <span class='ocrx_word' id='word_1_59' title='bbox 904 1478 942 1538; x_wconf 88' lang='lat' dir='ltr'><strong>sit</strong></span> <span class='ocrx_word' id='word_1_60' title='bbox 966 1478 1003 1540; x_wconf 88' lang='lat' dir='ltr'><strong>de</strong></span> <span class='ocrx_word' id='word_1_61' title='bbox 1026 1447 1202 1543; x_wconf 41' lang='lat' dir='ltr'><strong>infesten-⁸</strong></span> 
     </span>
     <span class='ocr_line' id='line_1_10' title="bbox 157 1586 1176 1669; baseline 0.005 -19"><span class='ocrx_word' id='word_1_62' title='bbox 157 1589 236 1652; x_wconf 86' lang='lat' dir='ltr'><strong>tibus</strong></span> <span class='ocrx_word' id='word_1_63' title='bbox 263 1587 374 1650; x_wconf 80' lang='lat' dir='ltr'><strong>morbis</strong></span> <span class='ocrx_word' id='word_1_64' title='bbox 398 1586 520 1650; x_wconf 83' lang='lat' dir='ltr'><strong>adsidua</strong></span> <span class='ocrx_word' id='word_1_65' title='bbox 545 1587 742 1652; x_wconf 81' lang='lat' dir='ltr'><strong>membrorum</strong></span> <span class='ocrx_word' id='word_1_66' title='bbox 767 1595 797 1650; x_wconf 87' lang='lat' dir='ltr'><strong>et</strong></span> <span class='ocrx_word' id='word_1_67' title='bbox 820 1597 943 1652; x_wconf 84' lang='lat' dir='ltr'><strong>cruente</strong></span> <span class='ocrx_word' id='word_1_68' title='bbox 966 1592 1104 1669; x_wconf 80' lang='lat' dir='ltr'><strong>vexatio,</strong></span> <span class='ocrx_word' id='word_1_69' title='bbox 1137 1593 1176 1655; x_wconf 85' lang='lat' dir='ltr'><strong>sit</strong></span> 
     </span>
     <span class='ocr_line' id='line_1_11' title="bbox 159 1697 1176 1776; baseline 0 -12"><span class='ocrx_word' id='word_1_70' title='bbox 159 1701 196 1764; x_wconf 84' lang='lat' dir='ltr'><strong>do</strong></span> <span class='ocrx_word' id='word_1_71' title='bbox 219 1697 333 1776; x_wconf 85' lang='lat' dir='ltr'><strong>uxore,</strong></span> <span class='ocrx_word' id='word_1_72' title='bbox 366 1697 403 1760; x_wconf 88' lang='lat' dir='ltr'><strong>de</strong></span> <span class='ocrx_word' id='word_1_73' title='bbox 432 1697 552 1776; x_wconf 85' lang='lat' dir='ltr'><strong>liberis,</strong></span> <span class='ocrx_word' id='word_1_74' title='bbox 584 1697 621 1759; x_wconf 90' lang='lat' dir='ltr'><strong>de</strong></span> <span class='ocrx_word' id='word_1_75' title='bbox 648 1699 862 1763; x_wconf 82' lang='lat' dir='ltr'><strong>excedentibus</strong></span> <span class='ocrx_word' id='word_1_76' title='bbox 886 1703 963 1764; x_wconf 84' lang='lat' dir='ltr'><strong>caris</strong></span> <span class='ocrx_word' id='word_1_77' title='bbox 987 1699 1121 1774; x_wconf 73' lang='lat' dir='ltr'><strong>brnebris</strong></span> <span class='ocrx_word' id='word_1_78' title='bbox 1145 1711 1176 1764; x_wconf 86' lang='lat' dir='ltr'><strong>et</strong></span> 
     </span>
     <span class='ocr_line' id='line_1_12' title="bbox 159 1808 1175 1894; baseline 0.003 -20"><span class='ocrx_word' id='word_1_79' title='bbox 159 1811 250 1874; x_wconf 88' lang='lat' dir='ltr'><strong>tristis</strong></span> <span class='ocrx_word' id='word_1_80' title='bbox 273 1808 406 1888; x_wconf 80' lang='lat' dir='ltr'><strong>avulsio,</strong></span> <span class='ocrx_word' id='word_1_81' title='bbox 438 1826 497 1871; x_wconf 86' lang='lat' dir='ltr'><strong>noo</strong></span> <span class='ocrx_word' id='word_1_82' title='bbox 528 1808 585 1871; x_wconf 90' lang='lat' dir='ltr'><strong>sint</strong></span> <span class='ocrx_word' id='word_1_83' title='bbox 616 1808 665 1872; x_wconf 88' lang='lat' dir='ltr'><strong>tibi</strong></span> <span class='ocrx_word' id='word_1_84' title='bbox 694 1808 832 1872; x_wconf 87' lang='lat' dir='ltr'><strong>scandala</strong></span> <span class='ocrx_word' id='word_1_85' title='bbox 865 1810 937 1888; x_wconf 87' lang='lat' dir='ltr'><strong>ista,</strong></span> <span class='ocrx_word' id='word_1_86' title='bbox 968 1812 1022 1875; x_wconf 89' lang='lat' dir='ltr'><strong>sed</strong></span> <span class='ocrx_word' id='word_1_87' title='bbox 1050 1815 1175 1894; x_wconf 81' lang='lat' dir='ltr'><strong>proelio,</strong></span> 
     </span>
     <span class='ocr_line' id='line_1_13' title="bbox 159 1919 1174 2006; baseline 0.002 -20"><span class='ocrx_word' id='word_1_88' title='bbox 159 1941 215 1986; x_wconf 85' lang='lat' dir='ltr'><strong>nee</strong></span> <span class='ocrx_word' id='word_1_89' title='bbox 243 1921 395 1984; x_wconf 81' lang='lat' dir='ltr'><strong>debilitent</strong></span> <span class='ocrx_word' id='word_1_90' title='bbox 424 1927 473 1985; x_wconf 86' lang='lat' dir='ltr'><strong>aut</strong></span> <span class='ocrx_word' id='word_1_91' title='bbox 504 1919 643 2002; x_wconf 77' lang='lat' dir='ltr'><strong>frangant</strong></span> <span class='ocrx_word' id='word_1_92' title='bbox 665 1921 974 2000; x_wconf 80' lang='lat' dir='ltr'><strong>Christiaailidem,-</strong></span> <span class='ocrx_word' id='word_1_93' title='bbox 991 1925 1044 1986; x_wconf 85' lang='lat' dir='ltr'><strong>sed</strong></span> <span class='ocrx_word' id='word_1_94' title='bbox 1076 1927 1174 2006; x_wconf 86' lang='lat' dir='ltr'><strong>potius</strong></span> 
     </span>
     <span class='ocr_line' id='line_1_14' title="bbox 159 2033 1175 2111; baseline 0.002 -13"><span class='ocrx_word' id='word_1_95' title='bbox 159 2033 318 2098; x_wconf 84' lang='lat' dir='ltr'><strong>ostendant</strong></span> <span class='ocrx_word' id='word_1_96' title='bbox 342 2035 371 2094; x_wconf 89' lang='lat' dir='ltr'><strong>in</strong></span> <span class='ocrx_word' id='word_1_97' title='bbox 396 2034 615 2096; x_wconf 78' lang='lat' dir='ltr'><strong>coniectatione</strong></span> <span class='ocrx_word' id='word_1_98' title='bbox 640 2035 788 2111; x_wconf 85' lang='lat' dir='ltr'><strong>virtutem,</strong></span> <span class='ocrx_word' id='word_1_99' title='bbox 813 2052 879 2096; x_wconf 85' lang='lat' dir='ltr'><strong>curn</strong></span> <span class='ocrx_word' id='word_1_100' title='bbox 903 2039 1120 2100; x_wconf 88' lang='lat' dir='ltr'><strong>contemnenda</strong></span> <span class='ocrx_word' id='word_1_101' title='bbox 1137 2039 1175 2100; x_wconf 89' lang='lat' dir='ltr'><strong>sit</strong></span> 
     </span>
    </p>
   </div>
   <div class='ocr_carea' id='block_1_5' title="bbox 158 2147 1286 2238">
    <p class='ocr_par' dir='ltr' id='par_1_6' title="bbox 158 2147 1286 2238">
     <span class='ocr_line' id='line_1_15' title="bbox 158 2147 1286 2238; baseline 0.004 -28"><span class='ocrx_word' id='word_1_102' title='bbox 158 2149 253 2211; x_wconf 87' lang='lat' dir='ltr'><strong>omnis</strong></span> <span class='ocrx_word' id='word_1_103' title='bbox 277 2148 382 2210; x_wconf 83' lang='lat' dir='ltr'><strong>iniuria</strong></span> <span class='ocrx_word' id='word_1_104' title='bbox 406 2147 549 2211; x_wconf 85' lang='lat' dir='ltr'><strong>malorum</strong></span> <span class='ocrx_word' id='word_1_105' title='bbox 572 2148 774 2228; x_wconf 84' lang='lat' dir='ltr'><strong>praesentium</strong></span> <span class='ocrx_word' id='word_1_106' title='bbox 798 2147 903 2211; x_wconf 85' lang='lat' dir='ltr'><strong>fiducia</strong></span> <span class='ocrx_word' id='word_1_107' title='bbox 929 2147 1093 2214; x_wconf 80' lang='lat' dir='ltr'><strong>futurorum</strong></span> <span class='ocrx_word' id='word_1_108' title='bbox 1117 2151 1177 2213; x_wconf 85' lang='lat' dir='ltr'><strong>bo·</strong></span> <span class='ocrx_word' id='word_1_109' title='bbox 1282 2234 1286 2238; x_wconf 83' lang='lat'>.</span> 
     </span>
    </p>
   </div>
   <div class='ocr_carea' id='block_1_6' title="bbox 159 2280 367 2296">
    <p class='ocr_par' dir='ltr' id='par_1_7' title="bbox 159 2280 367 2296">
     <span class='ocr_line' id='line_1_16' title="bbox 159 2280 367 2296; baseline -0.019 0"><span class='ocrx_word' id='word_1_110' title='bbox 159 2280 367 2296; x_wconf 58' lang='lat' dir='ltr'><strong>m—</strong></span> 
     </span>
    </p>
   </div>
   <div class='ocr_carea' id='block_1_7' title="bbox 147 2344 1177 2855">
    <p class='ocr_par' dir='ltr' id='par_1_8' title="bbox 147 2344 1177 2855">
     <span class='ocr_line' id='line_1_17' title="bbox 147 2344 1176 2424; baseline 0.002 -20"><span class='ocrx_word' id='word_1_111' title='bbox 147 2344 152 2350; x_wconf 65' lang='grc'><strong>’</strong></span> <span class='ocrx_word' id='word_1_112' title='bbox 229 2354 273 2421; x_wconf 79' lang='lat' dir='ltr'><strong>td)</strong></span> <span class='ocrx_word' id='word_1_113' title='bbox 299 2357 347 2408; x_wconf 79' lang='lat' dir='ltr'><strong>Sic</strong></span> <span class='ocrx_word' id='word_1_114' title='bbox 371 2365 395 2408; x_wconf 85' lang='lat' dir='ltr'><strong>et</strong></span> <span class='ocrx_word' id='word_1_115' title='bbox 421 2353 455 2408; x_wconf 82' lang='lat' dir='ltr'><strong>Ba</strong></span> <span class='ocrx_word' id='word_1_116' title='bbox 483 2371 505 2404; x_wconf 87' lang='lat' dir='ltr'><strong>c.</strong></span> <span class='ocrx_word' id='word_1_117' title='bbox 533 2353 573 2405; x_wconf 88' lang='lat' dir='ltr'><strong>ed.</strong></span> <span class='ocrx_word' id='word_1_118' title='bbox 600 2353 681 2418; x_wconf 58' lang='lat' dir='ltr'><strong>Dar„</strong></span> <span class='ocrx_word' id='word_1_119' title='bbox 711 2357 860 2424; x_wconf 81' lang='lat' dir='ltr'><strong>Hebrabem</strong></span> <span class='ocrx_word' id='word_1_120' title='bbox 885 2355 939 2418; x_wconf 78' lang='lat' dir='ltr'><strong>lde,</strong></span> <span class='ocrx_word' id='word_1_121' title='bbox 969 2357 1100 2408; x_wconf 82' lang='lat' dir='ltr'><strong>llcbroam</strong></span> <span class='ocrx_word' id='word_1_122' title='bbox 1128 2355 1176 2420; x_wconf 83' lang='lat' dir='ltr'><strong>illc,</strong></span> 
     </span>
     <span class='ocr_line' id='line_1_18' title="bbox 158 2437 1176 2511; baseline -0.002 -15"><span class='ocrx_word' id='word_1_123' title='bbox 158 2445 270 2496; x_wconf 76' lang='lat' dir='ltr'><strong>diruam</strong></span> <span class='ocrx_word' id='word_1_124' title='bbox 283 2442 313 2492; x_wconf 86' lang='grc' dir='ltr'><strong>Α.</strong></span> <span class='ocrx_word' id='word_1_125' title='bbox 342 2439 556 2493; x_wconf 77' lang='lat' dir='ltr'><strong>nictrtererbb</strong></span> <span class='ocrx_word' id='word_1_126' title='bbox 571 2444 793 2509; x_wconf 75' lang='lat' dir='ltr'><strong>domitroptacoa’t.</strong></span> <span class='ocrx_word' id='word_1_127' title='bbox 824 2437 884 2491; x_wconf 87' lang='lat' dir='ltr'><strong>&#39;lum</strong></span> <span class='ocrx_word' id='word_1_128' title='bbox 898 2445 959 2509; x_wconf 77' lang='lat' dir='ltr'><strong>quia</strong></span> <span class='ocrx_word' id='word_1_129' title='bbox 972 2456 1019 2509; x_wconf 84' lang='lat' dir='ltr'><strong>pro</strong></span> <span class='ocrx_word' id='word_1_130' title='bbox 1033 2449 1078 2511; x_wconf 77' lang='lat' dir='ltr'><strong>qai</strong></span> <span class='ocrx_word' id='word_1_131' title='bbox 1090 2445 1176 2510; x_wconf 84' lang='lat' dir='ltr'><strong>recepi</strong></span> 
     </span>
     <span class='ocr_line' id='line_1_19' title="bbox 157 2525 1177 2596; baseline 0.002 -17"><span class='ocrx_word' id='word_1_132' title='bbox 157 2543 188 2580; x_wconf 84' lang='lat' dir='ltr'><strong>er</strong></span> <span class='ocrx_word' id='word_1_133' title='bbox 207 2527 283 2578; x_wconf 84' lang='lat' dir='ltr'>codd.</span> <span class='ocrx_word' id='word_1_134' title='bbox 303 2526 338 2579; x_wconf 80' lang='lat' dir='ltr'><strong>Be</strong></span> <span class='ocrx_word' id='word_1_135' title='bbox 361 2536 387 2578; x_wconf 87' lang='lat' dir='ltr'><strong>ct</strong></span> <span class='ocrx_word' id='word_1_136' title='bbox 403 2527 454 2579; x_wconf 84' lang='lat' dir='ltr'><strong>lic.</strong></span> <span class='ocrx_word' id='word_1_137' title='bbox 492 2527 653 2580; x_wconf 74' lang='lat' dir='ltr'><strong>concordant</strong></span> <span class='ocrx_word' id='word_1_138' title='bbox 672 2527 730 2578; x_wconf 85' lang='lat' dir='ltr'><strong>odd.</strong></span> <span class='ocrx_word' id='word_1_139' title='bbox 751 2527 842 2578; x_wconf 85' lang='lat' dir='ltr'><strong>lleout.</strong></span> <span class='ocrx_word' id='word_1_140' title='bbox 862 2525 956 2579; x_wconf 87' lang='lat' dir='ltr'><strong>Pamel.</strong></span> <span class='ocrx_word' id='word_1_141' title='bbox 976 2527 1032 2596; x_wconf 77' lang='lat' dir='ltr'><strong>arg.</strong></span> <span class='ocrx_word' id='word_1_142' title='bbox 1053 2537 1078 2580; x_wconf 88' lang='lat' dir='ltr'><strong>et</strong></span> <span class='ocrx_word' id='word_1_143' title='bbox 1096 2528 1177 2582; x_wconf 82' lang='lat' dir='ltr'><strong>Oron.</strong></span> 
     </span>
     <span class='ocr_line' id='line_1_20' title="bbox 157 2613 1177 2686; baseline 0.002 -20"><span class='ocrx_word' id='word_1_144' title='bbox 157 2615 277 2666; x_wconf 82' lang='lat' dir='ltr'><strong>Neutrum</strong></span> <span class='ocrx_word' id='word_1_145' title='bbox 297 2615 375 2666; x_wconf 80' lang='lat' dir='ltr'><strong>babet</strong></span> <span class='ocrx_word' id='word_1_146' title='bbox 395 2613 491 2666; x_wconf 86' lang='lat' dir='ltr'><strong>llorell.</strong></span> <span class='ocrx_word' id='word_1_147' title='bbox 530 2615 587 2666; x_wconf 78' lang='lat' dir='ltr'><strong>Alio</strong></span> <span class='ocrx_word' id='word_1_148' title='bbox 612 2613 702 2667; x_wconf 88' lang='lat' dir='ltr'><strong>ordine</strong></span> <span class='ocrx_word' id='word_1_149' title='bbox 728 2615 850 2682; x_wconf 79' lang='lat' dir='ltr'><strong>deinceps</strong></span> <span class='ocrx_word' id='word_1_150' title='bbox 876 2615 968 2683; x_wconf 81' lang='lat' dir='ltr'><strong>legitur</strong></span> <span class='ocrx_word' id='word_1_151' title='bbox 993 2619 1039 2669; x_wconf 81' lang='lat' dir='ltr'><strong>deo</strong></span> <span class='ocrx_word' id='word_1_152' title='bbox 1062 2619 1177 2686; x_wconf 75' lang='lat' dir='ltr'><strong>placeret</strong></span> 
     </span>
     <span class='ocr_line' id='line_1_21' title="bbox 158 2697 1177 2769; baseline 0.004 -18"><span class='ocrx_word' id='word_1_153' title='bbox 158 2703 182 2752; x_wconf 90' lang='lat' dir='ltr'><strong>in</strong></span> <span class='ocrx_word' id='word_1_154' title='bbox 202 2701 270 2753; x_wconf 86' lang='lat' dir='ltr'><strong>libris</strong></span> <span class='ocrx_word' id='word_1_155' title='bbox 289 2710 349 2752; x_wconf 82' lang='lat' dir='ltr'><strong>ante</strong></span> <span class='ocrx_word' id='word_1_156' title='bbox 363 2700 454 2752; x_wconf 73' lang='lat' dir='ltr'><strong>Manui.</strong></span> <span class='ocrx_word' id='word_1_157' title='bbox 469 2701 550 2753; x_wconf 86' lang='lat' dir='ltr'><strong>editis.</strong></span> <span class='ocrx_word' id='word_1_158' title='bbox 587 2701 649 2752; x_wconf 88' lang='lat' dir='ltr'><strong>Voo.</strong></span> <span class='ocrx_word' id='word_1_159' title='bbox 667 2704 712 2754; x_wconf 83' lang='lat' dir='ltr'><strong>deo</strong></span> <span class='ocrx_word' id='word_1_160' title='bbox 732 2701 804 2752; x_wconf 85' lang='lat' dir='ltr'><strong>abest</strong></span> <span class='ocrx_word' id='word_1_161' title='bbox 822 2717 836 2750; x_wconf 81' lang='lat' dir='ltr'><strong>s</strong></span> <span class='ocrx_word' id='word_1_162' title='bbox 851 2697 886 2751; x_wconf 84' lang='lat' dir='ltr'><strong>ssb</strong></span> <span class='ocrx_word' id='word_1_163' title='bbox 907 2701 975 2752; x_wconf 78' lang='grc' dir='ltr'>οιΑ.</span> <span class='ocrx_word' id='word_1_164' title='bbox 1014 2699 1074 2752; x_wconf 84' lang='lat' dir='ltr'><strong>Tum</strong></span> <span class='ocrx_word' id='word_1_165' title='bbox 1092 2706 1177 2769; x_wconf 69' lang='lat' dir='ltr'><strong>fitium</strong></span> 
     </span>
     <span class='ocr_line' id='line_1_22' title="bbox 158 2778 1175 2855; baseline -0.001 -17"><span class='ocrx_word' id='word_1_166' title='bbox 158 2791 275 2840; x_wconf 83' lang='lat' dir='ltr'><strong>amittere</strong></span> <span class='ocrx_word' id='word_1_167' title='bbox 293 2786 382 2837; x_wconf 79' lang='lat' dir='ltr'><strong>scribit</strong></span> <span class='ocrx_word' id='word_1_168' title='bbox 400 2785 437 2836; x_wconf 89' lang='lat' dir='ltr'><strong>Bb</strong></span> <span class='ocrx_word' id='word_1_169' title='bbox 459 2802 567 2854; x_wconf 85' lang='lat' dir='ltr'>moxque</span> <span class='ocrx_word' id='word_1_170' title='bbox 586 2778 643 2855; x_wconf 61' lang='lat' dir='ltr'><strong>oeci</strong></span> <span class='ocrx_word' id='word_1_171' title='bbox 660 2789 830 2852; x_wconf 74' lang='lat' dir='ltr'><strong>patricidium</strong></span> <span class='ocrx_word' id='word_1_172' title='bbox 848 2787 878 2836; x_wconf 83' lang='grc' dir='ltr'><strong>Α.</strong></span> <span class='ocrx_word' id='word_1_173' title='bbox 915 2783 963 2836; x_wconf 89' lang='lat' dir='ltr'><strong>Pro</strong></span> <span class='ocrx_word' id='word_1_174' title='bbox 983 2792 1118 2840; x_wconf 72' lang='lat' dir='ltr'><strong>recassavit</strong></span> <span class='ocrx_word' id='word_1_175' title='bbox 1138 2786 1175 2837; x_wconf 87' lang='lat' dir='ltr'><strong>lle</strong></span> 
     </span>
    </p>
   </div>
   <div class='ocr_carea' id='block_1_8' title="bbox 159 2870 1292 2938">
    <p class='ocr_par' dir='ltr' id='par_1_9' title="bbox 159 2870 1292 2938">
     <span class='ocr_line' id='line_1_23' title="bbox 159 2870 1292 2938; baseline 0.002 -18"><span class='ocrx_word' id='word_1_176' title='bbox 159 2871 236 2922; x_wconf 83' lang='lat' dir='ltr'><strong>hebet</strong></span> <span class='ocrx_word' id='word_1_177' title='bbox 252 2876 413 2924; x_wconf 71' lang='lat' dir='ltr'><strong>recassavit.</strong></span> <span class='ocrx_word' id='word_1_178' title='bbox 451 2871 489 2923; x_wconf 85' lang='lat' dir='ltr'><strong>Da</strong></span> <span class='ocrx_word' id='word_1_179' title='bbox 508 2887 557 2938; x_wconf 85' lang='lat' dir='ltr'><strong>qua</strong></span> <span class='ocrx_word' id='word_1_180' title='bbox 577 2873 700 2936; x_wconf 84' lang='lat' dir='ltr'><strong>scriptura</strong></span> <span class='ocrx_word' id='word_1_181' title='bbox 720 2871 772 2919; x_wconf 88' lang='lat' dir='ltr'><strong>vid.</strong></span> <span class='ocrx_word' id='word_1_182' title='bbox 793 2886 857 2937; x_wconf 83' lang='lat' dir='ltr'><strong>quae</strong></span> <span class='ocrx_word' id='word_1_183' title='bbox 877 2871 996 2922; x_wconf 74' lang='lat' dir='ltr'><strong>adnotavi</strong></span> <span class='ocrx_word' id='word_1_184' title='bbox 1014 2870 1046 2920; x_wconf 88' lang='lat' dir='ltr'><strong>ad</strong></span> <span class='ocrx_word' id='word_1_185' title='bbox 1059 2871 1176 2924; x_wconf 77' lang='lat' dir='ltr'><strong>Ambros.</strong></span> <span class='ocrx_word' id='word_1_186' title='bbox 1289 2876 1292 2880; x_wconf 81' lang='grc'>’</span> 
     </span>
    </p>
   </div>
   <div class='ocr_carea' id='block_1_9' title="bbox 158 2953 1178 3109">
    <p class='ocr_par' dir='ltr' id='par_1_10' title="bbox 158 2953 1178 3109">
     <span class='ocr_line' id='line_1_24' title="bbox 158 2953 1178 3022; baseline -0.001 -14"><span class='ocrx_word' id='word_1_187' title='bbox 158 2957 191 3008; x_wconf 84' lang='lat' dir='ltr'><strong>de</strong></span> <span class='ocrx_word' id='word_1_188' title='bbox 210 2956 277 3007; x_wconf 83' lang='lat' dir='ltr'><strong>offic.</strong></span> <span class='ocrx_word' id='word_1_189' title='bbox 297 2953 315 3006; x_wconf 93' lang='grc' dir='ltr'><strong>Ι.</strong></span> <span class='ocrx_word' id='word_1_190' title='bbox 336 2955 377 3007; x_wconf 85' lang='grc'><strong>29.</strong></span> <span class='ocrx_word' id='word_1_191' title='bbox 399 2959 422 3021; x_wconf 76' lang='grc' dir='ltr'><strong>ς,</strong></span> <span class='ocrx_word' id='word_1_192' title='bbox 446 2957 509 3020; x_wconf 74' lang='lat'><strong>142,</strong></span> <span class='ocrx_word' id='word_1_193' title='bbox 528 2957 553 3008; x_wconf 81' lang='lat'><strong>2.</strong></span> <span class='ocrx_word' id='word_1_194' title='bbox 600 2956 644 3018; x_wconf 84' lang='grc'><strong>11)</strong></span> <span class='ocrx_word' id='word_1_195' title='bbox 671 2957 742 3022; x_wconf 75' lang='lat' dir='ltr'><strong>quod·</strong></span> <span class='ocrx_word' id='word_1_196' title='bbox 755 2971 792 3021; x_wconf 81' lang='lat' dir='ltr'><strong>pr.</strong></span> <span class='ocrx_word' id='word_1_197' title='bbox 811 2955 851 3006; x_wconf 87' lang='lat' dir='ltr'><strong>W.</strong></span> <span class='ocrx_word' id='word_1_198' title='bbox 888 2953 953 3004; x_wconf 88' lang='lat' dir='ltr'><strong>Dein</strong></span> <span class='ocrx_word' id='word_1_199' title='bbox 972 2958 1074 3009; x_wconf 77' lang='lat' dir='ltr'><strong>iuberis</strong></span> <span class='ocrx_word' id='word_1_200' title='bbox 1092 2955 1131 3008; x_wconf 85' lang='lat' dir='ltr'><strong>lla</strong></span> <span class='ocrx_word' id='word_1_201' title='bbox 1152 2965 1178 3007; x_wconf 85' lang='lat' dir='ltr'><strong>et</strong></span> 
     </span>
     <span class='ocr_line' id='line_1_25' title="bbox 158 3041 430 3109; baseline -0.004 -16"><span class='ocrx_word' id='word_1_202' title='bbox 158 3057 195 3109; x_wconf 78' lang='lat' dir='ltr'><strong>pr.</strong></span> <span class='ocrx_word' id='word_1_203' title='bbox 216 3041 257 3106; x_wconf 81' lang='lat' dir='ltr'><strong>W,</strong></span> <span class='ocrx_word' id='word_1_204' title='bbox 277 3045 382 3096; x_wconf 79' lang='lat' dir='ltr'><strong>tabem</strong></span> <span class='ocrx_word' id='word_1_205' title='bbox 400 3043 430 3092; x_wconf 82' lang='grc' dir='ltr'><strong>Α.</strong></span> 
     </span>
    </p>
   </div>
   <div class='ocr_carea' id='block_1_10' title="bbox 158 3139 1176 3316">
    <p class='ocr_par' dir='ltr' id='par_1_11' title="bbox 158 3139 1176 3316">
     <span class='ocr_line' id='line_1_26' title="bbox 229 3139 1176 3213; baseline 0.004 -19"><span class='ocrx_word' id='word_1_206' title='bbox 229 3141 269 3196; x_wconf 84' lang='grc' dir='ltr'><strong>ΙΧ.</strong></span> <span class='ocrx_word' id='word_1_207' title='bbox 309 3145 335 3210; x_wconf 89' lang='grc'><strong>1)</strong></span> <span class='ocrx_word' id='word_1_208' title='bbox 360 3149 450 3211; x_wconf 73' lang='lat' dir='ltr'><strong>fecere</strong></span> <span class='ocrx_word' id='word_1_209' title='bbox 471 3139 597 3212; x_wconf 56' lang='lat' dir='ltr'><strong>&#39;caratam</strong></span> <span class='ocrx_word' id='word_1_210' title='bbox 622 3141 680 3194; x_wconf 89' lang='lat' dir='ltr'>edd.</span> <span class='ocrx_word' id='word_1_211' title='bbox 704 3150 766 3196; x_wconf 82' lang='lat' dir='ltr'><strong>vett.</strong></span> <span class='ocrx_word' id='word_1_212' title='bbox 804 3145 858 3195; x_wconf 89' lang='lat' dir='ltr'><strong>Vox</strong></span> <span class='ocrx_word' id='word_1_213' title='bbox 883 3148 924 3198; x_wconf 82' lang='lat' dir='ltr'><strong>dei</strong></span> <span class='ocrx_word' id='word_1_214' title='bbox 948 3147 1120 3213; x_wconf 83' lang='lat' dir='ltr'><strong>superscripta</strong></span> <span class='ocrx_word' id='word_1_215' title='bbox 1145 3146 1176 3198; x_wconf 86' lang='lat' dir='ltr'><strong>eb</strong></span> 
     </span>
     <span class='ocr_line' id='line_1_27' title="bbox 158 3231 1175 3316; baseline -0.002 -14"><span class='ocrx_word' id='word_1_216' title='bbox 158 3268 177 3303; x_wconf 87' lang='lat' dir='ltr'><strong>r.</strong></span> <span class='ocrx_word' id='word_1_217' title='bbox 204 3269 235 3303; x_wconf 89' lang='lat' dir='ltr'><strong>m.</strong></span> <span class='ocrx_word' id='word_1_218' title='bbox 265 3253 289 3301; x_wconf 90' lang='lat' dir='ltr'><strong>in</strong></span> <span class='ocrx_word' id='word_1_219' title='bbox 317 3249 355 3301; x_wconf 84' lang='lat' dir='ltr'><strong>illc</strong></span> <span class='ocrx_word' id='word_1_220' title='bbox 382 3248 525 3316; x_wconf 81' lang='lat' dir='ltr'>ibidemque</span> <span class='ocrx_word' id='word_1_221' title='bbox 554 3256 695 3300; x_wconf 75' lang='lat' dir='ltr'><strong>conectam</strong></span> <span class='ocrx_word' id='word_1_222' title='bbox 723 3252 794 3304; x_wconf 82' lang='lat' dir='ltr'>debet</span> <span class='ocrx_word' id='word_1_223' title='bbox 820 3263 894 3313; x_wconf 86' lang='lat' dir='ltr'><strong>supra</strong></span> <span class='ocrx_word' id='word_1_224' title='bbox 921 3231 948 3302; x_wconf 71' lang='lat' dir='ltr'><strong>it</strong></span> <span class='ocrx_word' id='word_1_225' title='bbox 976 3249 1004 3312; x_wconf 80' lang='lat' dir='ltr'><strong>(i.</strong></span> <span class='ocrx_word' id='word_1_226' title='bbox 1030 3263 1053 3298; x_wconf 86' lang='lat' dir='ltr'><strong>e.</strong></span> <span class='ocrx_word' id='word_1_227' title='bbox 1079 3250 1175 3315; x_wconf 66' lang='lat' dir='ltr'><strong>iaia).</strong></span> 
     </span>
    </p>
   </div>
   <div class='ocr_carea' id='block_1_11' title="bbox 158 3334 1293 3404">
    <p class='ocr_par' dir='ltr' id='par_1_12' title="bbox 158 3334 1293 3404">
     <span class='ocr_line' id='line_1_28' title="bbox 158 3334 1293 3404; baseline 0.002 -16"><span class='ocrx_word' id='word_1_228' title='bbox 158 3338 187 3402; x_wconf 79' lang='lat'><strong>2)</strong></span> <span class='ocrx_word' id='word_1_229' title='bbox 207 3341 254 3390; x_wconf 80' lang='lat' dir='ltr'><strong>Sic</strong></span> <span class='ocrx_word' id='word_1_230' title='bbox 273 3337 350 3404; x_wconf 86' lang='lat' dir='ltr'><strong>idque</strong></span> <span class='ocrx_word' id='word_1_231' title='bbox 370 3334 394 3386; x_wconf 88' lang='lat' dir='ltr'><strong>h.</strong></span> <span class='ocrx_word' id='word_1_232' title='bbox 415 3334 430 3384; x_wconf 90' lang='grc' dir='ltr'><strong>Ι.</strong></span> <span class='ocrx_word' id='word_1_233' title='bbox 452 3337 596 3386; x_wconf 82' lang='lat' dir='ltr'><strong>constanter</strong></span> <span class='ocrx_word' id='word_1_234' title='bbox 615 3336 646 3400; x_wconf 77' lang='lat' dir='ltr'><strong>A,</strong></span> <span class='ocrx_word' id='word_1_235' title='bbox 668 3337 710 3404; x_wconf 86' lang='lat' dir='ltr'><strong>qui</strong></span> <span class='ocrx_word' id='word_1_236' title='bbox 729 3351 753 3386; x_wconf 83' lang='lat' dir='ltr'><strong>v.</strong></span> <span class='ocrx_word' id='word_1_237' title='bbox 774 3338 834 3388; x_wconf 82' lang='lat' dir='ltr'><strong>licet</strong></span> <span class='ocrx_word' id='word_1_238' title='bbox 852 3349 902 3384; x_wconf 87' lang='lat' dir='ltr'><strong>orn.</strong></span> <span class='ocrx_word' id='word_1_239' title='bbox 940 3334 1017 3386; x_wconf 84' lang='lat' dir='ltr'><strong>Voce.</strong></span> <span class='ocrx_word' id='word_1_240' title='bbox 1037 3339 1067 3388; x_wconf 83' lang='lat' dir='ltr'><strong>de</strong></span> <span class='ocrx_word' id='word_1_241' title='bbox 1085 3339 1177 3390; x_wconf 65' lang='lat' dir='ltr'><strong>teberto</strong></span> <span class='ocrx_word' id='word_1_242' title='bbox 1291 3341 1293 3346; x_wconf 59' lang='lat'>‘</span> 
     </span>
    </p>
   </div>
   <div class='ocr_carea' id='block_1_12' title="bbox 159 3421 1177 3748">
    <p class='ocr_par' dir='ltr' id='par_1_13' title="bbox 159 3421 1177 3748">
     <span class='ocr_line' id='line_1_29' title="bbox 159 3421 1177 3489; baseline -0.003 -14"><span class='ocrx_word' id='word_1_243' title='bbox 159 3425 249 3475; x_wconf 85' lang='lat' dir='ltr'><strong>absunt</strong></span> <span class='ocrx_word' id='word_1_244' title='bbox 273 3424 304 3473; x_wconf 83' lang='lat' dir='ltr'><strong>eb</strong></span> <span class='ocrx_word' id='word_1_245' title='bbox 325 3423 354 3473; x_wconf 86' lang='grc' dir='ltr'><strong>Α.</strong></span> <span class='ocrx_word' id='word_1_246' title='bbox 392 3421 452 3473; x_wconf 85' lang='lat' dir='ltr'><strong>Turn</strong></span> <span class='ocrx_word' id='word_1_247' title='bbox 478 3425 661 3476; x_wconf 77' lang='lat' dir='ltr'><strong>excidentilea</strong></span> <span class='ocrx_word' id='word_1_248' title='bbox 685 3421 762 3472; x_wconf 87' lang='lat' dir='ltr'><strong>babet</strong></span> <span class='ocrx_word' id='word_1_249' title='bbox 782 3421 816 3472; x_wconf 81' lang='lat' dir='ltr'><strong>ssb</strong></span> <span class='ocrx_word' id='word_1_250' title='bbox 842 3423 954 3489; x_wconf 84' lang='lat' dir='ltr'><strong>itemque</strong></span> <span class='ocrx_word' id='word_1_251' title='bbox 979 3436 1016 3488; x_wconf 84' lang='lat' dir='ltr'><strong>pr.</strong></span> <span class='ocrx_word' id='word_1_252' title='bbox 1041 3421 1177 3489; x_wconf 75' lang='lat' dir='ltr'><strong>legebatur</strong></span> 
     </span>
     <span class='ocr_line' id='line_1_30' title="bbox 159 3507 1177 3577; baseline 0 -17"><span class='ocrx_word' id='word_1_253' title='bbox 159 3514 183 3561; x_wconf 84' lang='lat' dir='ltr'><strong>in</strong></span> <span class='ocrx_word' id='word_1_254' title='bbox 204 3509 252 3561; x_wconf 88' lang='lat' dir='ltr'><strong>llb.</strong></span> <span class='ocrx_word' id='word_1_255' title='bbox 289 3509 344 3559; x_wconf 85' lang='lat' dir='ltr'><strong>Vox</strong></span> <span class='ocrx_word' id='word_1_256' title='bbox 364 3512 468 3562; x_wconf 81' lang='lat' dir='ltr'><strong>acoleia</strong></span> <span class='ocrx_word' id='word_1_257' title='bbox 494 3509 631 3574; x_wconf 72' lang='lat' dir='ltr'><strong>(abbateio</strong></span> <span class='ocrx_word' id='word_1_258' title='bbox 656 3507 814 3577; x_wconf 23' lang='lat' dir='ltr'><strong>scribit-lla)</strong></span> <span class='ocrx_word' id='word_1_259' title='bbox 840 3523 872 3557; x_wconf 81' lang='lat' dir='ltr'><strong>ax</strong></span> <span class='ocrx_word' id='word_1_260' title='bbox 896 3510 1008 3562; x_wconf 67' lang='lat' dir='ltr'><strong>amissio</strong></span> <span class='ocrx_word' id='word_1_261' title='bbox 1033 3516 1177 3560; x_wconf 85' lang='lat' dir='ltr'><strong>correctum</strong></span> 
     </span>
     <span class='ocr_line' id='line_1_31' title="bbox 159 3592 1175 3664; baseline -0.003 -16"><span class='ocrx_word' id='word_1_262' title='bbox 159 3606 198 3648; x_wconf 84' lang='lat' dir='ltr'><strong>est</strong></span> <span class='ocrx_word' id='word_1_263' title='bbox 219 3600 242 3647; x_wconf 89' lang='lat' dir='ltr'><strong>in</strong></span> <span class='ocrx_word' id='word_1_264' title='bbox 265 3595 308 3648; x_wconf 87' lang='lat' dir='ltr'><strong>Bb.</strong></span> <span class='ocrx_word' id='word_1_265' title='bbox 346 3598 511 3664; x_wconf 75' lang='lat' dir='ltr'><strong>Offendicula</strong></span> <span class='ocrx_word' id='word_1_266' title='bbox 530 3608 575 3660; x_wconf 88' lang='lat' dir='ltr'><strong>pro</strong></span> <span class='ocrx_word' id='word_1_267' title='bbox 594 3597 722 3647; x_wconf 79' lang='lat' dir='ltr'><strong>scandala</strong></span> <span class='ocrx_word' id='word_1_268' title='bbox 741 3592 844 3644; x_wconf 81' lang='lat' dir='ltr'><strong>exbibet</strong></span> <span class='ocrx_word' id='word_1_269' title='bbox 864 3592 917 3653; x_wconf 82' lang='lat' dir='ltr'><strong>blo,</strong></span> <span class='ocrx_word' id='word_1_270' title='bbox 941 3594 964 3642; x_wconf 87' lang='lat' dir='ltr'><strong>ib</strong></span> <span class='ocrx_word' id='word_1_271' title='bbox 984 3597 1055 3644; x_wconf 85' lang='lat' dir='ltr'><strong>cuius</strong></span> <span class='ocrx_word' id='word_1_272' title='bbox 1075 3609 1124 3661; x_wconf 82' lang='lat' dir='ltr'><strong>mg.</strong></span> <span class='ocrx_word' id='word_1_273' title='bbox 1144 3595 1175 3644; x_wconf 89' lang='lat' dir='ltr'><strong>ab</strong></span> 
     </span>
     <span class='ocr_line' id='line_1_32' title="bbox 159 3677 1177 3748; baseline -0.006 -13"><span class='ocrx_word' id='word_1_274' title='bbox 159 3701 177 3735; x_wconf 84' lang='lat' dir='ltr'><strong>r.</strong></span> <span class='ocrx_word' id='word_1_275' title='bbox 200 3701 232 3734; x_wconf 83' lang='lat' dir='ltr'><strong>m.</strong></span> <span class='ocrx_word' id='word_1_276' title='bbox 257 3691 295 3732; x_wconf 83' lang='lat' dir='ltr'><strong>est</strong></span> <span class='ocrx_word' id='word_1_277' title='bbox 320 3681 368 3748; x_wconf 82' lang='lat' dir='ltr'><strong>„el</strong></span> <span class='ocrx_word' id='word_1_278' title='bbox 388 3682 542 3744; x_wconf 78' lang='lat' dir='ltr'><strong>cecrtdela“‚</strong></span> <span class='ocrx_word' id='word_1_279' title='bbox 569 3687 594 3731; x_wconf 88' lang='lat' dir='ltr'><strong>et</strong></span> <span class='ocrx_word' id='word_1_280' title='bbox 620 3679 750 3746; x_wconf 83' lang='lat' dir='ltr'><strong>exemplar</strong></span> <span class='ocrx_word' id='word_1_281' title='bbox 770 3677 866 3730; x_wconf 84' lang='lat' dir='ltr'><strong>llorell.</strong></span> <span class='ocrx_word' id='word_1_282' title='bbox 902 3677 1018 3729; x_wconf 81' lang='lat' dir='ltr'><strong>Proxime</strong></span> <span class='ocrx_word' id='word_1_283' title='bbox 1042 3683 1177 3734; x_wconf 74' lang='lat' dir='ltr'><strong>debilitant</strong></span> 
     </span>
    </p>
   </div>
   <div class='ocr_carea' id='block_1_13' title="bbox 159 3753 1323 3839">
    <p class='ocr_par' dir='ltr' id='par_1_14' title="bbox 159 3753 1323 3839">
     <span class='ocr_line' id='line_1_33' title="bbox 159 3753 1323 3839; baseline -0.009 -15"><span class='ocrx_word' id='word_1_284' title='bbox 159 3781 205 3824; x_wconf 76' lang='lat' dir='ltr'><strong>oret</strong></span> <span class='ocrx_word' id='word_1_285' title='bbox 221 3775 349 3839; x_wconf 66' lang='lat' dir='ltr'><strong>fornoum</strong></span> <span class='ocrx_word' id='word_1_286' title='bbox 369 3769 398 3818; x_wconf 84' lang='grc' dir='ltr'><strong>Α.</strong></span> <span class='ocrx_word' id='word_1_287' title='bbox 437 3771 587 3822; x_wconf 69' lang='lat' dir='ltr'><strong>vertebant</strong></span> <span class='ocrx_word' id='word_1_288' title='bbox 603 3771 688 3835; x_wconf 65' lang='lat' dir='ltr'><strong>Mem,</strong></span> <span class='ocrx_word' id='word_1_289' title='bbox 707 3763 909 3833; x_wconf 87' lang='lat' dir='ltr'><strong>quodllouthius</strong></span> <span class='ocrx_word' id='word_1_290' title='bbox 929 3766 1034 3816; x_wconf 82' lang='lat' dir='ltr'><strong>mutavit</strong></span> <span class='ocrx_word' id='word_1_291' title='bbox 1053 3767 1175 3818; x_wconf 71' lang='lat' dir='ltr'><strong>incitat·</strong></span> <span class='ocrx_word' id='word_1_292' title='bbox 1278 3753 1280 3758; x_wconf 44' lang='lat'><strong>¹</strong></span> <span class='ocrx_word' id='word_1_293' title='bbox 1319 3753 1323 3764; x_wconf 65' lang='lat'><strong><em>⁴</em></strong></span> 
     </span>
    </p>
   </div>
   <div class='ocr_carea' id='block_1_14' title="bbox 158 3850 1176 4024">
    <p class='ocr_par' dir='ltr' id='par_1_15' title="bbox 158 3850 1176 4024">
     <span class='ocr_line' id='line_1_34' title="bbox 158 3850 1174 3926; baseline -0.011 -16"><span class='ocrx_word' id='word_1_294' title='bbox 158 3862 275 3911; x_wconf 78' lang='lat' dir='ltr'><strong>ctionem</strong></span> <span class='ocrx_word' id='word_1_295' title='bbox 292 3859 383 3926; x_wconf 72' lang='lat' dir='ltr'>fidem,</span> <span class='ocrx_word' id='word_1_296' title='bbox 412 3861 515 3905; x_wconf 83' lang='lat' dir='ltr'><strong>tuentur</strong></span> <span class='ocrx_word' id='word_1_297' title='bbox 534 3855 583 3914; x_wconf 79' lang='lat' dir='ltr'><strong>mei</strong></span> <span class='ocrx_word' id='word_1_298' title='bbox 603 3851 677 3903; x_wconf 86' lang='lat' dir='ltr'><strong>codd.</strong></span> <span class='ocrx_word' id='word_1_299' title='bbox 697 3867 793 3902; x_wconf 82' lang='lat' dir='ltr'><strong>onroes.</strong></span> <span class='ocrx_word' id='word_1_300' title='bbox 832 3850 888 3901; x_wconf 84' lang='lat' dir='ltr'><strong>llox</strong></span> <span class='ocrx_word' id='word_1_301' title='bbox 906 3854 1109 3920; x_wconf 76' lang='lat' dir='ltr'><strong>contempnenda</strong></span> <span class='ocrx_word' id='word_1_302' title='bbox 1126 3850 1174 3900; x_wconf 93' lang='lat' dir='ltr'><strong>ba-</strong></span> 
     </span>
     <span class='ocr_line' id='line_1_35' title="bbox 161 3931 1176 4024; baseline -0.003 -14"><span class='ocrx_word' id='word_1_303' title='bbox 161 3958 471 4012; x_wconf 67' lang='lat' dir='ltr'><strong>tenebresceret.</strong></span> <span class='ocrx_word' id='word_1_304' title='bbox 493 3957 568 4008; x_wconf 57' lang='lat' dir='ltr'><strong>bava</strong></span> <span class='ocrx_word' id='word_1_305' title='bbox 592 3955 654 4006; x_wconf 85' lang='lat' dir='ltr'><strong>Tum</strong></span> <span class='ocrx_word' id='word_1_306' title='bbox 673 3931 716 3982; x_wconf 65' lang='lat'><strong>¹¹⁷⁰</strong></span> <span class='ocrx_word' id='word_1_307' title='bbox 733 3956 832 4022; x_wconf 65' lang='lat' dir='ltr'><strong>Mucia</strong></span> <span class='ocrx_word' id='word_1_308' title='bbox 857 3955 918 4022; x_wconf 79' lang='lat' dir='ltr'><strong>[pro</strong></span> <span class='ocrx_word' id='word_1_309' title='bbox 942 3951 973 4004; x_wconf 87' lang='lat' dir='ltr'><strong>ab</strong></span> <span class='ocrx_word' id='word_1_310' title='bbox 998 3968 1018 4004; x_wconf 92' lang='lat' dir='ltr'><strong>r.</strong></span> <span class='ocrx_word' id='word_1_311' title='bbox 1044 3969 1075 4004; x_wconf 84' lang='grc' dir='ltr'><strong>ιιι.</strong></span> <span class='ocrx_word' id='word_1_312' title='bbox 1100 3967 1176 4024; x_wconf 82' lang='lat' dir='ltr'><strong>cupra</strong></span> 
     </span>
    </p>
   </div>
   <div class='ocr_carea' id='block_1_15' title="bbox 0 0 1459 4692">
    <p class='ocr_par' dir='ltr' id='par_1_16' title="bbox 0 0 1459 4692">
     <span class='ocr_line' id='line_1_36' title="bbox 0 0 1459 4692; baseline 0 0"><span class='ocrx_word' id='word_1_313' title='bbox 0 0 1459 4692; x_wconf 95' lang='lat' dir='ltr'><strong> </strong></span> 
     </span>
    </p>
   </div>
  </div>
 </body>
</html>
