2834 4686
616 396 675 460 261

123 551 249 613 tientia.
294 549 331 612 Et
353 556 421 633 post
443 552 498 614 ista
517 547 543 629 ⁷)
566 551 662 614 adhuc
686 552 896 616 interfectores
919 573 1002 634 suos,
1028 556 1054 618 si
1078 573 1156 618 con-

138 663 221 724 versi
244 660 281 724 ad
305 681 372 724 eurn
397 664 552 742 venerint,
585 663 711 744 suscipit
739 668 769 725 et
797 666 936 745 patientia
969 668 1090 732 salutari
1120 670 1156 732 nd

138 774 376 852 conservandum
409 776 559 860 benignus
594 775 751 840 eeclesiam
788 794 872 840 suam
909 782 1019 844 nemini
1052 782 1155 848 cludit.

136 889 207 952 Illos
231 888 443 974 adversarios,
474 889 542 952 illos
572 888 780 972 blasphemos,
813 891 880 954 illos
910 895 1036 958 norninis
1066 898 1112 958 sui
1128 891 1157 974 ⁸)

137 1021 257 1085 semper
279 1003 426 1090 inimicos,
449 1003 475 1065 si
490 1003 703 1084 paenitentiam
717 1003 816 1066 delicti
833 1013 931 1086 agant,
955 1007 981 1069 si
996 1007 1155 1090 adinissum

137 1118 251 1184 lacinus
274 1118 479 1201 adgnoscent,
512 1135 574 1180 nou
596 1118 691 1181 solum
715 1118 751 1180 ad
775 1119 987 1202 indulgentiam
1015 1122 1155 1202 oriminis,

136 1219 190 1296 sed
221 1231 257 1294 ad
289 1234 451 1314 praemium
482 1233 571 1314 regni
604 1233 742 1296 caelestis
774 1233 905 1296 admittit.
952 1235 1028 1310 Ouid
1057 1243 1156 1318 potest

135 1344 312 1426 patientius,
345 1343 415 1423 quid
439 1343 599 1426 benignius
623 1343 709 1405 dici?
754 1343 925 1426 vivificatur
948 1347 1056 1412 Christi
1073 1368 1155 1412 san-

134 1456 225 1540 guine
259 1457 346 1519 etium
363 1451 391 1532 ⁹)
425 1458 475 1538 qui
510 1455 586 1519 ludit
618 1458 793 1541 sanguinem
829 1457 945 1525 Christi.
999 1463 1077 1526 Talis
1107 1472 1155 1526 est

135 1570 243 1634 Christi
263 1565 300 1648 ¹⁰)
324 1588 360 1632 ac
385 1578 462 1634 tanta
486 1572 643 1654 patientia,
665 1590 743 1652 quae
767 1573 824 1634 nisi
846 1579 925 1636 tantu
948 1593 982 1638 ac
1006 1555 1071 1640 talis
1095 1597 1154 1640 ex-.

134 1684 283 1762 sisteret5
304 1683 569 1764 Paulumnunque
593 1683 761 1765 apostolum
784 1683 912 1748 ecclesia
937 1705 997 1749 non
1020 1687 1155 1772 haberet,

206 1879 235 1942 7]
256 1879 358 1930 Addidit
370 1878 496 1935 Parnolius
515 1894 530 1930 e
548 1886 667 1946 quattuor
685 1896 745 1931 urse.
764 1884 852 1934 omnia
871 1897 980 1950 eumque
999 1886 1078 1934 secuti
1095 1895 1152 1936 aunt
1200 1951 1202 1954 Ι
1229 1883 1236 1896 ’

135 1966 247 2018 editores
271 1967 436 2032 posteriores.
471 1965 522 2017 Sed
542 1965 617 2017 codd.
638 1965 675 2018 W.
698 1965 778 2018 hlacd.
798 1966 851 2018 Bab
871 1977 896 2020 et
914 1969 935 2018 Α
954 1969 1151 2022 additamentum

133 2053 198 2105 istud
218 2054 268 2104 rite
286 2055 412 2104 omittunt.
449 2051 533 2114 Quare
551 2055 669 2120 expunxi.
708 2053 806 2105 Deinde
825 2058 858 2107 od
876 2059 953 2108 denar
966 2057 998 2121 Α,
1017 2066 1068 2110 tam
1086 2063 1151 2126 fae-

132 2146 186 2194 rint
217 2158 263 2208 pro
293 2145 415 2195 venerint
444 2140 500 2191 edd.
532 2141 697 2192 llenutianaxn
729 2143 911 2219 antecedentes
942 2152 967 2194 et
996 2144 1149 2198 llorelliaun.

133 2227 221 2280 Statim
240 2231 358 2282 saltaturi
373 2231 500 2299 patientie
518 2228 550 2291 Α,
568 2232 694 2298 patieutie
712 2247 764 2282 eun
783 2234 901 2284 solutori
919 2232 977 2283 edd.
996 2217 1071 2299 'vettp
1090 2236 1149 2285 item

132 2317 230 2369 Erum.
251 2314 325 2368 Grau.
344 2324 369 2366 et
388 2308 486 2366 ldorell.
523 2315 584 2366 Τιιι
609 2319 644 2370 ed
667 2319 863 2371 coacervandae
887 2321 1010 2388 lenignoe
1032 2318 1151 2373 exhibent

132 2403 170 2456 Bb
189 2411 215 2456 et
229 2402 269 2454 lld
288 2409 440 2469 veteresque
459 2400 516 2452 libri
535 2402 606 2465 edint,
625 2406 658 2455 od
678 2405 875 2457 eoneereandoe
892 2407 1019 2473 lacunae
1031 2403 1151 2458 Erasmus

133 2500 160 2544 et
177 2489 291 2543 Gravius.
329 2490 487 2540 Adiecerunt
506 2488 598 2552 iidem,
618 2487 743 2540 anelius
762 2497 788 2540 et
807 2487 921 2542 Beluaiue
939 2499 964 2542 et
980 2494 1084 2560 patiens
1102 2507 1148 2542 rc·
1233 2493 1235 2498 '

130 2576 299 2647 pugnantibus
318 2575 392 2626 codd.
408 2574 465 2626 Ver.
487 2573 526 2624 W.
548 2573 628 2626 Meloe.
648 2572 683 2624 Ba
703 2581 729 2626 et
748 2575 777 2624 Α.
815 2574 879 2625 Dein
898 2579 979 2630 cludit
998 2576 1037 2627 W.
1051 2575 1095 2628 Be.
1109 2577 1150 2628 lld

131 2673 158 2716 et
180 2682 194 2716 a
221 2681 253 2715 ιιι.
279 2662 409 2731 pr2llah,
437 2663 498 2714 item
518 2661 576 2712 edd.
597 2659 694 2712 Erasm.
716 2660 808 2712 Manet.
828 2661 923 2714 llorell.
945 2663 1038 2716 Parncl.
1058 2664 1150 2732 Rigalt.

132 2759 208 2818 ιῑςιιιι
228 2749 324 2812 exon,
350 2752 447 2802 claudit
467 2747 523 2798 dnh
543 2753 568 2812 (a
589 2765 609 2797 s.
629 2748 683 2812 ιιι),
695 2755 722 2798 et
740 2747 762 2798 Α
782 2766 804 2798 c.
825 2749 883 2801 edd.
903 2750 956 2800 rell.
1003 2751 1032 2818 8)
1050 2756 1151 2806 norne'm'

131 2854 182 2890 aun
200 2837 231 2892 h.
246 2899 252 2910 Ι
268 2819 346 2884 ΡιιιΙο
365 2841 424 2899 poet
442 2849 523 2886 auum
546 2848 592 2897 pro
612 2833 836 2894 cernissemus,
862 2843 912 2882 turn
931 2833 1101 2902 *adgnoscunt
1120 2837 1150 2886 W

131 2931 158 2973 et
176 2921 225 2984 tta,
247 2929 392 2990 cgnoeeont
410 2917 497 2984 volgo·
535 2915 574 2968 Cf.
595 2917 625 2967 ad
647 2915 737 2966 librum
757 2917 790 2966 de
809 2918 906 2968 mortni.
927 2935 953 2984 p.
975 2920 1032 2972 108.
1053 2931 1106 2972 not.
1125 2923 1149 2974 3.

131 3005 347 3072 Praepositionem
371 3011 429 3054 ente
453 3005 643 3068 indulgentiam
666 3016 703 3068 pr.
730 3003 847 3052 onrieeanr
874 3005 898 3052 in
925 3003 964 3054 llc
989 3021 1006 3054 r.
1031 3023 1063 3056 m.
1086 3009 1151 3058 inter

131 3095 175 3146 lin.
193 3091 328 3158 supplevit.
365 3089 426 3140 ron
443 3093 491 3142 aed
509 3087 553 3138 Bb.
574 3088 595 3140 a
615 3097 768 3156 veteresque
787 3087 845 3140 edd.
866 3105 888 3139 c.
903 3088 1000 3142 Ernem.
1016 3093 1150 3146 etlllorell.

131 3179 279 3248 particulam
298 3187 321 3231 et
340 3186 412 3228 recte
431 3193 481 3226 orn.
515 3175 570 3227 l'id.
589 3175 620 3226 ad
640 3175 733 3236 librum
752 3175 791 3227 de·
803 3176 921 3228 dominic.
941 3187 1004 3230 orat.
1026 3197 1081 3247 cap.
1097 3180 1149 3234 Vll.

131 3285 154 3320 ιι.
174 3269 199 3320 2.
238 3265 302 3318 Dein
322 3269 423 3318 admitti
441 3264 529 3314 eorihit
547 3263 591 3317 Bb.
638 3263 666 3329 9)
686 3273 711 3317 et
729 3263 765 3328 A,
792 3267 883 3332 effiedit
902 3265 959 3317 edd.
979 3273 1038 3316 note
1057 3266 1149 3320 lllanut.

132 3362 158 3406 et
176 3352 339 3415 llorelliene,
366 3354 467 3406 Christi
490 3355 647 3419 eorrgutnem
672 3350 702 3401 A:
752 3350 797 3416 tu)
824 3353 949 3406 Christue
970 3350 1009 3401 W.
1029 3353 1075 3404 tta.
1097 3351 1149 3405 Bab

131 3449 157 3492 et
181 3457 194 3491 a
220 3456 252 3490 m.
272 3455 308 3506 pr.
330 3437 385 3503 ub,
412 3453 425 3488 a
451 3453 503 3489 seo.
529 3445 611 3488 tamen
632 3438 741 3491 Christi.
778 3435 839 3487 l'um
866 3447 889 3490 et
913 3453 959 3504 pro
984 3456 1016 3492 no
1040 3440 1097 3491 cod.
1117 3441 1149 3506 Α,

131 3541 178 3594 pro
203 3544 235 3580 oc
260 3535 331 3580 tanta
356 3527 396 3577 llo
420 3535 520 3578 concta.
566 3524 631 3576 llnte
656 3533 729 3582 tanta
753 3522 790 3574 Ba
815 3522 916 3576 infercit
941 3527 1055 3580 Christo.
1093 3526 1149 3583 llox¹

130 3623 203 3666 tenta
218 3631 249 3666 cc
263 3616 328 3668 talia
342 3612 381 3664 W.
396 3612 461 3664 llcd.
477 3611 511 3664 Bb
526 3620 679 3680 veteresque
692 3610 750 3662 edd.
766 3626 788 3660 c.
802 3609 900 3662 Etanna.
914 3609 987 3662 Grdv.
1002 3620 1028 3664 et
1041 3612 1148 3676 llorell„

131 3710 202 3753 tanta
227 3709 251 3754 et
275 3703 338 3754 tolie
364 3700 429 3752 hlab.
450 3698 484 3750 Be
511 3706 537 3750 et
556 3698 594 3764 A,
622 3701 685 3752 tolie
710 3714 741 3752 oc
766 3705 839 3750 tanta
862 3697 920 3749 edd.
941 3697 1033 3749 Menut.
1052 3697 1147 3752 Parnel.

130 3786 223 3854 Rigalt.
243 3784 324 3840 Oxou.
345 3795 421 3856 atque
441 3786 525 3838 Balux.
561 3785 623 3838 Post
641 3787 754 3840 coelecta
772 3783 897 3834 Pactoliue
916 3799 930 3834 e
949 3785 1006 3836 cod.
1022 3783 1147 3838 Cambro-

131 3876 213 3941 censi,
233 3890 342 3942 quocum
361 3875 489 3943 conspirat
508 3873 559 3940 llh,
578 3872 675 3925 eddidit
693 3874 745 3936 dol,
764 3871 830 3939 qnod
849 3869 959 3941 glossam
978 3871 1085 3928 redolet.
