2834 4686
609 331 775 448 aas·

595 623 681 694 XXV.

177 805 184 818 ·
217 769 302 844 Quae
325 767 372 831 itta
397 767 453 830 erit
470 765 503 846 ¹),
526 766 633 830 iratres
658 754 811 847 carissimi,
835 770 1020 850 operantium
1042 771 1149 855 gioria,

129 902 216 966 quam
239 881 361 966 grandis
385 886 415 942 et
437 898 549 943 summa
572 880 699 956 taetitia,
727 899 793 942 cum
816 881 957 962 populum
980 901 1064 945 suum
1088 883 1148 947 do-

128 1000 225 1062 minns
248 997 384 1079 coeperit
406 1012 569 1058 recensere
593 1000 623 1056 et
645 995 757 1062 meritis
774 1001 862 1076 atque
879 994 1021 1077 operibus
1036 998 1147 1060 nostris

13 1139 15 1146 >
127 1111 259 1196 praemia
282 1111 428 1192 promissa
452 1109 647 1172 contribuens
669 1127 725 1190 pro
748 1110 877 1170 terrenis
901 1109 1057 1188 caelestia,
1091 1129 1147 1193 pro

13 1277 16 1308 ,
128 1225 341 1307 temporalibus
371 1223 569 1304 sempiterna,
605 1239 660 1303 pro
691 1220 816 1285 modicis
847 1240 952 1304 magna
982 1230 1147 1305 praestare,

128 1338 240 1403 offerre
271 1354 328 1400 nos
360 1336 452 1416 patri,
487 1337 535 1398 cui
566 1353 621 1398 nos
654 1353 708 1397 sua
742 1335 977 1398 sanctificatione
1008 1338 1146 1415 restituit,

127 1450 329 1512 aeternitatem
354 1446 441 1510 nobis
465 1445 761 1527 inmortalitatemque
783 1447 896 1528 largiri,
920 1446 1065 1529 adquam
1089 1469 1145 1514 nos

126 1561 280 1645 sanguinis
302 1562 350 1624 sui
373 1559 573 1639 vivificatione
594 1561 754 1641 reparavit,
779 1559 959 1623 reducesad
975 1563 1144 1643 paradisum

12 1733 15 1760 ,
127 1677 225 1740 denuo
249 1674 360 1753 iacere,
384 1694 478 1758 regna
503 1674 655 1738 caelorum
679 1674 738 1736 fide
762 1681 792 1737 et
815 1676 942 1738 veritate
964 1694 1037 1739 suae
1051 1678 1144 1759 poili-

127 1789 272 1850 citatiunis
305 1785 452 1868 aperire?
494 1785 584 1848 Haec
621 1785 762 1861 haereant
795 1785 918 1848 tirmiter
938 1783 967 1859 ²)
1005 1789 1143 1851 sensibus

126 1901 257 1978 nostris,
288 1899 362 1961 baec
391 1899 601 1984 intellegantur
629 1900 715 1980 piena
747 1897 824 1977 fide,
855 1899 929 1961 baec
959 1901 1051 1962 corde
1079 1907 1147 1986 toto.

126 2013 302 2095 diligantur,
329 2013 403 2076 haec
426 2011 661 2075 indesinentium
678 2031 802 2094 operum
826 2014 1064 2094 magnanimitate
1089 2032 1142 2075 re-

126 2124 280 2186 dimantur.
326 2123 480 2185 Praeclara
511 2131 541 2184 et
572 2123 669 2185 divina
700 2121 813 2201 res3),
848 2122 956 2186 iratres
988 2126 1151 2204 carissimi,

125 2238 263 2300 salutaris
284 2235 430 2317 operatio,
454 2234 596 2297 solacium
620 2235 734 2316 grande
759 2233 952 2314 credentium,
976 2216 1142 2299 securitatis

125 2467 197 2517 biabc
216 2475 241 2518 et
260 2465 313 2532 Ba',
340 2465 488 2535 quibuscum
514 2467 660 2534 conspirant
685 2466 744 2518 edd.
763 2465 808 2518 SP.
830 2466 921 2520 venet.
940 2468 1021 2520 Kunn.
1043 2466 1139 2520 Erasm.

124 2553 215 2604 Manat.
237 2553 331 2607 Pamet.
353 2550 433 2604 Onon.
453 2551 562 2617 aaran,
588 2556 708 2608 redditae
732 2553 852 2605 exhibent
871 2555 945 2607 codd.
965 2563 991 2606 et
1008 2554 1066 2606 edd.
1086 2554 1141 2607 reli.

124 2641 203 2694 Deest
220 2659 289 2696 eaor
307 2650 366 2708 post
383 2634 492 2708 fruatur
510 2643 534 2690 in
556 2637 600 2690 Bra.
638 2638 697 2691 Post
717 2644 836 2695 imitator
856 2641 894 2694 bic
913 2658 963 2694 om.
983 2653 1031 2698 eet.

193 2745 265 2795 XXV.
287 2746 314 2807 1)
334 2752 390 2796 erat
403 2731 433 2794 λ.
471 2741 539 2793 idem
558 2742 627 2794 iiber'
642 2729 695 2810 paro
708 2749 811 2810 puidam
827 2764 907 2799 enum
921 2751 987 2815 cepit
998 2733 1050 2801 dra-e
1064 2751 1140 2814 (sic);

123 2833 246 2884 dominas
265 2845 313 2880 om.
334 2827 378 2878 Bb.
415 2827 476 2879 Tum
502 2831 698 2896 operationibus
723 2839 826 2884 reoetrr'e
851 2831 966 2882 babetA
993 2842 1018 2883 et
1037 2831 1155 2902 repra}

11 2965 12 2974 ,
122 2921 209 2970 neisea
229 2915 276 2966 tta.
315 2917 505 2980 contribuens,
533 2913 600 2979 quod
627 2921 731 2963 tuentur
753 2914 827 2965 codd.
846 2915 906 2967 Ver.
926 2925 952 2967 et
974 2921 1022 2968 mei
1043 2933 1140 2984 omnes,

11 2991 12 2996 ¹
123 3004 197 3054 docta
220 3001 268 3052 ttta
291 3016 379 3050 manus
403 3001 427 3050 in
448 2997 606 3065 Gottingensi
627 2999 763 3065 exemplari
783 3000 822 3050 ed.
844 3000 935 3053 Manat.
955 3004 978 3053 in
997 3009 1143 3059 retribuere

122 3093 233 3142 mutavit.
270 3088 296 3140 in
321 3103 392 3154 seqq.
417 3090 521 3154 obferre
545 3085 633 3137 scribit
652 3085 691 3135 W.
730 3086 767 3138 Cf.
789 3087 820 3138 ad
842 3103 896 3154 cap.
917 3087 979 3140 xvt.
999 3099 1051 3140 not.
1072 3093 1095 3142 3.
1115 3101 1142 3144 et

121 3175 196 3228 xvtt.
217 3185 267 3228 not.
285 3177 307 3227 5.
345 3175 423 3225 Vocc.
442 3191 492 3227 reos
510 3176 581 3240 patri
599 3174 693 3224 ibidem
712 3172 745 3225 al.
765 3191 797 3224 m.
818 3175 921 3239 addidit,
939 3182 1011 3247 patri
1028 3197 1079 3232 nos
1099 3179 1142 3230 dut

122 3263 168 3314 bie.
206 3262 269 3314 Dein
296 3265 504 3330 sanctificatione
528 3265 663 3331 reparavit
681 3263 838 3315 intermediis
860 3265 959 3315 omissis
977 3268 1008 3316 tt.
1046 3265 1138 3318 Partic.

121 3366 170 3419 poe
194 3351 225 3400 ad
251 3363 309 3400 voc.
327 3352 539 3402 inmortalitatem
557 3349 589 3399 ei.
610 3366 641 3398 m.
661 3349 779 3418 adposuit
798 3353 822 3402 in
843 3351 881 3403 W.
919 3350 978 3404 Post
996 3357 1139 3424 eareprciaie

122 3435 160 3486 bia
180 3443 206 3485 et
226 3434 260 3487 tra
284 3451 334 3486 orn.
353 3439 414 3500 aui,
443 3434 510 3502 quod
530 3451 596 3486 corr.
616 3450 648 3485 m.
667 3440 843 3504 superscripsit
862 3440 887 3489 iu
907 3437 954 3490 bic.
991 3437 1053 3488 Tum
1076 3457 1138 3506 per·

121 3537 209 3587 peram
227 3526 359 3575 reducens
372 3521 409 3572 bia
426 3531 452 3572 et
465 3522 497 3585 Α,
517 3537 624 3590 quorum
643 3521 686 3573 itta
705 3527 786 3592 depae
804 3540 851 3591 pro
870 3529 963 3580 uano.
1001 3525 1058 3576 biox
1076 3531 1138 3580 air-

121 3619 175 3663 tata
191 3625 237 3676 pro
256 3613 366 3664 veritate
385 3607 429 3660 aa.
467 3609 494 3670 2)
512 3613 624 3678 fimiter
642 3613 765 3664 haereant
782 3611 812 3661 Α.
850 3611 926 3664 Voce.
945 3615 1022 3681 praua
1038 3615 1087 3680 fide
1107 3641 1137 3650 -
1166 3615 1168 3619 '

120 3699 266 3765 diiiparrtrsr
284 3696 377 3748 desunt
394 3698 419 3748 in
432 3694 479 3760 Bb,
498 3707 522 3750 et
540 3701 587 3752 bea
606 3706 657 3750 toto
673 3697 856 3766 cordabscribit
867 3697 899 3763 A,
918 3703 982 3754 baec
995 3708 1046 3752 toto
1061 3703 1139 3754 corde

119 3793 164 3836 tuo
184 3782 239 3848 tte,
265 3783 290 3833 ia
310 3782 422 3834 clausula
440 3787 586 3838 reddentur
603 3782 647 3835 aa.
694 3783 723 3850 3)
743 3784 848 3849 ,bielius
871 3786 1023 3853 procederet
1046 3787 1138 3851 oratio,

119 3871 141 3922 ei
165 3869 293 3938 tegeretur
317 3887 363 3923 ree
387 3871 452 3924 eet.“
484 3874 627 3926 iioutbiue.
665 3868 714 3922 Pro
740 3875 880 3927 carissimi
899 3872 931 3923 W
954 3882 981 3925 et
1009 3873 1064 3925 biab
1090 3889 1137 3924 ex-

118 3956 207 4009 bibsnt
225 3960 401 4012 dimersisti.
436 3956 536 4012 Deinde
554 3961 694 4026 achaiam,
715 3959 782 4030 quod
803 3961 899 4027 recepi,
919 3958 957 4011 W.
975 3959 1030 4014 baa
1049 3968 1076 4016 et
1089 3958 1136 4029 aa,
