2834 4686
769 405 832 472 244

288 563 353 646 suit
382 564 463 626 inter
491 564 565 625 iilos
596 563 764 626 discrimen
793 565 905 642 ullum,
941 585 1000 630 nee
1027 567 1193 648 quicquum
1223 587 1310 632 suum

290 677 476 740 iudicabunt
497 694 538 737 em
562 672 669 752 bonis,
699 693 780 754 puae
802 675 849 738 eis
872 685 980 754 erent,
1011 679 1069 740 sed
1089 675 1223 756 fuerent
1245 681 1309 742 iltis

290 792 395 853 omniu
419 790 602 854 communia.
649 787 713 851 Hoc
737 796 782 852 est
797 785 822 867 ⁵)
847 791 999 853 nativitate
1022 792 1146 873 spiritati
1170 811 1243 855 vere
1262 793 1311 857 dei

289 905 378 969 fitium
402 904 484 982 fieri,
521 903 578 965 boc
609 908 656 964 est
687 901 755 984 iege
786 903 907 966 caelesti
938 907 1114 986 aequitatem
1146 906 1194 968 dei
1218 911 1307 989 petris

287 1019 402 1080 imitari.
441 1015 656 1098 Quodcumque
673 1016 750 1078 enim
768 1015 816 1078 dei
833 1025 888 1096 est,
909 1019 939 1079 in
956 1024 1056 1080 nostra
1075 1018 1306 1101 usurpationefit

288 1147 445 1193 commune
469 1135 525 1208 est,
548 1145 605 1189 nce
628 1128 783 1208 quisquam
805 1127 989 1191 abeneficiis
1007 1131 1073 1192 eius
1090 1136 1120 1191 at
1135 1133 1307 1194 muneribus

287 1250 414 1324 arcetur,
438 1244 595 1324 quominus
619 1260 709 1305 omne
730 1241 889 1304 humanum
914 1261 1011 1326 genus
1035 1244 1165 1307 bonitate
1188 1263 1225 1306 ae
1245 1245 1305 1307 tar-

286 1359 379 1442 gitate
403 1359 500 1421 divino
525 1357 690 1438 aequaliter
713 1355 890 1438 perfruatur.
937 1357 986 1422 Sic
1004 1352 1029 1435 ⁷)
1054 1359 1220 1440 aequaliter
1243 1361 1305 1423 dies

286 1473 415 1552 luminat,
440 1473 485 1535 sol
505 1472 608 1550 radiat,
632 1471 727 1533 imber
742 1472 828 1554 rigat,
849 1478 961 1536 uentus
977 1473 1080 1554 spirat,
1104 1479 1133 1534 et
1150 1473 1305 1537 dormien-

217 1579 229 1592 “
285 1588 363 1650 tibus
388 1604 509 1648 somnus
539 1603 616 1647 unurs
641 1591 703 1663 est,
737 1591 766 1646 et
796 1586 946 1648 stellarum
979 1587 1121 1668 splendor
1152 1605 1187 1649 ac
1208 1589 1305 1651 'tunae

285 1699 449 1761 eommunis
473 1704 526 1759 est.
573 1697 639 1770 Ouo
663 1697 849 1776 aequalitatis
861 1692 889 1772 ⁸)
913 1700 1051 1781 exempto
1073 1701 1122 1780 qui
1139 1718 1304 1783 possessor

283 1813 312 1875 in
336 1812 424 1874 terris
447 1808 559 1872 reditus
583 1826 618 1869 ac
641 1805 754 1869 tructus
778 1825 850 1871 suos
873 1827 939 1870 oum
963 1808 1146 1873 fraternitate
1169 1816 1303 1894 partitur,

285 1929 352 1991 dum
382 1924 586 2008 largitionibus
617 1923 752 2006 gratuitis
785 1925 949 1987 communis
979 1943 1014 1987 ae
1037 1925 1131 1990 iustus
1156 1933 1221 2008 cst,
1256 1929 1303 1990 dei

282 2043 375 2125 patris
399 2040 526 2101 imitator
549 2043 604 2098 est.

438 2167 490 2174 ...-

282 2222 344 2273 Tum
363 2223 495 2274 iudicabat
513 2217 545 2284 A,
564 2221 716 2272 nmtdieobut
735 2217 783 2283 tte,
802 2223 971 2274 etrrstcatam
989 2219 1065 2287 Van,
1084 2239 1120 2276 ex
1138 2225 1178 2286 eis
1196 2239 1245 2290 pro
1263 2227 1303 2276 sis

283 2309 329 2374 Bb,
352 2312 392 2362 eie
410 2324 460 2358 om.
480 2311 509 2358 A.
547 2307 615 2357 idem
635 2322 682 2373 pro
701 2310 811 2375 fuerunt
831 2306 906 2359 babet
924 2313 1039 2378 sumunt.
1077 2310 1106 2377 5J
1125 2308 1176 2360 iias
1197 2309 1303 2360 voculas

280 2413 301 2447 r.
322 2412 354 2447 m.
377 2396 408 2445 ed
428 2410 477 2462 mg.
500 2393 636 2458 adscripsit
655 2392 679 2442 in
700 2393 746 2443 bie.
784 2391 873 2443 Statim
892 2398 1007 2448 novitate
1026 2391 1078 2458 Bb,
1097 2399 1238 2464 spirituaii
1254 2395 1302 2447 bic.

281 2489 302 2534 A
322 2493 346 2534 et
366 2501 380 2536 a
398 2499 419 2533 s.
440 2498 471 2533 m.
492 2479 548 2542 bid,
568 2483 611 2533 dei
627 2484 711 2549 titium
729 2479 769 2530 W.
790 2479 878 2531 biabcd
899 2489 925 2532 et
943 2479 1013 2543 Bab,
1034 2484 1117 2549 fitium
1135 2485 1178 2534 dci
1197 2481 1235 2546 A,
1260 2485 1303 2536 dei

279 2575 348 2638 fitius
374 2569 442 2620 aditi.
481 2569 538 2620 Mox
562 2572 603 2620 dei
628 2585 677 2619 om.
698 2566 743 2617 Bb.
786 2568 816 2635 6)
834 2572 986 2638 operatione
1005 2567 1053 2619 bib.
1092 2567 1152 2619 Tum
1173 2575 1235 2638 puis
1252 2585 1301 2636 pro

279 2660 417 2726 quiequam
436 2652 482 2704 Bb.
522 2654 635 2705 Proxime
654 2673 685 2708 uc
704 2671 751 2722 pro
771 2648 810 2719 ei,
835 2653 1095 2724 quantominus,
1122 2655 1243 2707 exhibent
1261 2655 1301 2707 tte

279 2752 304 2793 et
317 2741 414 2793 Erasm.
429 2741 502 2794 Grev.
523 2751 598 2812 etque
611 2741 708 2794 Mureti.
748 2741 812 2795 Dein
832 2761 938 2798 ceneten
961 2742 997 2796 Bb
1017 2744 1097 2795 abest.
1135 2745 1165 2806 7)
1182 2747 1231 2798 Sia
1249 2759 1300 2794 om.

279 2828 324 2892 tta,
342 2833 454 2884 luminat
472 2831 567 2896 optime
586 2829 698 2881 scribunt
711 2829 769 2881 Ver.
784 2829 822 2880 W.
838 2830 893 2881 binc
911 2839 937 2882 et
951 2829 998 2883 Bb.
1036 2829 1068 2880 m
1086 2831 1123 2899 sic
1140 2827 1301 2882 oxonienses

277 2916 423 2980 ediderunt3
449 2920 572 2970 luminati
590 2917 668 2968 babet
686 2916 738 2981 tta,
763 2917 979 2981 interminantis,
1005 2921 1138 2971 illuminet
1156 2917 1252 2985 tegitur
1274 2919 1301 2969 iu

278 3003 317 3054 bid
337 3012 363 3054 et
381 3006 418 3065 A,
446 3013 471 3054 ut
497 3006 521 3054 in
547 3005 606 3055 edd.
627 3003 690 3057 Dav.
710 3004 807 3056 Erusm.
828 3007 971 3072 ceterisque
990 3003 1174 3056 recentioribus
1194 3011 1301 3071 praeter

276 3089 373 3155 Onon,
400 3094 545 3144 illuminati
569 3092 593 3141 io
616 3099 677 3142 vett.
698 3090 756 3142 edd.
794 3091 848 3141 vid.
868 3092 899 3142 ad
920 3091 1012 3142 Donat.
1032 3107 1087 3157 cup.
1106 3089 1172 3142 Xiii.
1196 3098 1250 3142 not.
1272 3092 1299 3141 7.
1389 3123 1390 3145 t

275 3205 300 3248 et
319 3195 350 3244 ad
371 3195 491 3244 dominic.
513 3203 574 3244 orat.
596 3211 652 3262 cap.
673 3194 689 3245 i.
710 3204 761 3246 uot.
784 3197 807 3246 3.
843 3195 956 3247 Pessime
974 3179 1059 3266 {piem
1083 3211 1130 3262 pro
1155 3196 1240 3248 imber
1256 3210 1299 3260 pr.

274 3280 321 3331 bic.
360 3277 420 3330 'ium
439 3283 538 3348 incipet
556 3279 610 3344 tte,
630 3284 728 3351 irripot
747 3281 803 3332 cod.
824 3280 946 3349 Tegerus.
968 3283 1009 3334 Nr.
1033 3283 1092 3345 174,
1110 3286 1214 3336 ira-orat
1234 3280 1298 3332 Ver.

274 3366 322 3418 Pro
341 3371 427 3436 spiret
446 3367 491 3433 (itu
510 3376 581 3418 recte
600 3366 630 3420 A.
662 3366 717 3419 Vid.
740 3371 854 3423 Gronov.
875 3367 1017 3421 Observatt.
1037 3371 1062 3420 in
1076 3369 1178 3436 Scriptt.
1198 3367 1298 3420 eccles.

273 3471 296 3521 p.
311 3455 375 3520 570)
395 3453 639 3524 suspirantium
659 3463 684 3506 et
702 3453 765 3520 Bab,
786 3457 844 3507 item
865 3456 923 3507 add.
938 3456 1011 3508 Grau.
1032 3465 1057 3508 at
1070 3454 1171 3521 (toton,
1189 3459 1299 3523 aspirat

272 3542 328 3593 ttct
348 3559 369 3594 c.
389 3545 481 3594 ceteris
500 3541 582 3593 editis.
620 3541 698 3592 Deest
712 3561 822 3596 somnus
838 3544 862 3594 in
877 3543 908 3606 A,
927 3561 1058 3612 sompnum
1071 3541 1148 3593 babet
1160 3541 1299 3607 exemptor

272 3628 335 3679 Dav.
373 3627 494 3695 Coputem
522 3636 580 3678 aute
608 3632 747 3682 stellarum
774 3643 823 3680 om.
852 3631 911 3680 edd.
939 3637 1002 3681 vett.
1030 3639 1056 3680 et
1083 3629 1196 3694 Eranam,
1226 3633 1297 3683 tuns

270 3715 356 3767 scribit
376 3714 425 3778 bib,
445 3719 587 3768 wnmunis
607 3715 656 3780 bid,
680 3727 720 3770 est
739 3717 800 3767 deiit
818 3720 843 3768 in
863 3718 910 3768 bic.
949 3720 976 3780 8)
996 3716 1032 3768 lte
1052 3716 1090 3767 bic
1109 3717 1296 3783 editionesque

270 3800 365 3851 Eresm.
387 3799 460 3852 Grau.
481 3801 572 3852 bianut
594 3801 685 3856 Pamet.
708 3803 786 3856 Oxou.
814 3814 838 3856 et
859 3803 944 3857 baius.
970 3821 991 3856 c.
1010 3803 1119 3867 nonan,
1147 3807 1296 3872 aequitatis

270 3885 310 3936 W.
332 3887 413 3938 Mabd.
434 3887 493 3938 Bnb.
515 3891 534 3938 A
554 3897 580 3939 et
599 3891 657 3941 edd.
678 3890 732 3942 reti.
772 3893 809 3942 Da
830 3909 857 3944 re
877 3892 944 3944 coni.
963 3891 1042 3958 Epist.
1063 3888 1166 3940 txxvt.
1186 3906 1210 3956 p.
1232 3889 1296 3941 157.

271 3969 347 4022 Voce.
366 3977 394 4024 a'n
413 3978 493 4028 terrie
514 3990 564 4025 om.
584 3974 616 4026 W
637 3984 663 4026 et
683 3976 729 4027 tte.
768 3977 829 4029 Tum
853 3983 957 4034 reditus
981 3978 1066 4044 recepi
1091 3991 1123 4027 ax
1147 3975 1226 4028 codd.
1249 3976 1295 4027 W.
