2882 4692
730 323 772 386 24

205 479 210 488 ’
245 485 465 568 praevaricatur
485 488 514 543 ot
532 479 647 560 decipit.
687 477 805 541 iudex?
844 475 902 542 Sed
919 479 1094 542 sententiam
1112 480 1212 542 vendit
1223 475 1261 558 ⁹).

245 599 300 674 Oui
324 595 410 660 sedet
423 591 464 668 ¹⁰)
488 595 608 656 crimina
633 591 836 654 vindicaturus
860 591 990 671 admittit,
1014 601 1043 656 et
1068 602 1099 656 ut
1119 607 1189 658 reus
1212 598 1262 660 in·

245 729 359 778 nocens
382 717 493 792 pereat,
518 707 548 770 fit
571 725 684 771 nocens
708 707 806 769 iudex.
847 705 987 789 Flagrant
1011 709 1121 788 ubique
1144 707 1261 788 delicta,

245 834 274 890 et
297 825 406 906 passim
431 820 599 890 multiformi
623 838 739 903 genere
760 818 903 901 peccandi
919 838 974 901 per
989 822 1130 903 inprobas
1146 828 1262 886 mentes

245 956 357 1004 nocens
382 937 463 999 virus
488 942 637 1017 operatur.
683 936 736 998 Hic
760 941 966 997 testamentum
998 936 1105 998 subicit
1126 935 1180 1015 ¹¹),
1212 936 1262 1000 ilie

246 1052 350 1116 salsum
371 1050 486 1132 capitali
509 1049 613 1113 iraudc
629 1049 789 1112 conscribit
799 1071 806 1124 3
832 1049 878 1111 bic
894 1056 1033 1112 arcentur
1049 1049 1265 1114 hereditatibus

244 1167 347 1244 tiberi,
371 1165 428 1228 iilic
451 1165 539 1228 bonis
562 1165 711 1228 donantur
735 1164 838 1238 alicni;
864 1165 997 1228 inimicus
1021 1165 1183 1242 insimulat,
1207 1183 1262 1236 ca·
1313 1239 1317 1246 .

244 1280 402 1343 lumniator
426 1279 578 1360 inpugnat,
604 1279 686 1340 testis
710 1277 835 1340 infamat.
877 1278 1039 1359 Utrobique
1053 1275 1092 1352 ¹²)
1109 1287 1263 1362 grassatur

245 1397 273 1458 in
298 1393 482 1458 mendacium
506 1395 658 1455 criminum
681 1394 859 1473 prostitutae
883 1393 965 1456 vocis
990 1395 1102 1456 venalis
1129 1393 1263 1470 audacia,

246 1527 311 1571 cum
350 1508 465 1570 interim
505 1514 649 1568 nocentes
688 1525 743 1568 nec
781 1525 846 1568 cum
886 1507 1094 1571 innocentibus
1129 1515 1263 1590 pereunt.

245 1622 350 1683 Notius
366 1617 403 1685 ¹³)
428 1619 466 1681 dc
490 1619 608 1701 tegibus
633 1627 728 1682 metus
752 1627 816 1695 est;
840 1619 877 1682 de
901 1622 1083 1699 quaesitore,
1107 1622 1144 1684 de
1166 1620 1263 1686 iudico

115 1739 120 1746 '
230 1725 341 1816 'pavor
360 1734 466 1796 nutius.
507 1732 593 1807 Quod
617 1739 714 1813 potest
739 1732 841 1795 redimi
865 1751 924 1795 non
952 1734 1076 1797 timetur.
1114 1733 1190 1796 Esse
1206 1735 1263 1796 iam

247 1850 325 1910 inter
349 1854 497 1910 nocentes
514 1843 550 1914 ¹⁴)
577 1847 726 1909 innoxium
745 1849 855 1909 crimen
874 1853 932 1908 est·
967 1848 1060 1910 biuios
1076 1848 1210 1930 quisquis
1227 1845 1263 1918 ¹⁵)

247 1979 309 2024 non
333 1962 462 2024 imitatur
485 1958 615 2021 offendit.
654 1959 846 2022 consensere
870 1961 934 2022 iura
958 1963 1097 2042 peccatis,
1122 1968 1151 2023 et
1168 1961 1266 2041 coepit

154 2126 157 2130 .
247 2075 356 2137 ticitum
379 2091 448 2136 esse
467 2067 504 2148 ¹⁶)
526 2073 606 2152 quod
623 2073 771 2155 publicum
789 2081 842 2136 est.
879 2073 951 2146 Quis
968 2073 1028 2136 iilic
1044 2090 1143 2136 rerum
1159 2073 1266 2155 pudor,

248 2291 332 2328 arec.
352 2293 384 2328 nr.
404 2282 543 2346 superior.)
562 2279 616 2344 bic,
638 2281 669 2331 ad
691 2297 739 2349 mg.
760 2289 843 2332 autern
863 2281 894 2331 ai.
916 2297 947 2332 m.
969 2281 1062 2331 adiecit
1080 2284 1170 2334 simut.
1209 2279 1266 2330 dior

248 2367 348 2434 derepit
366 2363 413 2416 Mb.
458 2367 488 2434 9)
513 2371 598 2432 tudem
623 2374 776 2423 sententiam
802 2372 890 2423 cecedit
915 2368 961 2418 bic.
1009 2366 1264 2428 normanniae.
1338 2361 1345 2370 '

249 2451 302 2503 Bab
322 2453 433 2518 itemque
453 2469 466 2502 ιι
486 2469 518 2503 rn.
539 2469 577 2520 pr.
592 2453 654 2503 bibe.
692 2453 753 2504 'inni
773 2457 940 2507 iudicaturus
958 2452 979 2501 A
998 2448 1114 2502 sollemni
1133 2461 1265 2518 permuta-

249 2541 327 2590 tione.
364 2537 404 2588 Sic
429 2541 497 2591 idem
520 2541 584 2592 iiber
602 2541 634 2591 de
654 2542 750 2591 unitate
769 2539 832 2589 ecci.
852 2538 916 2587 cath.
938 2523 1075 2602 cnp.'XVi.
1098 2539 1121 2587 in
1141 2537 1197 2601 fin,
1225 2538 1267 2590 ubi

249 2625 314 2676 haec
332 2633 405 2676 eunt:
434 2630 469 2680 iit
489 2631 539 2696 pan
558 2635 645 2680 Aaron
666 2653 695 2664 -
718 2654 748 2662 -
768 2629 796 2676 in
815 2632 957 2691 eorrupeetu
974 2626 1065 2677 statiua
1084 2612 1183 2676 domini
1200 2631 1264 2680 ein-

248 2717 364 2767 dienntie
382 2719 511 2769 exstincti
529 2724 601 2777 euni,
621 2712 710 2763 scribit
727 2713 881 2764 indicantia.
920 2708 973 2759 Vid.
993 2707 1057 2757 inira
1074 2708 1107 2758 ad
1125 2707 1214 2759 librum
1234 2710 1267 2762 de

250 2797 318 2852 Orat.
338 2800 405 2850 dom.
425 2816 479 2868 cap.
492 2797 578 2850 xviri.
598 2805 648 2846 not.
669 2803 695 2846 et
714 2783 779 2862 quae
799 2796 884 2846 monui
904 2795 929 2844 in
944 2793 1125 2861 Epirerneridd.
1146 2793 1265 2846 tinorum.

251 2887 360 2941 bionacc.
383 2889 456 2941 ¹850.
482 2885 525 2936 Νι.
545 2885 586 2934 52.
614 2899 638 2948 p.
657 2883 716 2933 421.
755 2882 883 2948 Deinceps
907 2885 1020 2935 admittit
1043 2898 1126 2935 renna·
1164 2884 1195 2936 br
1219 2886 1265 2934 in-

248 2992 347 3029 nocens
366 2975 461 3028 ibidem
480 2971 580 3037 tegitur.
629 2959 728 3037 titire
748 2970 840 3034 codd,
868 2973 978 3024 subiicit
996 2968 1058 3021 editi
1079 2968 1134 3020 iibri
1154 2970 1267 3035 exceptis

248 3112 394 3176 veteribus,
412 3113 437 3161 in
457 3107 546 3178 quibas
566 3117 605 3159 eet
622 3112 761 3172 subducit,
780 3059 982 3175 »erigimur
1001 3124 1013 3158 a
1033 3124 1052 3158 r.
1074 3124 1105 3159 m.
1126 3109 1267 3176 superior.)

247 3199 326 3251 habet
345 3197 391 3248 tte.
429 3195 489 3246 Turn
509 3197 565 3248 iilic
586 3192 620 3247 Ba
640 3210 748 3263 moxque
769 3198 880 3265 capitote
899 3193 935 3247 Db
955 3203 980 3246 et
999 3197 1036 3259 A,
1060 3197 1117 3246 item
1136 3212 1173 3263 pr.
1195 3195 1266 3248 biabc

249 3294 274 3336 et
292 3285 419 3337 describit
437 3298 482 3350 pro
504 3285 648 3336 conscribit
667 3283 696 3332 A.
734 3281 798 3334 Male
811 3286 950 3337 hereditate
964 3281 999 3334 Db
1014 3292 1040 3334 et
1052 3300 1099 3350 pn,
1121 3293 1145 3339 ut
1160 3283 1267 3347 videtur,

250 3371 299 3421 bia.
340 3368 404 3420 Dein
430 3373 487 3423 illie
513 3369 558 3422 Db.
603 3371 659 3422 Mox
686 3374 879 3438 calumpniator
904 3369 958 3421 neu
986 3379 1010 3420 et
1036 3370 1058 3421 A
1086 3387 1108 3422 c.
1136 3369 1175 3420 ed.
1202 3369 1265 3420 Dav.

250 3455 295 3522 12)
315 3457 458 3526 Utrobique
478 3455 508 3506 W
528 3464 553 3508 et
572 3472 609 3524 pr.
630 3454 700 3519 Mac,
729 3464 790 3508 uter
807 3459 900 3525 ubique
920 3455 967 3505 bib.
1005 3455 1103 3507 Deinde
1125 3465 1275 3536 cruunturv

249 3541 284 3592 Da
309 3551 335 3592 et
354 3541 408 3608 nc,
433 3545 607 3614 inprobantur
626 3544 654 3594 A.
693 3542 771 3594 Panto
795 3551 853 3610 poet
877 3547 946 3596 inter
970 3545 1123 3595 innocenter
1141 3543 1180 3592 W.
1201 3541 1266 3592 dieb.

250 3627 301 3690 Bb,
327 3631 432 3683 interim
457 3645 476 3680 r.
504 3645 534 3680 m.
560 3632 584 3681 in
610 3645 658 3698 mg.
684 3630 781 3681 addidit
807 3632 831 3680 in
851 3630 897 3679 bic.
947 3629 992 3694 13)
1016 3631 1105 3682 Nutir'r
1124 3629 1154 3678 W
1173 3637 1199 3679 et
1220 3627 1266 3681 bia.

249 3715 310 3766 Tum
331 3727 451 3784 precatore
469 3716 491 3767 A
511 3733 532 3765 c.
553 3716 595 3767 ed.
608 3713 684 3780 Dan,
703 3722 831 3786 quaerito,
852 3719 876 3766 in
896 3732 944 3784 mg.
965 3716 997 3767 ab
1017 3715 1047 3764 ni.
1069 3731 1100 3765 ιιι.
1120 3718 1268 3784 quaeritare

249 3801 294 3865 W,
315 3807 469 3871 porrectione
488 3801 536 3852 bib.
574 3803 673 3855 Deinde
692 3807 796 3858 nultius
815 3802 867 3866 Bb,
888 3806 979 3856 nuitnn
999 3811 1039 3856 eat
1057 3803 1087 3852 A.
1135 3800 1180 3868 id)
1197 3805 1268 3854 inter

248 3891 399 3943 innocentes
420 3887 458 3940 W.
477 3884 514 3940 Db
535 3897 560 3939 et
580 3904 617 3956 pr.
636 3888 683 3940 bic.
732 3888 776 3956 15)
800 3890 911 3957 quisque
929 3887 959 3938 A.
1007 3886 1050 3950 16)
1078 3904 1139 3942 aare
1162 3889 1267 3945 licitum

1408 476 1412 653 ¹
