<?xml version="1.0" encoding="UTF-8"?>
<!DOCTYPE html PUBLIC "-//W3C//DTD XHTML 1.0 Transitional//EN"
    "http://www.w3.org/TR/xhtml1/DTD/xhtml1-transitional.dtd">
<html xmlns="http://www.w3.org/1999/xhtml" xml:lang="en" lang="en">
 <head>
  <title>
</title>
<meta http-equiv="Content-Type" content="text/html;charset=utf-8" />
  <meta name='ocr-system' content='tesseract 3.04.00' />
  <meta name='ocr-capabilities' content='ocr_page ocr_carea ocr_par ocr_line ocrx_word'/>
</head>
<body>
  <div class='ocr_page' id='page_1' title='image "./libridecatholic00krabgoog_0036.png"; bbox 0 0 2868 4700; ppageno 0'>
   <div class='ocr_carea' id='block_1_1' title="bbox 81 416 1120 1126">
    <p class='ocr_par' dir='ltr' id='par_1_1' title="bbox 81 416 1120 1126">
     <span class='ocr_line' id='line_1_1' title="bbox 594 416 743 484; baseline 0.007 -1"><span class='ocrx_word' id='word_1_1' title='bbox 594 416 633 484; x_wconf 87' lang='grc'><strong>13</strong></span> <span class='ocrx_word' id='word_1_2' title='bbox 740 417 743 425; x_wconf 84' lang='grc'><strong>’</strong></span> 
     </span>
     <span class='ocr_line' id='line_1_2' title="bbox 108 569 1118 662; baseline -0.002 -20"><span class='ocrx_word' id='word_1_3' title='bbox 108 578 263 660; x_wconf 85' lang='lat' dir='ltr'><strong>debemus,</strong></span> <span class='ocrx_word' id='word_1_4' title='bbox 286 579 413 643; x_wconf 84' lang='lat' dir='ltr'><strong>maxime</strong></span> <span class='ocrx_word' id='word_1_5' title='bbox 437 579 578 662; x_wconf 80' lang='lat' dir='ltr'><strong>episcopi,</strong></span> <span class='ocrx_word' id='word_1_6' title='bbox 603 579 652 660; x_wconf 86' lang='lat' dir='ltr'><strong>qui</strong></span> <span class='ocrx_word' id='word_1_7' title='bbox 675 580 703 640; x_wconf 94' lang='lat' dir='ltr'><strong>in</strong></span> <span class='ocrx_word' id='word_1_8' title='bbox 725 574 851 642; x_wconf 89' lang='lat' dir='ltr'><strong>ecclesia</strong></span> <span class='ocrx_word' id='word_1_9' title='bbox 866 574 1069 660; x_wconf 90' lang='lat' dir='ltr'><strong>praesidemus</strong></span> <span class='ocrx_word' id='word_1_10' title='bbox 1081 569 1118 657; x_wconf 81' lang='lat'><strong>⁶),</strong></span> 
     </span>
     <span class='ocr_line' id='line_1_3' title="bbox 107 692 1119 778; baseline -0.003 -21"><span class='ocrx_word' id='word_1_11' title='bbox 107 702 139 757; x_wconf 93' lang='lat' dir='ltr'><strong>ut</strong></span> <span class='ocrx_word' id='word_1_12' title='bbox 161 697 367 778; x_wconf 84' lang='lat' dir='ltr'><strong>episcopatum</strong></span> <span class='ocrx_word' id='word_1_13' title='bbox 391 713 509 775; x_wconf 89' lang='lat' dir='ltr'><strong>quoque</strong></span> <span class='ocrx_word' id='word_1_14' title='bbox 532 696 627 775; x_wconf 91' lang='lat' dir='ltr'><strong>ipsum</strong></span> <span class='ocrx_word' id='word_1_15' title='bbox 650 712 739 756; x_wconf 91' lang='lat' dir='ltr'><strong>unum</strong></span> <span class='ocrx_word' id='word_1_16' title='bbox 763 698 849 774; x_wconf 87' lang='lat' dir='ltr'><strong>atque</strong></span> <span class='ocrx_word' id='word_1_17' title='bbox 872 692 1027 755; x_wconf 82' lang='lat' dir='ltr'><strong>indivisum</strong></span> <span class='ocrx_word' id='word_1_18' title='bbox 1043 709 1119 774; x_wconf 90' lang='lat' dir='ltr'><strong>pro-</strong></span> 
     </span>
     <span class='ocr_line' id='line_1_4' title="bbox 106 807 1120 888; baseline -0.001 -17"><span class='ocrx_word' id='word_1_19' title='bbox 106 811 220 872; x_wconf 90' lang='lat' dir='ltr'><strong>bemus.</strong></span> <span class='ocrx_word' id='word_1_20' title='bbox 266 811 361 872; x_wconf 90' lang='lat' dir='ltr'><strong>Nemo</strong></span> <span class='ocrx_word' id='word_1_21' title='bbox 385 808 596 872; x_wconf 70' lang='lat' dir='ltr'><strong>fraternitatem</strong></span> <span class='ocrx_word' id='word_1_22' title='bbox 624 809 776 872; x_wconf 89' lang='lat' dir='ltr'><strong>mendacin</strong></span> <span class='ocrx_word' id='word_1_23' title='bbox 806 808 902 888; x_wconf 87' lang='lat' dir='ltr'><strong>fallat,</strong></span> <span class='ocrx_word' id='word_1_24' title='bbox 934 826 1021 871; x_wconf 90' lang='lat' dir='ltr'><strong>nemo</strong></span> <span class='ocrx_word' id='word_1_25' title='bbox 1051 807 1120 870; x_wconf 87' lang='lat' dir='ltr'><strong>frdei</strong></span> 
     </span>
     <span class='ocr_line' id='line_1_5' title="bbox 106 916 1120 1005; baseline 0.001 -21"><span class='ocrx_word' id='word_1_26' title='bbox 106 925 262 985; x_wconf 88' lang='lat' dir='ltr'><strong>veritatem</strong></span> <span class='ocrx_word' id='word_1_27' title='bbox 293 922 405 1003; x_wconf 92' lang='lat' dir='ltr'><strong>perlida</strong></span> <span class='ocrx_word' id='word_1_28' title='bbox 436 922 690 1004; x_wconf 88' lang='lat' dir='ltr'><strong>praevaricatione</strong></span> <span class='ocrx_word' id='word_1_29' title='bbox 712 916 738 999; x_wconf 76' lang='grc'><strong>7)</strong></span> <span class='ocrx_word' id='word_1_30' title='bbox 769 927 945 1003; x_wconf 88' lang='lat' dir='ltr'><strong>corrumpat.</strong></span> <span class='ocrx_word' id='word_1_31' title='bbox 990 921 1120 1005; x_wconf 85' lang='lat' dir='ltr'><strong>Episco-</strong></span> 
     </span>
     <span class='ocr_line' id='line_1_6' title="bbox 81 1033 1119 1126; baseline 0.002 -30"><span class='ocrx_word' id='word_1_32' title='bbox 81 1044 194 1118; x_wconf 80' lang='lat' dir='ltr'><strong>apatus</strong></span> <span class='ocrx_word' id='word_1_33' title='bbox 217 1055 294 1100; x_wconf 92' lang='lat' dir='ltr'><strong>unus</strong></span> <span class='ocrx_word' id='word_1_34' title='bbox 318 1043 362 1098; x_wconf 87' lang='lat' dir='ltr'><strong>est</strong></span> <span class='ocrx_word' id='word_1_35' title='bbox 378 1033 420 1115; x_wconf 81' lang='lat'><strong>⁸),</strong></span> <span class='ocrx_word' id='word_1_36' title='bbox 444 1037 527 1126; x_wconf 75' lang='lat' dir='ltr'><strong>cuius</strong></span> <span class='ocrx_word' id='word_1_37' title='bbox 551 1056 567 1098; x_wconf 93' lang='lat' dir='ltr'><strong>a</strong></span> <span class='ocrx_word' id='word_1_38' title='bbox 590 1036 715 1118; x_wconf 91' lang='lat' dir='ltr'><strong>singulis</strong></span> <span class='ocrx_word' id='word_1_39' title='bbox 739 1038 767 1098; x_wconf 92' lang='lat' dir='ltr'><strong>in</strong></span> <span class='ocrx_word' id='word_1_40' title='bbox 791 1035 916 1098; x_wconf 88' lang='lat' dir='ltr'><strong>solidum</strong></span> <span class='ocrx_word' id='word_1_41' title='bbox 938 1054 1007 1118; x_wconf 92' lang='lat' dir='ltr'><strong>pars</strong></span> <span class='ocrx_word' id='word_1_42' title='bbox 1030 1042 1119 1098; x_wconf 91' lang='lat' dir='ltr'><strong>tene-</strong></span> 
     </span>
    </p>
   </div>
   <div class='ocr_carea' id='block_1_2' title="bbox 12 1146 1119 2147">
    <p class='ocr_par' dir='ltr' id='par_1_2' title="bbox 12 1146 1119 2147">
     <span class='ocr_line' id='line_1_7' title="bbox 106 1146 1119 1232; baseline -0.003 -19"><span class='ocrx_word' id='word_1_43' title='bbox 106 1159 164 1214; x_wconf 92' lang='lat' dir='ltr'><strong>tur.</strong></span> <span class='ocrx_word' id='word_1_44' title='bbox 209 1151 344 1213; x_wconf 84' lang='lat' dir='ltr'><strong>Ecclesia</strong></span> <span class='ocrx_word' id='word_1_45' title='bbox 361 1146 388 1228; x_wconf 82' lang='grc'><strong>9)</strong></span> <span class='ocrx_word' id='word_1_46' title='bbox 411 1169 467 1214; x_wconf 92' lang='lat' dir='ltr'><strong>una</strong></span> <span class='ocrx_word' id='word_1_47' title='bbox 491 1157 552 1228; x_wconf 90' lang='lat' dir='ltr'><strong>est,</strong></span> <span class='ocrx_word' id='word_1_48' title='bbox 576 1169 653 1232; x_wconf 85' lang='lat' dir='ltr'><strong>quae</strong></span> <span class='ocrx_word' id='word_1_49' title='bbox 676 1151 705 1212; x_wconf 92' lang='lat' dir='ltr'><strong>in</strong></span> <span class='ocrx_word' id='word_1_50' title='bbox 728 1149 939 1212; x_wconf 85' lang='lat' dir='ltr'><strong>multitudinem</strong></span> <span class='ocrx_word' id='word_1_51' title='bbox 962 1149 1046 1211; x_wconf 89' lang='lat' dir='ltr'><strong>latius</strong></span> <span class='ocrx_word' id='word_1_52' title='bbox 1069 1149 1119 1210; x_wconf 91' lang='lat' dir='ltr'><strong>in-</strong></span> 
     </span>
     <span class='ocr_line' id='line_1_8' title="bbox 107 1262 1118 1348; baseline -0.002 -21"><span class='ocrx_word' id='word_1_53' title='bbox 107 1271 262 1329; x_wconf 89' lang='lat' dir='ltr'><strong>cremento</strong></span> <span class='ocrx_word' id='word_1_54' title='bbox 278 1265 463 1330; x_wconf 83' lang='lat' dir='ltr'><strong>fecunditatis</strong></span> <span class='ocrx_word' id='word_1_55' title='bbox 482 1266 666 1329; x_wconf 87' lang='lat' dir='ltr'><strong>extenditur:</strong></span> <span class='ocrx_word' id='word_1_56' title='bbox 687 1265 837 1348; x_wconf 89' lang='lat' dir='ltr'><strong>quomodo</strong></span> <span class='ocrx_word' id='word_1_57' title='bbox 853 1265 924 1328; x_wconf 92' lang='lat' dir='ltr'><strong>solis</strong></span> <span class='ocrx_word' id='word_1_58' title='bbox 940 1264 1020 1326; x_wconf 93' lang='lat' dir='ltr'><strong>multi</strong></span> <span class='ocrx_word' id='word_1_59' title='bbox 1034 1262 1118 1342; x_wconf 90' lang='lat' dir='ltr'><strong>radii,</strong></span> 
     </span>
     <span class='ocr_line' id='line_1_9' title="bbox 107 1371 1119 1455; baseline -0.005 -13"><span class='ocrx_word' id='word_1_60' title='bbox 107 1379 162 1442; x_wconf 92' lang='lat' dir='ltr'><strong>sed</strong></span> <span class='ocrx_word' id='word_1_61' title='bbox 179 1378 278 1440; x_wconf 91' lang='lat' dir='ltr'><strong>lumen</strong></span> <span class='ocrx_word' id='word_1_62' title='bbox 294 1397 401 1440; x_wconf 89' lang='lat' dir='ltr'><strong>unum:</strong></span> <span class='ocrx_word' id='word_1_63' title='bbox 424 1385 454 1440; x_wconf 89' lang='lat' dir='ltr'><strong>et</strong></span> <span class='ocrx_word' id='word_1_64' title='bbox 469 1379 540 1440; x_wconf 93' lang='lat' dir='ltr'><strong>rami</strong></span> <span class='ocrx_word' id='word_1_65' title='bbox 558 1379 672 1440; x_wconf 88' lang='lat' dir='ltr'><strong>arboris</strong></span> <span class='ocrx_word' id='word_1_66' title='bbox 688 1377 778 1455; x_wconf 84' lang='lat' dir='ltr'><strong>multi,</strong></span> <span class='ocrx_word' id='word_1_67' title='bbox 802 1376 855 1438; x_wconf 88' lang='lat' dir='ltr'><strong>sed</strong></span> <span class='ocrx_word' id='word_1_68' title='bbox 870 1379 962 1440; x_wconf 88' lang='lat' dir='ltr'><strong>robur</strong></span> <span class='ocrx_word' id='word_1_69' title='bbox 977 1394 1066 1439; x_wconf 90' lang='lat' dir='ltr'><strong>unum</strong></span> <span class='ocrx_word' id='word_1_70' title='bbox 1083 1371 1119 1452; x_wconf 85' lang='lat'><strong>¹⁰)</strong></span> 
     </span>
     <span class='ocr_line' id='line_1_10' title="bbox 107 1487 1119 1569; baseline -0.001 -17"><span class='ocrx_word' id='word_1_71' title='bbox 107 1493 205 1553; x_wconf 73' lang='lat' dir='ltr'><strong>terram</strong></span> <span class='ocrx_word' id='word_1_72' title='bbox 228 1490 329 1553; x_wconf 86' lang='lat' dir='ltr'><strong>radice</strong></span> <span class='ocrx_word' id='word_1_73' title='bbox 352 1490 516 1552; x_wconf 84' lang='lat' dir='ltr'><strong>fundatum:</strong></span> <span class='ocrx_word' id='word_1_74' title='bbox 541 1497 571 1552; x_wconf 89' lang='lat' dir='ltr'><strong>et</strong></span> <span class='ocrx_word' id='word_1_75' title='bbox 593 1507 658 1552; x_wconf 91' lang='lat' dir='ltr'><strong>cum</strong></span> <span class='ocrx_word' id='word_1_76' title='bbox 676 1487 712 1567; x_wconf 87' lang='lat'><strong>¹¹)</strong></span> <span class='ocrx_word' id='word_1_77' title='bbox 734 1489 771 1552; x_wconf 91' lang='lat' dir='ltr'><strong>de</strong></span> <span class='ocrx_word' id='word_1_78' title='bbox 794 1488 877 1552; x_wconf 92' lang='lat' dir='ltr'><strong>fonte</strong></span> <span class='ocrx_word' id='word_1_79' title='bbox 900 1505 960 1550; x_wconf 88' lang='lat' dir='ltr'><strong>uno</strong></span> <span class='ocrx_word' id='word_1_80' title='bbox 978 1489 1033 1550; x_wconf 89' lang='lat' dir='ltr'><strong>rivi</strong></span> <span class='ocrx_word' id='word_1_81' title='bbox 1049 1489 1119 1569; x_wconf 91' lang='lat' dir='ltr'><strong>plu-</strong></span> 
     </span>
     <span class='ocr_line' id='line_1_11' title="bbox 12 1601 1119 1683; baseline -0.001 -17"><span class='ocrx_word' id='word_1_82' title='bbox 12 1655 13 1660; x_wconf 61' lang='grc'>,</span> <span class='ocrx_word' id='word_1_83' title='bbox 70 1623 94 1666; x_wconf 84' lang='lat' dir='ltr'><strong>re</strong></span> <span class='ocrx_word' id='word_1_84' title='bbox 107 1607 174 1667; x_wconf 90' lang='lat' dir='ltr'><strong>rimi</strong></span> <span class='ocrx_word' id='word_1_85' title='bbox 198 1604 339 1683; x_wconf 90' lang='lat' dir='ltr'><strong>defluunt,</strong></span> <span class='ocrx_word' id='word_1_86' title='bbox 363 1605 560 1667; x_wconf 83' lang='lat' dir='ltr'><strong>numerositas</strong></span> <span class='ocrx_word' id='word_1_87' title='bbox 583 1603 652 1666; x_wconf 91' lang='lat' dir='ltr'><strong>licet</strong></span> <span class='ocrx_word' id='word_1_88' title='bbox 675 1603 780 1666; x_wconf 83' lang='lat' dir='ltr'><strong>diflusa</strong></span> <span class='ocrx_word' id='word_1_89' title='bbox 802 1603 938 1666; x_wconf 89' lang='lat' dir='ltr'><strong>videatur</strong></span> <span class='ocrx_word' id='word_1_90' title='bbox 961 1601 1119 1665; x_wconf 88' lang='lat' dir='ltr'><strong>exundan-</strong></span> 
     </span>
     <span class='ocr_line' id='line_1_12' title="bbox 107 1695 1117 1802; baseline -0.004 -21"><span class='ocrx_word' id='word_1_91' title='bbox 107 1721 143 1782; x_wconf 91' lang='lat' dir='ltr'><strong>tis</strong></span> <span class='ocrx_word' id='word_1_92' title='bbox 164 1717 202 1796; x_wconf 73' lang='lat'><strong>¹²)</strong></span> <span class='ocrx_word' id='word_1_93' title='bbox 226 1720 331 1800; x_wconf 83' lang='lat' dir='ltr'><strong>copiae</strong></span> <span class='ocrx_word' id='word_1_94' title='bbox 354 1719 507 1802; x_wconf 85' lang='lat' dir='ltr'><strong>largitate,</strong></span> <span class='ocrx_word' id='word_1_95' title='bbox 541 1718 636 1780; x_wconf 89' lang='lat' dir='ltr'><strong>unitas</strong></span> <span class='ocrx_word' id='word_1_96' title='bbox 659 1723 754 1779; x_wconf 89' lang='lat' dir='ltr'><strong>tamen</strong></span> <span class='ocrx_word' id='word_1_97' title='bbox 779 1695 968 1780; x_wconf 86' lang='lat' dir='ltr'><strong>servaturin</strong></span> <span class='ocrx_word' id='word_1_98' title='bbox 992 1717 1117 1800; x_wconf 88' lang='lat' dir='ltr'><strong>origine.</strong></span> 
     </span>
     <span class='ocr_line' id='line_1_13' title="bbox 106 1829 1117 1912; baseline -0.004 -16"><span class='ocrx_word' id='word_1_99' title='bbox 106 1834 212 1896; x_wconf 91' lang='lat' dir='ltr'><strong>Avelle</strong></span> <span class='ocrx_word' id='word_1_100' title='bbox 233 1829 270 1910; x_wconf 82' lang='lat'><strong>¹³)</strong></span> <span class='ocrx_word' id='word_1_101' title='bbox 293 1831 407 1895; x_wconf 91' lang='lat' dir='ltr'><strong>radium</strong></span> <span class='ocrx_word' id='word_1_102' title='bbox 430 1832 502 1895; x_wconf 90' lang='lat' dir='ltr'><strong>solis</strong></span> <span class='ocrx_word' id='word_1_103' title='bbox 526 1851 541 1894; x_wconf 86' lang='lat' dir='ltr'><strong>a</strong></span> <span class='ocrx_word' id='word_1_104' title='bbox 565 1849 703 1912; x_wconf 85' lang='lat' dir='ltr'><strong>corpore,</strong></span> <span class='ocrx_word' id='word_1_105' title='bbox 728 1830 901 1893; x_wconf 89' lang='lat' dir='ltr'><strong>divisionem</strong></span> <span class='ocrx_word' id='word_1_106' title='bbox 924 1831 998 1894; x_wconf 91' lang='lat' dir='ltr'><strong>lucis</strong></span> <span class='ocrx_word' id='word_1_107' title='bbox 1022 1831 1117 1893; x_wconf 91' lang='lat' dir='ltr'><strong>unitas</strong></span> 
     </span>
     <span class='ocr_line' id='line_1_14' title="bbox 105 1946 1116 2032; baseline -0.002 -21"><span class='ocrx_word' id='word_1_108' title='bbox 105 1967 166 2011; x_wconf 90' lang='lat' dir='ltr'><strong>non</strong></span> <span class='ocrx_word' id='word_1_109' title='bbox 191 1948 283 2028; x_wconf 82' lang='lat' dir='ltr'><strong>capit3</strong></span> <span class='ocrx_word' id='word_1_110' title='bbox 315 1948 350 2010; x_wconf 93' lang='lat' dir='ltr'><strong>ab</strong></span> <span class='ocrx_word' id='word_1_111' title='bbox 377 1949 485 2011; x_wconf 86' lang='lat' dir='ltr'><strong>arbore</strong></span> <span class='ocrx_word' id='word_1_112' title='bbox 516 1948 621 2031; x_wconf 84' lang='lat' dir='ltr'><strong>frange</strong></span> <span class='ocrx_word' id='word_1_113' title='bbox 652 1966 781 2026; x_wconf 88' lang='lat' dir='ltr'><strong>ramum,</strong></span> <span class='ocrx_word' id='word_1_114' title='bbox 813 1946 924 2010; x_wconf 88' lang='lat' dir='ltr'><strong>fractus</strong></span> <span class='ocrx_word' id='word_1_115' title='bbox 946 1947 1116 2032; x_wconf 90' lang='lat' dir='ltr'><strong>germinare</strong></span> 
     </span>
     <span class='ocr_line' id='line_1_15' title="bbox 105 2061 1116 2147; baseline -0.008 -18"><span class='ocrx_word' id='word_1_116' title='bbox 105 2085 165 2129; x_wconf 92' lang='lat' dir='ltr'><strong>non</strong></span> <span class='ocrx_word' id='word_1_117' title='bbox 190 2063 316 2147; x_wconf 83' lang='lat' dir='ltr'><strong>poterit3</strong></span> <span class='ocrx_word' id='word_1_118' title='bbox 341 2085 356 2126; x_wconf 89' lang='lat' dir='ltr'><strong>a</strong></span> <span class='ocrx_word' id='word_1_119' title='bbox 381 2063 463 2128; x_wconf 89' lang='lat' dir='ltr'><strong>fonte</strong></span> <span class='ocrx_word' id='word_1_120' title='bbox 480 2061 518 2142; x_wconf 78' lang='lat'><strong>¹⁴)</strong></span> <span class='ocrx_word' id='word_1_121' title='bbox 542 2064 681 2146; x_wconf 88' lang='lat' dir='ltr'><strong>praecide</strong></span> <span class='ocrx_word' id='word_1_122' title='bbox 700 2065 805 2141; x_wconf 87' lang='lat' dir='ltr'><strong>rivum,</strong></span> <span class='ocrx_word' id='word_1_123' title='bbox 828 2063 982 2145; x_wconf 91' lang='lat' dir='ltr'><strong>praecisus</strong></span> <span class='ocrx_word' id='word_1_124' title='bbox 1000 2062 1116 2125; x_wconf 89' lang='lat' dir='ltr'><strong>arescit.</strong></span> 
     </span>
    </p>
   </div>
   <div class='ocr_carea' id='block_1_3' title="bbox 108 2201 317 2212">
    <p class='ocr_par' dir='ltr' id='par_1_3' title="bbox 108 2201 317 2212">
     <span class='ocr_line' id='line_1_16' title="bbox 108 2201 317 2212; baseline -0.014 0"><span class='ocrx_word' id='word_1_125' title='bbox 108 2201 317 2212; x_wconf 69' lang='lat' dir='ltr'><em>——u-—----——</em></span> 
     </span>
    </p>
   </div>
   <div class='ocr_carea' id='block_1_4' title="bbox 104 2269 1120 3919">
    <p class='ocr_par' dir='ltr' id='par_1_4' title="bbox 104 2269 1120 3919">
     <span class='ocr_line' id='line_1_17' title="bbox 107 2269 1117 2340; baseline -0.007 -12"><span class='ocrx_word' id='word_1_126' title='bbox 107 2286 198 2328; x_wconf 81' lang='lat' dir='ltr'><strong>tenera.</strong></span> <span class='ocrx_word' id='word_1_127' title='bbox 235 2273 271 2324; x_wconf 89' lang='lat' dir='ltr'><strong>Ba</strong></span> <span class='ocrx_word' id='word_1_128' title='bbox 296 2276 362 2340; x_wconf 74' lang='lat' dir='ltr'><strong>firm.</strong></span> <span class='ocrx_word' id='word_1_129' title='bbox 389 2274 523 2326; x_wconf 78' lang='lat' dir='ltr'><strong>claudicare</strong></span> <span class='ocrx_word' id='word_1_130' title='bbox 549 2270 701 2339; x_wconf 83' lang='lat' dir='ltr'><strong>(vendicare</strong></span> <span class='ocrx_word' id='word_1_131' title='bbox 727 2269 766 2322; x_wconf 85' lang='lat' dir='ltr'><strong>lllc</strong></span> <span class='ocrx_word' id='word_1_132' title='bbox 793 2279 818 2322; x_wconf 92' lang='lat' dir='ltr'><strong>et</strong></span> <span class='ocrx_word' id='word_1_133' title='bbox 842 2287 856 2322; x_wconf 89' lang='lat' dir='ltr'><strong>a</strong></span> <span class='ocrx_word' id='word_1_134' title='bbox 881 2288 900 2322; x_wconf 89' lang='lat' dir='ltr'><strong>s.</strong></span> <span class='ocrx_word' id='word_1_135' title='bbox 925 2287 955 2322; x_wconf 89' lang='lat' dir='ltr'><strong>m.</strong></span> <span class='ocrx_word' id='word_1_136' title='bbox 975 2269 1045 2338; x_wconf 85' lang='lat' dir='ltr'><strong>llab)</strong></span> <span class='ocrx_word' id='word_1_137' title='bbox 1072 2285 1117 2338; x_wconf 88' lang='lat' dir='ltr'><strong>pro</strong></span> 
     </span>
     <span class='ocr_line' id='line_1_18' title="bbox 110 2355 1115 2429; baseline -0.006 -15"><span class='ocrx_word' id='word_1_138' title='bbox 110 2372 195 2414; x_wconf 83' lang='lat' dir='ltr'><strong>tenere</strong></span> <span class='ocrx_word' id='word_1_139' title='bbox 220 2363 329 2429; x_wconf 67' lang='lat' dir='ltr'><strong>fimiter</strong></span> <span class='ocrx_word' id='word_1_140' title='bbox 352 2369 374 2412; x_wconf 84' lang='lat' dir='ltr'><strong>ct</strong></span> <span class='ocrx_word' id='word_1_141' title='bbox 397 2363 540 2413; x_wconf 74' lang='lat' dir='ltr'><strong>vindicare.</strong></span> <span class='ocrx_word' id='word_1_142' title='bbox 595 2359 623 2426; x_wconf 88' lang='grc'><strong>6)</strong></span> <span class='ocrx_word' id='word_1_143' title='bbox 648 2362 694 2428; x_wconf 78' lang='lat' dir='ltr'><strong>pai</strong></span> <span class='ocrx_word' id='word_1_144' title='bbox 717 2362 843 2413; x_wconf 75' lang='lat' dir='ltr'><strong>ecclesiae</strong></span> <span class='ocrx_word' id='word_1_145' title='bbox 867 2359 1049 2429; x_wconf 75' lang='lat' dir='ltr'><strong>praesidemus</strong></span> <span class='ocrx_word' id='word_1_146' title='bbox 1068 2355 1115 2408; x_wconf 88' lang='lat' dir='ltr'><strong>lle.</strong></span> 
     </span>
     <span class='ocr_line' id='line_1_19' title="bbox 109 2445 1117 2516; baseline -0.001 -17"><span class='ocrx_word' id='word_1_147' title='bbox 109 2449 173 2499; x_wconf 87' lang='lat' dir='ltr'><strong>Dein</strong></span> <span class='ocrx_word' id='word_1_148' title='bbox 192 2458 213 2501; x_wconf 85' lang='lat' dir='ltr'><strong>at</strong></span> <span class='ocrx_word' id='word_1_149' title='bbox 230 2464 276 2516; x_wconf 86' lang='lat' dir='ltr'><strong>pro</strong></span> <span class='ocrx_word' id='word_1_150' title='bbox 294 2458 323 2501; x_wconf 85' lang='lat' dir='ltr'><strong>at</strong></span> <span class='ocrx_word' id='word_1_151' title='bbox 342 2447 383 2497; x_wconf 91' lang='lat' dir='ltr'><strong>ed.</strong></span> <span class='ocrx_word' id='word_1_152' title='bbox 397 2445 516 2498; x_wconf 87' lang='lat' dir='ltr'><strong>Daventr.</strong></span> <span class='ocrx_word' id='word_1_153' title='bbox 552 2445 648 2496; x_wconf 88' lang='lat' dir='ltr'><strong>Eadem</strong></span> <span class='ocrx_word' id='word_1_154' title='bbox 666 2446 730 2498; x_wconf 90' lang='lat' dir='ltr'><strong>infra</strong></span> <span class='ocrx_word' id='word_1_155' title='bbox 747 2450 911 2516; x_wconf 78' lang='lat' dir='ltr'><strong>praedamna.</strong></span> <span class='ocrx_word' id='word_1_156' title='bbox 949 2446 976 2510; x_wconf 83' lang='grc'><strong>1)</strong></span> <span class='ocrx_word' id='word_1_157' title='bbox 993 2449 1117 2515; x_wconf 70' lang='lat' dir='ltr'><strong>perfidiae</strong></span> 
     </span>
     <span class='ocr_line' id='line_1_20' title="bbox 109 2532 1118 2606; baseline -0.003 -21"><span class='ocrx_word' id='word_1_158' title='bbox 109 2536 176 2601; x_wconf 74' lang='lat' dir='ltr'><strong>Ver,</strong></span> <span class='ocrx_word' id='word_1_159' title='bbox 196 2554 243 2605; x_wconf 83' lang='lat' dir='ltr'><strong>per</strong></span> <span class='ocrx_word' id='word_1_160' title='bbox 260 2539 319 2606; x_wconf 74' lang='lat' dir='ltr'><strong>fidei</strong></span> <span class='ocrx_word' id='word_1_161' title='bbox 336 2536 591 2605; x_wconf 73' lang='lat' dir='ltr'><strong>praevaricationem</strong></span> <span class='ocrx_word' id='word_1_162' title='bbox 609 2532 658 2584; x_wconf 86' lang='lat' dir='ltr'><strong>ltlb.</strong></span> <span class='ocrx_word' id='word_1_163' title='bbox 704 2533 733 2601; x_wconf 83' lang='lat'><strong>8)</strong></span> <span class='ocrx_word' id='word_1_164' title='bbox 751 2542 791 2586; x_wconf 84' lang='lat' dir='ltr'><strong>est</strong></span> <span class='ocrx_word' id='word_1_165' title='bbox 812 2549 830 2584; x_wconf 90' lang='lat' dir='ltr'><strong>r.</strong></span> <span class='ocrx_word' id='word_1_166' title='bbox 850 2550 881 2584; x_wconf 93' lang='grc' dir='ltr'><strong>ιιι.</strong></span> <span class='ocrx_word' id='word_1_167' title='bbox 901 2533 1074 2601; x_wconf 86' lang='lat' dir='ltr'><strong>superscripsit</strong></span> <span class='ocrx_word' id='word_1_168' title='bbox 1092 2534 1118 2583; x_wconf 90' lang='lat' dir='ltr'><strong>iu</strong></span> 
     </span>
     <span class='ocr_line' id='line_1_21' title="bbox 105 2619 1118 2692; baseline -0.005 -17"><span class='ocrx_word' id='word_1_169' title='bbox 105 2624 153 2676; x_wconf 85' lang='lat' dir='ltr'><strong>tte.</strong></span> <span class='ocrx_word' id='word_1_170' title='bbox 185 2623 251 2676; x_wconf 85' lang='lat' dir='ltr'><strong>Dein</strong></span> <span class='ocrx_word' id='word_1_171' title='bbox 271 2626 419 2691; x_wconf 73' lang='lat' dir='ltr'><strong>astragalis</strong></span> <span class='ocrx_word' id='word_1_172' title='bbox 440 2631 580 2673; x_wconf 87' lang='lat' dir='ltr'><strong>correctum</strong></span> <span class='ocrx_word' id='word_1_173' title='bbox 600 2639 613 2673; x_wconf 92' lang='lat' dir='ltr'><strong>e</strong></span> <span class='ocrx_word' id='word_1_174' title='bbox 632 2625 773 2692; x_wconf 71' lang='lat' dir='ltr'><strong>sanguinis</strong></span> <span class='ocrx_word' id='word_1_175' title='bbox 791 2622 816 2672; x_wconf 92' lang='lat' dir='ltr'><strong>in</strong></span> <span class='ocrx_word' id='word_1_176' title='bbox 828 2620 878 2671; x_wconf 86' lang='lat' dir='ltr'><strong>llb.</strong></span> <span class='ocrx_word' id='word_1_177' title='bbox 910 2620 1012 2671; x_wconf 84' lang='lat' dir='ltr'><strong>lnuerso</strong></span> <span class='ocrx_word' id='word_1_178' title='bbox 1030 2619 1118 2671; x_wconf 83' lang='lat' dir='ltr'><strong>ordine</strong></span> 
     </span>
     <span class='ocr_line' id='line_1_22' title="bbox 104 2705 1117 2781; baseline -0.006 -17"><span class='ocrx_word' id='word_1_179' title='bbox 104 2713 172 2764; x_wconf 89' lang='lat' dir='ltr'><strong>idem</strong></span> <span class='ocrx_word' id='word_1_180' title='bbox 191 2711 268 2763; x_wconf 86' lang='lat' dir='ltr'><strong>habet</strong></span> <span class='ocrx_word' id='word_1_181' title='bbox 284 2730 349 2781; x_wconf 85' lang='lat' dir='ltr'><strong>pare</strong></span> <span class='ocrx_word' id='word_1_182' title='bbox 369 2714 397 2762; x_wconf 78' lang='lat' dir='ltr'><strong>in</strong></span> <span class='ocrx_word' id='word_1_183' title='bbox 415 2713 538 2764; x_wconf 82' lang='lat' dir='ltr'><strong>solidam.</strong></span> <span class='ocrx_word' id='word_1_184' title='bbox 575 2710 602 2774; x_wconf 87' lang='grc'><strong>9)</strong></span> <span class='ocrx_word' id='word_1_185' title='bbox 623 2709 664 2760; x_wconf 90' lang='lat' dir='ltr'><strong>lllb</strong></span> <span class='ocrx_word' id='word_1_186' title='bbox 684 2709 754 2760; x_wconf 81' lang='lat' dir='ltr'><strong>addit</strong></span> <span class='ocrx_word' id='word_1_187' title='bbox 771 2726 879 2778; x_wconf 74' lang='lat' dir='ltr'><strong>queque,</strong></span> <span class='ocrx_word' id='word_1_188' title='bbox 899 2707 965 2776; x_wconf 87' lang='lat' dir='ltr'><strong>quod</strong></span> <span class='ocrx_word' id='word_1_189' title='bbox 986 2721 1000 2756; x_wconf 88' lang='lat' dir='ltr'><strong>e</strong></span> <span class='ocrx_word' id='word_1_190' title='bbox 1019 2705 1117 2758; x_wconf 84' lang='lat' dir='ltr'><strong>Cambr.</strong></span> 
     </span>
     <span class='ocr_line' id='line_1_23' title="bbox 105 2793 1117 2867; baseline -0.006 -16"><span class='ocrx_word' id='word_1_191' title='bbox 105 2801 204 2867; x_wconf 90' lang='lat' dir='ltr'><strong>recepit</strong></span> <span class='ocrx_word' id='word_1_192' title='bbox 228 2797 368 2863; x_wconf 80' lang='lat' dir='ltr'><strong>Pamelins,</strong></span> <span class='ocrx_word' id='word_1_193' title='bbox 397 2814 471 2867; x_wconf 89' lang='lat' dir='ltr'><strong>quern</strong></span> <span class='ocrx_word' id='word_1_194' title='bbox 498 2799 569 2865; x_wconf 89' lang='lat' dir='ltr'><strong>sequi</strong></span> <span class='ocrx_word' id='word_1_195' title='bbox 594 2813 644 2848; x_wconf 89' lang='lat' dir='ltr'><strong>non</strong></span> <span class='ocrx_word' id='word_1_196' title='bbox 671 2796 799 2848; x_wconf 86' lang='lat' dir='ltr'><strong>debebant</strong></span> <span class='ocrx_word' id='word_1_197' title='bbox 822 2795 911 2864; x_wconf 85' lang='lat' dir='ltr'><strong>Rigalt.</strong></span> <span class='ocrx_word' id='word_1_198' title='bbox 932 2793 1011 2847; x_wconf 82' lang='lat' dir='ltr'><strong>Oxou.</strong></span> <span class='ocrx_word' id='word_1_199' title='bbox 1032 2794 1117 2846; x_wconf 85' lang='lat' dir='ltr'><strong>Baluz.</strong></span> 
     </span>
     <span class='ocr_line' id='line_1_24' title="bbox 106 2879 1117 2949; baseline -0.009 -10"><span class='ocrx_word' id='word_1_200' title='bbox 106 2887 197 2939; x_wconf 88' lang='lat' dir='ltr'><strong>Goldh.</strong></span> <span class='ocrx_word' id='word_1_201' title='bbox 228 2884 289 2937; x_wconf 86' lang='lat' dir='ltr'><strong>Tum</strong></span> <span class='ocrx_word' id='word_1_202' title='bbox 308 2891 336 2939; x_wconf 84' lang='lat' dir='ltr'><strong>a&#39;n</strong></span> <span class='ocrx_word' id='word_1_203' title='bbox 355 2889 521 2940; x_wconf 76' lang='lat' dir='ltr'><strong>multitudine</strong></span> <span class='ocrx_word' id='word_1_204' title='bbox 538 2884 584 2938; x_wconf 89' lang='lat' dir='ltr'><strong>Bb.</strong></span> <span class='ocrx_word' id='word_1_205' title='bbox 622 2885 666 2949; x_wconf 84' lang='grc'>111)</span> <span class='ocrx_word' id='word_1_206' title='bbox 686 2889 765 2939; x_wconf 85' lang='lat' dir='ltr'><strong>rader</strong></span> <span class='ocrx_word' id='word_1_207' title='bbox 782 2884 822 2948; x_wconf 81' lang='lat' dir='ltr'><strong>W,</strong></span> <span class='ocrx_word' id='word_1_208' title='bbox 841 2888 923 2937; x_wconf 82' lang='lat' dir='ltr'><strong>rodarr</strong></span> <span class='ocrx_word' id='word_1_209' title='bbox 940 2899 1038 2946; x_wconf 65' lang='lat' dir='ltr'><strong>assarna</strong></span> <span class='ocrx_word' id='word_1_210' title='bbox 1057 2879 1117 2931; x_wconf 87' lang='lat' dir='ltr'><strong>alias</strong></span> 
     </span>
     <span class='ocr_line' id='line_1_25' title="bbox 106 2963 1115 3039; baseline -0.009 -10"><span class='ocrx_word' id='word_1_211' title='bbox 106 2980 186 3030; x_wconf 82' lang='lat' dir='ltr'><strong>arder</strong></span> <span class='ocrx_word' id='word_1_212' title='bbox 204 2991 258 3028; x_wconf 80' lang='lat' dir='ltr'><strong>aaa</strong></span> <span class='ocrx_word' id='word_1_213' title='bbox 276 2990 339 3025; x_wconf 87' lang='lat' dir='ltr'><strong>unus</strong></span> <span class='ocrx_word' id='word_1_214' title='bbox 352 2972 406 3024; x_wconf 81' lang='lat' dir='ltr'><strong>nat.</strong></span> <span class='ocrx_word' id='word_1_215' title='bbox 437 2975 521 3026; x_wconf 82' lang='lat' dir='ltr'><strong>Ardor</strong></span> <span class='ocrx_word' id='word_1_216' title='bbox 539 2991 593 3026; x_wconf 80' lang='lat' dir='ltr'><strong>anta</strong></span> <span class='ocrx_word' id='word_1_217' title='bbox 612 2975 687 3024; x_wconf 86' lang='lat' dir='ltr'><strong>etiarn</strong></span> <span class='ocrx_word' id='word_1_218' title='bbox 701 2973 723 3023; x_wconf 94' lang='lat' dir='ltr'><strong>A</strong></span> <span class='ocrx_word' id='word_1_219' title='bbox 743 2981 768 3023; x_wconf 93' lang='lat' dir='ltr'><strong>et</strong></span> <span class='ocrx_word' id='word_1_220' title='bbox 785 2981 836 3023; x_wconf 89' lang='lat' dir='ltr'><strong>tres</strong></span> <span class='ocrx_word' id='word_1_221' title='bbox 851 2970 921 3039; x_wconf 85' lang='lat' dir='ltr'><strong>Augl.</strong></span> <span class='ocrx_word' id='word_1_222' title='bbox 935 2987 957 3020; x_wconf 90' lang='lat' dir='ltr'><strong>c.</strong></span> <span class='ocrx_word' id='word_1_223' title='bbox 971 2969 1010 3019; x_wconf 86' lang='lat' dir='ltr'><strong>ed.</strong></span> <span class='ocrx_word' id='word_1_224' title='bbox 1023 2963 1115 3020; x_wconf 72' lang='lat' dir='ltr'><strong>Manat</strong></span> 
     </span>
     <span class='ocr_line' id='line_1_26' title="bbox 106 3055 1119 3128; baseline -0.007 -15"><span class='ocrx_word' id='word_1_225' title='bbox 106 3060 283 3113; x_wconf 88' lang='lat' dir='ltr'><strong>Pamelius:</strong></span> <span class='ocrx_word' id='word_1_226' title='bbox 308 3063 381 3125; x_wconf 80' lang='lat' dir='ltr'><strong>„Nan</strong></span> <span class='ocrx_word' id='word_1_227' title='bbox 397 3064 482 3128; x_wconf 76' lang='lat' dir='ltr'><strong>placet</strong></span> <span class='ocrx_word' id='word_1_228' title='bbox 500 3063 613 3114; x_wconf 82' lang='lat' dir='ltr'><strong>lllanutii</strong></span> <span class='ocrx_word' id='word_1_229' title='bbox 631 3062 733 3112; x_wconf 82' lang='lat' dir='ltr'><strong>lectia.“</strong></span> <span class='ocrx_word' id='word_1_230' title='bbox 769 3059 907 3126; x_wconf 77' lang='lat' dir='ltr'><strong>lledarguit</strong></span> <span class='ocrx_word' id='word_1_231' title='bbox 925 3055 1076 3106; x_wconf 81' lang='lat' dir='ltr'><strong>latinius</strong></span> <span class='ocrx_word' id='word_1_232' title='bbox 1094 3057 1119 3106; x_wconf 94' lang='lat' dir='ltr'><strong>in</strong></span> 
     </span>
     <span class='ocr_line' id='line_1_27' title="bbox 106 3146 1117 3215; baseline -0.005 -15"><span class='ocrx_word' id='word_1_233' title='bbox 106 3149 172 3200; x_wconf 91' lang='lat' dir='ltr'><strong>libro</strong></span> <span class='ocrx_word' id='word_1_234' title='bbox 191 3149 234 3199; x_wconf 88' lang='lat' dir='ltr'><strong>cit.</strong></span> <span class='ocrx_word' id='word_1_235' title='bbox 254 3146 280 3199; x_wconf 88' lang='lat' dir='ltr'><strong>T.</strong></span> <span class='ocrx_word' id='word_1_236' title='bbox 295 3147 314 3198; x_wconf 91' lang='lat'><strong>1.</strong></span> <span class='ocrx_word' id='word_1_237' title='bbox 334 3165 357 3215; x_wconf 94' lang='lat' dir='ltr'><strong>p.</strong></span> <span class='ocrx_word' id='word_1_238' title='bbox 372 3147 429 3201; x_wconf 81' lang='lat'><strong>179.</strong></span> <span class='ocrx_word' id='word_1_239' title='bbox 448 3147 548 3200; x_wconf 88' lang='lat' dir='ltr'><strong>eol.1.:</strong></span> <span class='ocrx_word' id='word_1_240' title='bbox 575 3146 623 3212; x_wconf 88' lang='lat' dir='ltr'><strong>„Et</strong></span> <span class='ocrx_word' id='word_1_241' title='bbox 640 3147 689 3199; x_wconf 88' lang='lat' dir='ltr'><strong>hoc</strong></span> <span class='ocrx_word' id='word_1_242' title='bbox 709 3165 741 3199; x_wconf 81' lang='lat' dir='ltr'><strong>ex</strong></span> <span class='ocrx_word' id='word_1_243' title='bbox 757 3149 788 3198; x_wconf 92' lang='lat' dir='ltr'><strong>iis</strong></span> <span class='ocrx_word' id='word_1_244' title='bbox 807 3154 855 3210; x_wconf 86' lang='lat' dir='ltr'><strong>est,</strong></span> <span class='ocrx_word' id='word_1_245' title='bbox 874 3160 939 3214; x_wconf 89' lang='lat' dir='ltr'><strong>quae</strong></span> <span class='ocrx_word' id='word_1_246' title='bbox 957 3159 1040 3211; x_wconf 91' lang='lat' dir='ltr'><strong>neque</strong></span> <span class='ocrx_word' id='word_1_247' title='bbox 1060 3159 1117 3212; x_wconf 80' lang='lat' dir='ltr'><strong>ego,</strong></span> 
     </span>
     <span class='ocr_line' id='line_1_28' title="bbox 107 3231 1118 3304; baseline -0.005 -17"><span class='ocrx_word' id='word_1_248' title='bbox 107 3252 191 3304; x_wconf 90' lang='lat' dir='ltr'><strong>neque</strong></span> <span class='ocrx_word' id='word_1_249' title='bbox 206 3235 329 3287; x_wconf 84' lang='lat' dir='ltr'><strong>Manutius</strong></span> <span class='ocrx_word' id='word_1_250' title='bbox 342 3236 468 3298; x_wconf 60' lang='lat' dir='ltr'><strong>mutavitp</strong></span> <span class='ocrx_word' id='word_1_251' title='bbox 479 3235 524 3287; x_wconf 92' lang='lat' dir='ltr'><strong>sed</strong></span> <span class='ocrx_word' id='word_1_252' title='bbox 538 3237 587 3299; x_wconf 82' lang='lat' dir='ltr'><strong>cui,</strong></span> <span class='ocrx_word' id='word_1_253' title='bbox 607 3235 727 3304; x_wconf 81' lang='lat' dir='ltr'><strong>quidquid</strong></span> <span class='ocrx_word' id='word_1_254' title='bbox 748 3235 821 3287; x_wconf 90' lang='lat' dir='ltr'><strong>libuit</strong></span> <span class='ocrx_word' id='word_1_255' title='bbox 837 3241 995 3302; x_wconf 83' lang='lat' dir='ltr'><strong>pervertere,</strong></span> <span class='ocrx_word' id='word_1_256' title='bbox 1015 3231 1118 3298; x_wconf 85' lang='lat' dir='ltr'><strong>addere,</strong></span> 
     </span>
     <span class='ocr_line' id='line_1_29' title="bbox 108 3320 1119 3392; baseline 0 -18"><span class='ocrx_word' id='word_1_257' title='bbox 108 3324 228 3387; x_wconf 82' lang='lat' dir='ltr'><strong>demere,</strong></span> <span class='ocrx_word' id='word_1_258' title='bbox 256 3338 416 3392; x_wconf 85' lang='lat' dir='ltr'><strong>corrumpere</strong></span> <span class='ocrx_word' id='word_1_259' title='bbox 441 3339 480 3374; x_wconf 91' lang='lat' dir='ltr'><strong>me</strong></span> <span class='ocrx_word' id='word_1_260' title='bbox 504 3324 599 3388; x_wconf 80' lang='lat' dir='ltr'><strong>invito,</strong></span> <span class='ocrx_word' id='word_1_261' title='bbox 626 3327 775 3392; x_wconf 90' lang='lat' dir='ltr'><strong>permissum</strong></span> <span class='ocrx_word' id='word_1_262' title='bbox 794 3323 863 3374; x_wconf 84' lang='lat' dir='ltr'><strong>fuit.“</strong></span> <span class='ocrx_word' id='word_1_263' title='bbox 899 3320 1035 3389; x_wconf 85' lang='lat' dir='ltr'><strong>Perperam</strong></span> <span class='ocrx_word' id='word_1_264' title='bbox 1054 3330 1119 3374; x_wconf 84' lang='lat' dir='ltr'><strong>tenet</strong></span> 
     </span>
     <span class='ocr_line' id='line_1_30' title="bbox 108 3399 1119 3482; baseline -0.003 -22"><span class='ocrx_word' id='word_1_265' title='bbox 108 3409 151 3463; x_wconf 90' lang='lat' dir='ltr'><strong>Ba.</strong></span> <span class='ocrx_word' id='word_1_266' title='bbox 188 3399 255 3461; x_wconf 84' lang='lat' dir='ltr'><strong>Dein</strong></span> <span class='ocrx_word' id='word_1_267' title='bbox 279 3415 436 3482; x_wconf 73' lang='lat' dir='ltr'><strong>scandatum,¹</strong></span> <span class='ocrx_word' id='word_1_268' title='bbox 462 3410 523 3462; x_wconf 87' lang='lat' dir='ltr'><strong>alias</strong></span> <span class='ocrx_word' id='word_1_269' title='bbox 546 3415 656 3479; x_wconf 76' lang='lat' dir='ltr'><strong>sandeta</strong></span> <span class='ocrx_word' id='word_1_270' title='bbox 681 3428 743 3463; x_wconf 90' lang='lat' dir='ltr'><strong>unus</strong></span> <span class='ocrx_word' id='word_1_271' title='bbox 766 3411 820 3462; x_wconf 89' lang='lat' dir='ltr'><strong>ltal.</strong></span> <span class='ocrx_word' id='word_1_272' title='bbox 857 3409 1060 3464; x_wconf 65' lang='lat' dir='ltr'><strong>Fraudatu&#39;item</strong></span> <span class='ocrx_word' id='word_1_273' title='bbox 1083 3406 1119 3458; x_wconf 88' lang='lat' dir='ltr'><strong>illi</strong></span> 
     </span>
     <span class='ocr_line' id='line_1_31' title="bbox 108 3493 1118 3566; baseline -0.004 -18"><span class='ocrx_word' id='word_1_274' title='bbox 108 3505 159 3548; x_wconf 91' lang='lat' dir='ltr'><strong>tres</strong></span> <span class='ocrx_word' id='word_1_275' title='bbox 185 3497 261 3565; x_wconf 87' lang='lat' dir='ltr'><strong>Angl.</strong></span> <span class='ocrx_word' id='word_1_276' title='bbox 289 3506 315 3549; x_wconf 88' lang='lat' dir='ltr'><strong>et</strong></span> <span class='ocrx_word' id='word_1_277' title='bbox 340 3496 490 3550; x_wconf 84' lang='lat' dir='ltr'><strong>Manutiana.</strong></span> <span class='ocrx_word' id='word_1_278' title='bbox 525 3498 553 3549; x_wconf 87' lang='lat' dir='ltr'><strong>ln</strong></span> <span class='ocrx_word' id='word_1_279' title='bbox 579 3501 602 3548; x_wconf 99' lang='lat' dir='ltr'><strong>A</strong></span> <span class='ocrx_word' id='word_1_280' title='bbox 629 3497 692 3551; x_wconf 87' lang='lat' dir='ltr'><strong>hacc</strong></span> <span class='ocrx_word' id='word_1_281' title='bbox 719 3500 816 3550; x_wconf 85' lang='lat' dir='ltr'><strong>desunt.</strong></span> <span class='ocrx_word' id='word_1_282' title='bbox 872 3497 916 3563; x_wconf 88' lang='grc'><strong>11)</strong></span> <span class='ocrx_word' id='word_1_283' title='bbox 942 3501 1065 3566; x_wconf 80' lang='lat' dir='ltr'><strong>pecaniam</strong></span> <span class='ocrx_word' id='word_1_284' title='bbox 1087 3493 1118 3545; x_wconf 92' lang='lat' dir='ltr'><strong>A.</strong></span> 
     </span>
     <span class='ocr_line' id='line_1_32' title="bbox 108 3582 1120 3655; baseline -0.003 -20"><span class='ocrx_word' id='word_1_285' title='bbox 108 3582 322 3653; x_wconf 86' lang='lat' dir='ltr'><strong>Praepositiunem</strong></span> <span class='ocrx_word' id='word_1_286' title='bbox 341 3588 371 3638; x_wconf 85' lang='lat' dir='ltr'><strong>de</strong></span> <span class='ocrx_word' id='word_1_287' title='bbox 388 3599 437 3638; x_wconf 87' lang='lat' dir='ltr'><strong>om.</strong></span> <span class='ocrx_word' id='word_1_288' title='bbox 452 3583 499 3636; x_wconf 90' lang='lat' dir='ltr'><strong>Bb.</strong></span> <span class='ocrx_word' id='word_1_289' title='bbox 535 3587 615 3639; x_wconf 72' lang='lat' dir='ltr'><strong>Fonte</strong></span> <span class='ocrx_word' id='word_1_290' title='bbox 633 3587 658 3637; x_wconf 90' lang='lat' dir='ltr'><strong>in</strong></span> <span class='ocrx_word' id='word_1_291' title='bbox 677 3585 699 3636; x_wconf 90' lang='lat' dir='ltr'><strong>A</strong></span> <span class='ocrx_word' id='word_1_292' title='bbox 718 3593 860 3652; x_wconf 87' lang='lat' dir='ltr'><strong>corruptum</strong></span> <span class='ocrx_word' id='word_1_293' title='bbox 879 3585 903 3634; x_wconf 90' lang='lat' dir='ltr'><strong>in</strong></span> <span class='ocrx_word' id='word_1_294' title='bbox 921 3589 996 3655; x_wconf 71' lang='lat' dir='ltr'><strong>sorte.</strong></span> <span class='ocrx_word' id='word_1_295' title='bbox 1033 3582 1077 3645; x_wconf 87' lang='grc'><strong>12)</strong></span> <span class='ocrx_word' id='word_1_296' title='bbox 1096 3590 1120 3634; x_wconf 86' lang='lat' dir='ltr'><strong>et</strong></span> 
     </span>
     <span class='ocr_line' id='line_1_33' title="bbox 109 3666 1118 3740; baseline -0.003 -14"><span class='ocrx_word' id='word_1_297' title='bbox 109 3674 237 3727; x_wconf 75' lang='lat' dir='ltr'><strong>undantia</strong></span> <span class='ocrx_word' id='word_1_298' title='bbox 255 3671 331 3723; x_wconf 89' lang='lat' dir='ltr'><strong>idem.</strong></span> <span class='ocrx_word' id='word_1_299' title='bbox 387 3671 431 3740; x_wconf 85' lang='grc'><strong>13)</strong></span> <span class='ocrx_word' id='word_1_300' title='bbox 456 3672 484 3724; x_wconf 93' lang='lat' dir='ltr'><strong>ln</strong></span> <span class='ocrx_word' id='word_1_301' title='bbox 504 3671 546 3724; x_wconf 86' lang='lat' dir='ltr'><strong>Mb</strong></span> <span class='ocrx_word' id='word_1_302' title='bbox 571 3676 653 3726; x_wconf 80' lang='lat' dir='ltr'><strong>uuella</strong></span> <span class='ocrx_word' id='word_1_303' title='bbox 677 3689 697 3723; x_wconf 91' lang='lat' dir='ltr'><strong>s.</strong></span> <span class='ocrx_word' id='word_1_304' title='bbox 717 3690 748 3724; x_wconf 89' lang='lat' dir='ltr'><strong>m.</strong></span> <span class='ocrx_word' id='word_1_305' title='bbox 767 3674 872 3724; x_wconf 91' lang='lat' dir='ltr'><strong>mutavit</strong></span> <span class='ocrx_word' id='word_1_306' title='bbox 894 3673 919 3722; x_wconf 94' lang='lat' dir='ltr'><strong>in</strong></span> <span class='ocrx_word' id='word_1_307' title='bbox 938 3675 1025 3725; x_wconf 82' lang='lat' dir='ltr'><strong>evelle.</strong></span> <span class='ocrx_word' id='word_1_308' title='bbox 1061 3666 1118 3718; x_wconf 82' lang='lat' dir='ltr'><strong>Mox</strong></span> 
     </span>
     <span class='ocr_line' id='line_1_34' title="bbox 109 3751 1117 3828; baseline -0.006 -17"><span class='ocrx_word' id='word_1_309' title='bbox 109 3760 175 3812; x_wconf 86' lang='lat' dir='ltr'><strong>idern</strong></span> <span class='ocrx_word' id='word_1_310' title='bbox 202 3760 269 3812; x_wconf 88' lang='lat' dir='ltr'><strong>liber</strong></span> <span class='ocrx_word' id='word_1_311' title='bbox 297 3762 385 3813; x_wconf 82' lang='lat' dir='ltr'><strong>unitas</strong></span> <span class='ocrx_word' id='word_1_312' title='bbox 412 3769 504 3815; x_wconf 79' lang='lat' dir='ltr'><strong>temese.</strong></span> <span class='ocrx_word' id='word_1_313' title='bbox 540 3761 708 3828; x_wconf 80' lang='lat' dir='ltr'><strong>Negationem</strong></span> <span class='ocrx_word' id='word_1_314' title='bbox 734 3761 908 3828; x_wconf 85' lang='lat' dir='ltr'><strong>superscripsit</strong></span> <span class='ocrx_word' id='word_1_315' title='bbox 932 3775 951 3811; x_wconf 93' lang='lat' dir='ltr'><strong>r.</strong></span> <span class='ocrx_word' id='word_1_316' title='bbox 971 3774 1002 3808; x_wconf 92' lang='lat' dir='ltr'><strong>m.</strong></span> <span class='ocrx_word' id='word_1_317' title='bbox 1028 3757 1053 3805; x_wconf 93' lang='lat' dir='ltr'><strong>in</strong></span> <span class='ocrx_word' id='word_1_318' title='bbox 1070 3751 1117 3805; x_wconf 87' lang='lat' dir='ltr'><strong>lle.</strong></span> 
     </span>
     <span class='ocr_line' id='line_1_35' title="bbox 112 3831 1119 3919; baseline -0.006 -21"><span class='ocrx_word' id='word_1_319' title='bbox 112 3847 154 3913; x_wconf 83' lang='grc'><strong>11)</strong></span> <span class='ocrx_word' id='word_1_320' title='bbox 179 3869 195 3902; x_wconf 82' lang='lat' dir='ltr'><strong>a</strong></span> <span class='ocrx_word' id='word_1_321' title='bbox 218 3853 307 3919; x_wconf 75' lang='lat' dir='ltr'><strong>fronte</strong></span> <span class='ocrx_word' id='word_1_322' title='bbox 330 3847 369 3899; x_wconf 81' lang='lat' dir='ltr'><strong>tta</strong></span> <span class='ocrx_word' id='word_1_323' title='bbox 393 3858 419 3901; x_wconf 90' lang='lat' dir='ltr'><strong>et</strong></span> <span class='ocrx_word' id='word_1_324' title='bbox 436 3847 521 3902; x_wconf 79' lang='lat' dir='ltr'><strong>Baluz.</strong></span> <span class='ocrx_word' id='word_1_325' title='bbox 557 3848 619 3901; x_wconf 85' lang='lat' dir='ltr'><strong>Turn</strong></span> <span class='ocrx_word' id='word_1_326' title='bbox 647 3853 746 3903; x_wconf 82' lang='lat' dir='ltr'><strong>arescit</strong></span> <span class='ocrx_word' id='word_1_327' title='bbox 771 3831 846 3901; x_wconf 43' lang='lat' dir='ltr'><strong>cedda</strong></span> <span class='ocrx_word' id='word_1_328' title='bbox 871 3849 949 3900; x_wconf 90' lang='lat' dir='ltr'><strong>nostri</strong></span> <span class='ocrx_word' id='word_1_329' title='bbox 979 3859 1066 3895; x_wconf 85' lang='lat' dir='ltr'><strong>amnes</strong></span> <span class='ocrx_word' id='word_1_330' title='bbox 1093 3849 1119 3893; x_wconf 89' lang='lat' dir='ltr'><strong>et</strong></span> 
     </span>
    </p>
   </div>
   <div class='ocr_carea' id='block_1_5' title="bbox 111 3935 1119 4090">
    <p class='ocr_par' dir='ltr' id='par_1_5' title="bbox 111 3935 1119 4090">
     <span class='ocr_line' id='line_1_36' title="bbox 111 3935 1118 4007; baseline -0.007 -19"><span class='ocrx_word' id='word_1_331' title='bbox 111 3937 221 4007; x_wconf 89' lang='lat' dir='ltr'><strong>quinque</strong></span> <span class='ocrx_word' id='word_1_332' title='bbox 248 3935 367 4004; x_wconf 81' lang='lat' dir='ltr'><strong>Anglici,</strong></span> <span class='ocrx_word' id='word_1_333' title='bbox 390 3937 449 3988; x_wconf 87' lang='lat' dir='ltr'><strong>item</strong></span> <span class='ocrx_word' id='word_1_334' title='bbox 476 3938 518 4006; x_wconf 88' lang='lat' dir='ltr'><strong>qui</strong></span> <span class='ocrx_word' id='word_1_335' title='bbox 545 3935 569 3999; x_wconf 55' lang='lat' dir='ltr'><strong>lre</strong></span> <span class='ocrx_word' id='word_1_336' title='bbox 593 3936 610 3988; x_wconf 89' lang='lat' dir='ltr'><strong>l.</strong></span> <span class='ocrx_word' id='word_1_337' title='bbox 640 3935 723 3988; x_wconf 89' lang='lat' dir='ltr'><strong>laudat</strong></span> <span class='ocrx_word' id='word_1_338' title='bbox 749 3935 774 3988; x_wconf 89' lang='lat' dir='ltr'><strong>S.</strong></span> <span class='ocrx_word' id='word_1_339' title='bbox 799 3935 1003 4004; x_wconf 78' lang='lat' dir='ltr'><strong>Augustinus</strong></span> <span class='ocrx_word' id='word_1_340' title='bbox 1032 3937 1118 3982; x_wconf 87' lang='lat' dir='ltr'><strong>cantra</strong></span> 
     </span>
     <span class='ocr_line' id='line_1_37' title="bbox 111 4017 1119 4090; baseline -0.008 -14"><span class='ocrx_word' id='word_1_341' title='bbox 111 4021 229 4076; x_wconf 82' lang='lat' dir='ltr'><strong>Cressam.</strong></span> <span class='ocrx_word' id='word_1_342' title='bbox 255 4020 379 4076; x_wconf 84' lang='lat' dir='ltr'><strong>Donatist.</strong></span> <span class='ocrx_word' id='word_1_343' title='bbox 403 4023 430 4077; x_wconf 86' lang='lat' dir='ltr'><strong>L.</strong></span> <span class='ocrx_word' id='word_1_344' title='bbox 449 4023 478 4078; x_wconf 93' lang='grc'><strong>11.</strong></span> <span class='ocrx_word' id='word_1_345' title='bbox 504 4041 526 4078; x_wconf 90' lang='lat' dir='ltr'><strong>e.</strong></span> <span class='ocrx_word' id='word_1_346' title='bbox 546 4023 588 4078; x_wconf 76' lang='lat'><strong>33.</strong></span> <span class='ocrx_word' id='word_1_347' title='bbox 612 4027 636 4090; x_wconf 87' lang='lat'><strong>§.</strong></span> <span class='ocrx_word' id='word_1_348' title='bbox 654 4025 696 4078; x_wconf 87' lang='grc'><strong>12.</strong></span> <span class='ocrx_word' id='word_1_349' title='bbox 723 4025 790 4079; x_wconf 85' lang='lat' dir='ltr'><strong>Tam.</strong></span> <span class='ocrx_word' id='word_1_350' title='bbox 809 4023 848 4075; x_wconf 89' lang='lat' dir='ltr'><strong>lll.</strong></span> <span class='ocrx_word' id='word_1_351' title='bbox 872 4038 896 4090; x_wconf 91' lang='lat' dir='ltr'><strong>p.</strong></span> <span class='ocrx_word' id='word_1_352' title='bbox 915 4019 974 4072; x_wconf 83' lang='grc'>431.</span> <span class='ocrx_word' id='word_1_353' title='bbox 993 4017 1024 4072; x_wconf 87' lang='lat' dir='ltr'><strong>D.</strong></span> <span class='ocrx_word' id='word_1_354' title='bbox 1064 4019 1119 4070; x_wconf 89' lang='lat' dir='ltr'><strong>Ac·</strong></span> 
     </span>
    </p>
   </div>
   <div class='ocr_carea' id='block_1_6' title="bbox 0 0 1441 4700">
    <p class='ocr_par' dir='ltr' id='par_1_6' title="bbox 0 0 1441 4700">
     <span class='ocr_line' id='line_1_38' title="bbox 0 0 1441 4700; baseline 0 0"><span class='ocrx_word' id='word_1_355' title='bbox 0 0 1441 4700; x_wconf 95' lang='lat' dir='ltr'><strong> </strong></span> 
     </span>
    </p>
   </div>
  </div>
 </body>
</html>
