<?xml version="1.0" encoding="UTF-8"?>
<!DOCTYPE html PUBLIC "-//W3C//DTD XHTML 1.0 Transitional//EN"
    "http://www.w3.org/TR/xhtml1/DTD/xhtml1-transitional.dtd">
<html xmlns="http://www.w3.org/1999/xhtml" xml:lang="en" lang="en">
 <head>
  <title>
</title>
<meta http-equiv="Content-Type" content="text/html;charset=utf-8" />
  <meta name='ocr-system' content='tesseract 3.04.00' />
  <meta name='ocr-capabilities' content='ocr_page ocr_carea ocr_par ocr_line ocrx_word'/>
</head>
<body>
  <div class='ocr_page' id='page_1' title='image "./libridecatholic00krabgoog_0431.png"; bbox 0 0 2858 4688; ppageno 0'>
   <div class='ocr_carea' id='block_1_1' title="bbox 755 399 820 464">
    <p class='ocr_par' dir='ltr' id='par_1_1' title="bbox 755 399 820 464">
     <span class='ocr_line' id='line_1_1' title="bbox 755 399 820 464; baseline 0 -1"><span class='ocrx_word' id='word_1_1' title='bbox 755 399 820 464; x_wconf 78' lang='lat'><strong>218</strong></span> 
     </span>
    </p>
   </div>
   <div class='ocr_carea' id='block_1_2' title="bbox 279 550 1297 751">
    <p class='ocr_par' dir='ltr' id='par_1_2' title="bbox 279 550 1297 751">
     <span class='ocr_line' id='line_1_2' title="bbox 279 550 1297 641; baseline 0.004 -23"><span class='ocrx_word' id='word_1_2' title='bbox 279 555 363 619; x_wconf 88' lang='lat' dir='ltr'><strong>ribus</strong></span> <span class='ocrx_word' id='word_1_3' title='bbox 387 555 523 619; x_wconf 85' lang='lat' dir='ltr'><strong>alimenta</strong></span> <span class='ocrx_word' id='word_1_4' title='bbox 548 555 651 619; x_wconf 87' lang='lat' dir='ltr'><strong>diurna</strong></span> <span class='ocrx_word' id='word_1_5' title='bbox 665 550 692 636; x_wconf 75' lang='grc' dir='ltr'><strong>8ι</strong></span> <span class='ocrx_word' id='word_1_6' title='bbox 715 564 920 640; x_wconf 84' lang='lat' dir='ltr'><strong>praestantur3</strong></span> <span class='ocrx_word' id='word_1_7' title='bbox 944 566 975 621; x_wconf 87' lang='lat' dir='ltr'><strong>et</strong></span> <span class='ocrx_word' id='word_1_8' title='bbox 998 559 1105 641; x_wconf 83' lang='lat' dir='ltr'><strong>quibus</strong></span> <span class='ocrx_word' id='word_1_9' title='bbox 1130 559 1227 623; x_wconf 87' lang='lat' dir='ltr'><strong>nuilus</strong></span> <span class='ocrx_word' id='word_1_10' title='bbox 1250 557 1297 622; x_wconf 93' lang='lat' dir='ltr'><strong>di-</strong></span> 
     </span>
     <span class='ocr_line' id='line_1_3' title="bbox 279 669 1296 751; baseline 0 -21"><span class='ocrx_word' id='word_1_11' title='bbox 279 670 368 742; x_wconf 87' lang='lat' dir='ltr'><strong>vinac</strong></span> <span class='ocrx_word' id='word_1_12' title='bbox 397 669 442 730; x_wconf 88' lang='lat' dir='ltr'><strong>rei</strong></span> <span class='ocrx_word' id='word_1_13' title='bbox 472 683 580 730; x_wconf 86' lang='lat' dir='ltr'><strong>sensus</strong></span> <span class='ocrx_word' id='word_1_14' title='bbox 611 673 674 744; x_wconf 88' lang='lat' dir='ltr'><strong>cst,</strong></span> <span class='ocrx_word' id='word_1_15' title='bbox 709 669 752 730; x_wconf 89' lang='lat' dir='ltr'><strong>eis</strong></span> <span class='ocrx_word' id='word_1_16' title='bbox 771 685 841 732; x_wconf 88' lang='lat' dir='ltr'><strong>nec</strong></span> <span class='ocrx_word' id='word_1_17' title='bbox 871 673 980 751; x_wconf 88' lang='lat' dir='ltr'><strong>potus,</strong></span> <span class='ocrx_word' id='word_1_18' title='bbox 1012 687 1069 732; x_wconf 91' lang='lat' dir='ltr'><strong>nec</strong></span> <span class='ocrx_word' id='word_1_19' title='bbox 1096 670 1181 733; x_wconf 87' lang='lat' dir='ltr'><strong>cibus</strong></span> <span class='ocrx_word' id='word_1_20' title='bbox 1205 669 1296 732; x_wconf 86' lang='lat' dir='ltr'><strong>deest.</strong></span> 
     </span>
    </p>
   </div>
   <div class='ocr_carea' id='block_1_3' title="bbox 279 776 1405 864">
    <p class='ocr_par' dir='ltr' id='par_1_3' title="bbox 279 776 1405 864">
     <span class='ocr_line' id='line_1_4' title="bbox 279 776 1405 864; baseline -0.002 -18"><span class='ocrx_word' id='word_1_21' title='bbox 279 776 577 859; x_wconf 58' lang='lat' dir='ltr'><strong>restrictionem,</strong></span> <span class='ocrx_word' id='word_1_22' title='bbox 601 789 633 844; x_wconf 89' lang='lat' dir='ltr'><strong>tu</strong></span> <span class='ocrx_word' id='word_1_23' title='bbox 656 779 704 843; x_wconf 85' lang='lat' dir='ltr'><strong>dei</strong></span> <span class='ocrx_word' id='word_1_24' title='bbox 727 799 835 861; x_wconf 85' lang='lat' dir='ltr'><strong>servo,</strong></span> <span class='ocrx_word' id='word_1_25' title='bbox 858 789 887 844; x_wconf 91' lang='grc' dir='ltr'><strong>ιιι</strong></span> <span class='ocrx_word' id='word_1_26' title='bbox 912 784 1054 864; x_wconf 88' lang='lat' dir='ltr'><strong>operibus</strong></span> <span class='ocrx_word' id='word_1_27' title='bbox 1078 783 1164 848; x_wconf 88' lang='lat' dir='ltr'><strong>bonis</strong></span> <span class='ocrx_word' id='word_1_28' title='bbox 1188 782 1296 861; x_wconf 89' lang='lat' dir='ltr'><strong>dedito,</strong></span> <span class='ocrx_word' id='word_1_29' title='bbox 1404 803 1405 844; x_wconf 65' lang='grc' dir='ltr'>ι</span> 
     </span>
    </p>
   </div>
   <div class='ocr_carea' id='block_1_4' title="bbox 279 895 1297 991">
    <p class='ocr_par' dir='ltr' id='par_1_4' title="bbox 279 865 1405 991">
     <span class='ocr_line' id='line_1_5' title="bbox 279 895 1297 991; baseline -0.003 -32"><span class='ocrx_word' id='word_1_30' title='bbox 279 903 310 959; x_wconf 89' lang='lat' dir='ltr'><strong>tu</strong></span> <span class='ocrx_word' id='word_1_31' title='bbox 341 896 463 959; x_wconf 89' lang='lat' dir='ltr'><strong>domiuo</strong></span> <span class='ocrx_word' id='word_1_32' title='bbox 492 911 547 958; x_wconf 92' lang='lat' dir='ltr'><strong>suo</strong></span> <span class='ocrx_word' id='word_1_33' title='bbox 580 912 651 958; x_wconf 86' lang='lat' dir='ltr'><strong>caro</strong></span> <span class='ocrx_word' id='word_1_34' title='bbox 683 895 792 977; x_wconf 80' lang='lat' dir='ltr'><strong>attqato</strong></span> <span class='ocrx_word' id='word_1_35' title='bbox 817 896 968 991; x_wconf 80' lang='lat' dir='ltr'><strong>existimas</strong></span> <span class='ocrx_word' id='word_1_36' title='bbox 992 895 1190 959; x_wconf 78' lang='lat' dir='ltr'><strong>defuturum?</strong></span> <span class='ocrx_word' id='word_1_37' title='bbox 1235 897 1297 962; x_wconf 88' lang='lat' dir='ltr'><strong>Nisi</strong></span> 
     </span>
    </p>
   </div>
   <div class='ocr_carea' id='block_1_5' title="bbox 278 1002 1297 1296">
    <p class='ocr_par' dir='ltr' id='par_1_5' title="bbox 278 1002 1297 1296">
     <span class='ocr_line' id='line_1_6' title="bbox 279 1002 1296 1091; baseline 0.003 -21"><span class='ocrx_word' id='word_1_38' title='bbox 279 1008 305 1070; x_wconf 90' lang='lat' dir='ltr'><strong>si</strong></span> <span class='ocrx_word' id='word_1_39' title='bbox 327 1002 362 1082; x_wconf 85' lang='lat'><strong>¹⁰)</strong></span> <span class='ocrx_word' id='word_1_40' title='bbox 388 1013 472 1088; x_wconf 88' lang='lat' dir='ltr'><strong>putas</strong></span> <span class='ocrx_word' id='word_1_41' title='bbox 495 1007 563 1088; x_wconf 84' lang='lat' dir='ltr'><strong>quie</strong></span> <span class='ocrx_word' id='word_1_42' title='bbox 587 1007 637 1088; x_wconf 87' lang='lat' dir='ltr'><strong>qui</strong></span> <span class='ocrx_word' id='word_1_43' title='bbox 661 1005 808 1070; x_wconf 76' lang='lat' dir='ltr'><strong>Christum</strong></span> <span class='ocrx_word' id='word_1_44' title='bbox 831 1009 945 1089; x_wconf 87' lang='lat' dir='ltr'><strong>pascit,</strong></span> <span class='ocrx_word' id='word_1_45' title='bbox 968 1026 984 1069; x_wconf 91' lang='lat' dir='ltr'><strong>a</strong></span> <span class='ocrx_word' id='word_1_46' title='bbox 1009 1007 1126 1071; x_wconf 84' lang='lat' dir='ltr'><strong>Christo</strong></span> <span class='ocrx_word' id='word_1_47' title='bbox 1148 1010 1215 1091; x_wconf 90' lang='lat' dir='ltr'><strong>ipse</strong></span> <span class='ocrx_word' id='word_1_48' title='bbox 1239 1029 1296 1073; x_wconf 87' lang='lat' dir='ltr'><strong>non</strong></span> 
     </span>
     <span class='ocr_line' id='line_1_7' title="bbox 278 1119 1297 1202; baseline 0.003 -20"><span class='ocrx_word' id='word_1_49' title='bbox 278 1120 426 1202; x_wconf 80' lang='lat' dir='ltr'><strong>pascitur,</strong></span> <span class='ocrx_word' id='word_1_50' title='bbox 449 1127 500 1183; x_wconf 85' lang='lat' dir='ltr'><strong>aut</strong></span> <span class='ocrx_word' id='word_1_51' title='bbox 523 1121 567 1184; x_wconf 89' lang='lat' dir='ltr'><strong>cis</strong></span> <span class='ocrx_word' id='word_1_52' title='bbox 590 1126 710 1184; x_wconf 81' lang='lat' dir='ltr'><strong>terrena</strong></span> <span class='ocrx_word' id='word_1_53' title='bbox 734 1120 877 1200; x_wconf 85' lang='lat' dir='ltr'><strong>deerunt,</strong></span> <span class='ocrx_word' id='word_1_54' title='bbox 900 1119 1008 1201; x_wconf 85' lang='lat' dir='ltr'><strong>quibus</strong></span> <span class='ocrx_word' id='word_1_55' title='bbox 1030 1121 1172 1186; x_wconf 87' lang='lat' dir='ltr'><strong>caelestia</strong></span> <span class='ocrx_word' id='word_1_56' title='bbox 1196 1128 1227 1184; x_wconf 89' lang='lat' dir='ltr'><strong>et</strong></span> <span class='ocrx_word' id='word_1_57' title='bbox 1249 1122 1297 1185; x_wconf 91' lang='lat' dir='ltr'><strong>di-</strong></span> 
     </span>
     <span class='ocr_line' id='line_1_8' title="bbox 280 1232 547 1296; baseline 0.007 -2"><span class='ocrx_word' id='word_1_58' title='bbox 280 1233 347 1294; x_wconf 83' lang='lat' dir='ltr'><strong>vios</strong></span> <span class='ocrx_word' id='word_1_59' title='bbox 371 1232 547 1296; x_wconf 85' lang='lat' dir='ltr'><strong>tribuuntur.</strong></span> 
     </span>
    </p>
   </div>
   <div class='ocr_carea' id='block_1_6' title="bbox 754 1429 819 1500">
    <p class='ocr_par' dir='ltr' id='par_1_6' title="bbox 754 1429 819 1500">
     <span class='ocr_line' id='line_1_9' title="bbox 754 1429 819 1500; baseline -0.062 0"><span class='ocrx_word' id='word_1_60' title='bbox 754 1429 819 1500; x_wconf 79' lang='lat'>111.</span> 
     </span>
    </p>
   </div>
   <div class='ocr_carea' id='block_1_7' title="bbox 218 1571 1299 1884">
    <p class='ocr_par' dir='ltr' id='par_1_7' title="bbox 218 1525 1299 1884">
     <span class='ocr_line' id='line_1_10' title="bbox 218 1571 1299 1660; baseline -0.004 -22"><span class='ocrx_word' id='word_1_61' title='bbox 218 1656 220 1660; x_wconf 11' lang='lat' dir='ltr'>y</span> <span class='ocrx_word' id='word_1_62' title='bbox 366 1574 452 1638; x_wconf 85' lang='lat' dir='ltr'><strong>Unde</strong></span> <span class='ocrx_word' id='word_1_63' title='bbox 471 1573 547 1636; x_wconf 82' lang='lat' dir='ltr'><strong>haee</strong></span> <span class='ocrx_word' id='word_1_64' title='bbox 568 1571 721 1636; x_wconf 81' lang='lat' dir='ltr'><strong>incredula</strong></span> <span class='ocrx_word' id='word_1_65' title='bbox 740 1573 893 1654; x_wconf 73' lang='lat' dir='ltr'>cogitatio,</span> <span class='ocrx_word' id='word_1_66' title='bbox 916 1571 995 1634; x_wconf 86' lang='lat' dir='ltr'><strong>uude</strong></span> <span class='ocrx_word' id='word_1_67' title='bbox 1009 1571 1035 1650; x_wconf 91' lang='lat'><strong>¹)</strong></span> <span class='ocrx_word' id='word_1_68' title='bbox 1052 1573 1139 1656; x_wconf 88' lang='lat' dir='ltr'><strong>impia</strong></span> <span class='ocrx_word' id='word_1_69' title='bbox 1156 1577 1186 1634; x_wconf 91' lang='lat' dir='ltr'><strong>ct</strong></span> <span class='ocrx_word' id='word_1_70' title='bbox 1201 1572 1299 1634; x_wconf 89' lang='lat' dir='ltr'><strong>sacri-</strong></span> 
     </span>
     <span class='ocr_line' id='line_1_11' title="bbox 278 1686 1299 1778; baseline -0.005 -26"><span class='ocrx_word' id='word_1_71' title='bbox 278 1690 347 1772; x_wconf 78' lang='lat' dir='ltr'><strong>lega</strong></span> <span class='ocrx_word' id='word_1_72' title='bbox 371 1689 426 1750; x_wconf 83' lang='lat' dir='ltr'><strong>ista</strong></span> <span class='ocrx_word' id='word_1_73' title='bbox 450 1686 628 1774; x_wconf 76' lang='lat' dir='ltr'><strong>meditatio?</strong></span> <span class='ocrx_word' id='word_1_74' title='bbox 673 1687 749 1762; x_wconf 81' lang='lat' dir='ltr'><strong>onio</strong></span> <span class='ocrx_word' id='word_1_75' title='bbox 774 1686 843 1778; x_wconf 85' lang='lat' dir='ltr'><strong>iacit</strong></span> <span class='ocrx_word' id='word_1_76' title='bbox 875 1688 904 1749; x_wconf 90' lang='lat' dir='ltr'><strong>in</strong></span> <span class='ocrx_word' id='word_1_77' title='bbox 935 1686 1023 1750; x_wconf 91' lang='lat' dir='ltr'><strong>domo</strong></span> <span class='ocrx_word' id='word_1_78' title='bbox 1054 1687 1123 1750; x_wconf 87' lang='lat' dir='ltr'><strong>tidei</strong></span> <span class='ocrx_word' id='word_1_79' title='bbox 1153 1686 1299 1768; x_wconf 87' lang='lat' dir='ltr'><strong>pertidum</strong></span> 
     </span>
     <span class='ocr_line' id='line_1_12' title="bbox 278 1797 1299 1884; baseline -0.003 -21"><span class='ocrx_word' id='word_1_80' title='bbox 278 1801 412 1884; x_wconf 83' lang='lat' dir='ltr'><strong>pectus?</strong></span> <span class='ocrx_word' id='word_1_81' title='bbox 457 1801 534 1875; x_wconf 81' lang='lat' dir='ltr'><strong>Ouid</strong></span> <span class='ocrx_word' id='word_1_82' title='bbox 558 1801 608 1882; x_wconf 90' lang='lat' dir='ltr'><strong>qui</strong></span> <span class='ocrx_word' id='word_1_83' title='bbox 624 1797 650 1870; x_wconf 53' lang='grc' dir='ltr'><strong>πι</strong></span> <span class='ocrx_word' id='word_1_84' title='bbox 675 1800 794 1864; x_wconf 80' lang='lat' dir='ltr'><strong>Christo</strong></span> <span class='ocrx_word' id='word_1_85' title='bbox 818 1803 938 1864; x_wconf 90' lang='lat' dir='ltr'><strong>omnino</strong></span> <span class='ocrx_word' id='word_1_86' title='bbox 962 1819 1022 1864; x_wconf 90' lang='lat' dir='ltr'><strong>non</strong></span> <span class='ocrx_word' id='word_1_87' title='bbox 1046 1800 1157 1878; x_wconf 88' lang='lat' dir='ltr'><strong>credit,</strong></span> <span class='ocrx_word' id='word_1_88' title='bbox 1191 1800 1299 1881; x_wconf 87' lang='lat' dir='ltr'><strong>appat-</strong></span> 
     </span>
    </p>
   </div>
   <div class='ocr_carea' id='block_1_8' title="bbox 278 1893 1405 1996">
    <p class='ocr_par' dir='ltr' id='par_1_8' title="bbox 278 1893 1405 1996">
     <span class='ocr_line' id='line_1_13' title="bbox 278 1893 1405 1996; baseline -0.004 -18"><span class='ocrx_word' id='word_1_89' title='bbox 278 1915 356 1978; x_wconf 91' lang='lat' dir='ltr'><strong>latur</strong></span> <span class='ocrx_word' id='word_1_90' title='bbox 379 1922 408 1976; x_wconf 88' lang='lat' dir='ltr'><strong>et</strong></span> <span class='ocrx_word' id='word_1_91' title='bbox 431 1915 538 1978; x_wconf 88' lang='lat' dir='ltr'><strong>dicitur</strong></span> <span class='ocrx_word' id='word_1_92' title='bbox 561 1913 770 1977; x_wconf 78' lang='lat' dir='ltr'><strong>Christianus?</strong></span> <span class='ocrx_word' id='word_1_93' title='bbox 813 1914 963 1976; x_wconf 78' lang='lat' dir='ltr'><strong>Pharisaei</strong></span> <span class='ocrx_word' id='word_1_94' title='bbox 985 1914 1038 1977; x_wconf 85' lang='lat' dir='ltr'><strong>tibi</strong></span> <span class='ocrx_word' id='word_1_95' title='bbox 1061 1915 1156 1996; x_wconf 81' lang='lat' dir='ltr'><strong>magis</strong></span> <span class='ocrx_word' id='word_1_96' title='bbox 1169 1910 1197 1990; x_wconf 85' lang='lat'><strong>³)</strong></span> <span class='ocrx_word' id='word_1_97' title='bbox 1221 1931 1298 1976; x_wconf 90' lang='lat' dir='ltr'><strong>oon·</strong></span> <span class='ocrx_word' id='word_1_98' title='bbox 1404 1893 1405 1900; x_wconf 9' lang='grc' dir='ltr'>ἵ</span> 
     </span>
    </p>
   </div>
   <div class='ocr_carea' id='block_1_9' title="bbox 278 2024 1300 2223">
    <p class='ocr_par' dir='ltr' id='par_1_9' title="bbox 278 2024 1300 2223">
     <span class='ocr_line' id='line_1_14' title="bbox 278 2024 1300 2110; baseline -0.005 -19"><span class='ocrx_word' id='word_1_99' title='bbox 278 2029 359 2110; x_wconf 74' lang='lat' dir='ltr'><strong>gruit</strong></span> <span class='ocrx_word' id='word_1_100' title='bbox 383 2047 502 2092; x_wconf 88' lang='lat' dir='ltr'><strong>nomen.</strong></span> <span class='ocrx_word' id='word_1_101' title='bbox 547 2027 621 2090; x_wconf 89' lang='lat' dir='ltr'><strong>Nam</strong></span> <span class='ocrx_word' id='word_1_102' title='bbox 645 2045 711 2090; x_wconf 91' lang='lat' dir='ltr'><strong>cum</strong></span> <span class='ocrx_word' id='word_1_103' title='bbox 735 2024 911 2100; x_wconf 78' lang='lat' dir='ltr'><strong>dominus⁴t</strong></span> <span class='ocrx_word' id='word_1_104' title='bbox 935 2028 964 2089; x_wconf 90' lang='lat' dir='ltr'><strong>in</strong></span> <span class='ocrx_word' id='word_1_105' title='bbox 982 2027 1141 2109; x_wconf 82' lang='lat' dir='ltr'><strong>evangetio</strong></span> <span class='ocrx_word' id='word_1_106' title='bbox 1157 2024 1195 2087; x_wconf 92' lang='lat' dir='ltr'><strong>de</strong></span> <span class='ocrx_word' id='word_1_107' title='bbox 1210 2027 1300 2102; x_wconf 87' lang='lat' dir='ltr'><strong>elec-</strong></span> 
     </span>
     <span class='ocr_line' id='line_1_15' title="bbox 279 2138 1300 2223; baseline -0.002 -21"><span class='ocrx_word' id='word_1_108' title='bbox 279 2142 426 2222; x_wconf 73' lang='lat' dir='ltr'><strong>mosynis</strong></span> <span class='ocrx_word' id='word_1_109' title='bbox 444 2143 626 2223; x_wconf 83' lang='lat' dir='ltr'><strong>disputaret,</strong></span> <span class='ocrx_word' id='word_1_110' title='bbox 660 2147 690 2202; x_wconf 91' lang='lat' dir='ltr'><strong>et</strong></span> <span class='ocrx_word' id='word_1_111' title='bbox 718 2147 752 2203; x_wconf 92' lang='lat' dir='ltr'><strong>ut</strong></span> <span class='ocrx_word' id='word_1_112' title='bbox 781 2139 868 2202; x_wconf 87' lang='lat' dir='ltr'><strong>nobis</strong></span> <span class='ocrx_word' id='word_1_113' title='bbox 897 2142 1008 2204; x_wconf 92' lang='lat' dir='ltr'><strong>amicos</strong></span> <span class='ocrx_word' id='word_1_114' title='bbox 1041 2138 1078 2201; x_wconf 91' lang='lat' dir='ltr'><strong>de</strong></span> <span class='ocrx_word' id='word_1_115' title='bbox 1106 2140 1300 2202; x_wconf 75' lang='lat' dir='ltr'><strong>terrestribus</strong></span> 
     </span>
    </p>
   </div>
   <div class='ocr_carea' id='block_1_10' title="bbox 279 2248 1300 2336">
    <p class='ocr_par' dir='ltr' id='par_1_10' title="bbox 279 2229 1405 2336">
     <span class='ocr_line' id='line_1_16' title="bbox 279 2248 1300 2336; baseline -0.003 -21"><span class='ocrx_word' id='word_1_116' title='bbox 279 2254 370 2316; x_wconf 77' lang='lat' dir='ltr'><strong>tutoris</strong></span> <span class='ocrx_word' id='word_1_117' title='bbox 393 2254 517 2336; x_wconf 86' lang='lat' dir='ltr'><strong>provida</strong></span> <span class='ocrx_word' id='word_1_118' title='bbox 542 2248 718 2336; x_wconf 81' lang='lat' dir='ltr'><strong>operatione</strong></span> <span class='ocrx_word' id='word_1_119' title='bbox 742 2252 927 2330; x_wconf 84' lang='lat' dir='ltr'><strong>faceremus,</strong></span> <span class='ocrx_word' id='word_1_120' title='bbox 957 2255 1007 2333; x_wconf 86' lang='lat' dir='ltr'><strong>qui</strong></span> <span class='ocrx_word' id='word_1_121' title='bbox 1030 2270 1087 2314; x_wconf 91' lang='lat' dir='ltr'><strong>nos</strong></span> <span class='ocrx_word' id='word_1_122' title='bbox 1109 2254 1300 2333; x_wconf 89' lang='lat' dir='ltr'><strong>postmodum</strong></span> 
     </span>
    </p>
   </div>
   <div class='ocr_carea' id='block_1_11' title="bbox 278 2331 1405 2449">
    <p class='ocr_par' dir='ltr' id='par_1_11' title="bbox 278 2331 1405 2449">
     <span class='ocr_line' id='line_1_17' title="bbox 278 2331 1405 2449; baseline -0.005 -18"><span class='ocrx_word' id='word_1_123' title='bbox 278 2369 308 2431; x_wconf 91' lang='lat' dir='ltr'><strong>in</strong></span> <span class='ocrx_word' id='word_1_124' title='bbox 330 2367 521 2440; x_wconf 82' lang='lat' dir='ltr'><strong>tabernacula</strong></span> <span class='ocrx_word' id='word_1_125' title='bbox 544 2374 665 2430; x_wconf 89' lang='lat' dir='ltr'><strong>aeterna</strong></span> <span class='ocrx_word' id='word_1_126' title='bbox 690 2368 896 2449; x_wconf 87' lang='lat' dir='ltr'><strong>susciperent,</strong></span> <span class='ocrx_word' id='word_1_127' title='bbox 930 2365 1055 2429; x_wconf 86' lang='lat' dir='ltr'><strong>tidetitar</strong></span> <span class='ocrx_word' id='word_1_128' title='bbox 1078 2383 1113 2430; x_wconf 90' lang='lat' dir='ltr'><strong>ac</strong></span> <span class='ocrx_word' id='word_1_129' title='bbox 1140 2365 1301 2428; x_wconf 86' lang='lat' dir='ltr'><strong>salubriter</strong></span> <span class='ocrx_word' id='word_1_130' title='bbox 1404 2331 1405 2400; x_wconf 54' lang='grc' dir='ltr'>Ῑ</span> 
     </span>
    </p>
   </div>
   <div class='ocr_carea' id='block_1_12' title="bbox 276 2515 1298 2708">
    <p class='ocr_par' dir='ltr' id='par_1_12' title="bbox 276 2515 1298 2708">
     <span class='ocr_line' id='line_1_18' title="bbox 276 2515 1298 2626; baseline -0.004 -18"><span class='ocrx_word' id='word_1_131' title='bbox 276 2559 370 2626; x_wconf 76' lang='lat' dir='ltr'><strong>ptores</strong></span> <span class='ocrx_word' id='word_1_132' title='bbox 389 2556 449 2606; x_wconf 89' lang='lat' dir='ltr'><strong>dsot</strong></span> <span class='ocrx_word' id='word_1_133' title='bbox 466 2554 514 2611; x_wconf 73' lang='lat' dir='ltr'><strong>dia.</strong></span> <span class='ocrx_word' id='word_1_134' title='bbox 534 2553 569 2604; x_wconf 88' lang='lat' dir='ltr'><strong>Ba</strong></span> <span class='ocrx_word' id='word_1_135' title='bbox 589 2561 615 2604; x_wconf 85' lang='lat' dir='ltr'><strong>et</strong></span> <span class='ocrx_word' id='word_1_136' title='bbox 634 2553 670 2618; x_wconf 81' lang='grc' dir='ltr'><strong>Α,</strong></span> <span class='ocrx_word' id='word_1_137' title='bbox 696 2515 789 2622; x_wconf 53' lang='lat' dir='ltr'><strong>merge</strong></span> <span class='ocrx_word' id='word_1_138' title='bbox 812 2554 889 2604; x_wconf 88' lang='lat' dir='ltr'><strong>habet</strong></span> <span class='ocrx_word' id='word_1_139' title='bbox 908 2551 957 2605; x_wconf 81' lang='lat' dir='ltr'><strong>Mb.</strong></span> <span class='ocrx_word' id='word_1_140' title='bbox 995 2553 1044 2606; x_wconf 82' lang='lat' dir='ltr'><strong>Pro</strong></span> <span class='ocrx_word' id='word_1_141' title='bbox 1067 2557 1125 2608; x_wconf 76' lang='lat' dir='ltr'><strong>tttta</strong></span> <span class='ocrx_word' id='word_1_142' title='bbox 1148 2557 1216 2608; x_wconf 76' lang='lat' dir='ltr'><strong>estis</strong></span> <span class='ocrx_word' id='word_1_143' title='bbox 1241 2569 1298 2604; x_wconf 72' lang='lat' dir='ltr'><strong>cun</strong></span> 
     </span>
     <span class='ocr_line' id='line_1_19' title="bbox 279 2637 1298 2708; baseline 0 -16"><span class='ocrx_word' id='word_1_144' title='bbox 279 2641 354 2694; x_wconf 89' lang='lat' dir='ltr'><strong>codd.</strong></span> <span class='ocrx_word' id='word_1_145' title='bbox 376 2640 447 2691; x_wconf 80' lang='lat' dir='ltr'><strong>Mabd</strong></span> <span class='ocrx_word' id='word_1_146' title='bbox 467 2648 493 2690; x_wconf 85' lang='lat' dir='ltr'><strong>et</strong></span> <span class='ocrx_word' id='word_1_147' title='bbox 511 2637 563 2690; x_wconf 90' lang='lat' dir='ltr'><strong>Bab</strong></span> <span class='ocrx_word' id='word_1_148' title='bbox 583 2641 669 2706; x_wconf 78' lang='lat' dir='ltr'><strong>scripsi</strong></span> <span class='ocrx_word' id='word_1_149' title='bbox 693 2643 761 2694; x_wconf 79' lang='lat' dir='ltr'><strong>cetis</strong></span> <span class='ocrx_word' id='word_1_150' title='bbox 785 2643 850 2693; x_wconf 80' lang='lat' dir='ltr'><strong>iltis.</strong></span> <span class='ocrx_word' id='word_1_151' title='bbox 888 2639 923 2692; x_wconf 84' lang='lat' dir='ltr'><strong>lte</strong></span> <span class='ocrx_word' id='word_1_152' title='bbox 944 2657 959 2692; x_wconf 91' lang='lat' dir='ltr'><strong>e</strong></span> <span class='ocrx_word' id='word_1_153' title='bbox 977 2655 1042 2692; x_wconf 85' lang='lat' dir='ltr'><strong>corr.</strong></span> <span class='ocrx_word' id='word_1_154' title='bbox 1060 2640 1154 2708; x_wconf 75' lang='lat' dir='ltr'><strong>tegitur</strong></span> <span class='ocrx_word' id='word_1_155' title='bbox 1174 2641 1252 2691; x_wconf 85' lang='lat' dir='ltr'><strong>etiarn</strong></span> <span class='ocrx_word' id='word_1_156' title='bbox 1272 2641 1298 2692; x_wconf 86' lang='lat' dir='ltr'><strong>in</strong></span> 
     </span>
    </p>
   </div>
   <div class='ocr_carea' id='block_1_13' title="bbox 182 2725 1297 2795">
    <p class='ocr_par' dir='ltr' id='par_1_13' title="bbox 182 2725 1297 2795">
     <span class='ocr_line' id='line_1_20' title="bbox 182 2725 1297 2795; baseline 0.003 -18"><span class='ocrx_word' id='word_1_157' title='bbox 182 2746 193 2764; x_wconf 56' lang='lat' dir='ltr'><strong>a</strong></span> <span class='ocrx_word' id='word_1_158' title='bbox 278 2727 323 2790; x_wconf 85' lang='lat' dir='ltr'><strong>W,</strong></span> <span class='ocrx_word' id='word_1_159' title='bbox 351 2742 401 2778; x_wconf 88' lang='lat' dir='ltr'><strong>nec</strong></span> <span class='ocrx_word' id='word_1_160' title='bbox 420 2727 566 2793; x_wconf 79' lang='lat' dir='ltr'><strong>discrepent</strong></span> <span class='ocrx_word' id='word_1_161' title='bbox 584 2727 642 2778; x_wconf 87' lang='lat' dir='ltr'><strong>cdd.</strong></span> <span class='ocrx_word' id='word_1_162' title='bbox 662 2735 741 2792; x_wconf 72' lang='lat' dir='ltr'><strong>vett,</strong></span> <span class='ocrx_word' id='word_1_163' title='bbox 760 2725 856 2779; x_wconf 78' lang='lat' dir='ltr'><strong>Erasm.</strong></span> <span class='ocrx_word' id='word_1_164' title='bbox 878 2726 952 2778; x_wconf 80' lang='lat' dir='ltr'><strong>Grau.</strong></span> <span class='ocrx_word' id='word_1_165' title='bbox 972 2735 1048 2795; x_wconf 86' lang='lat' dir='ltr'><strong>atque</strong></span> <span class='ocrx_word' id='word_1_166' title='bbox 1066 2726 1165 2778; x_wconf 77' lang='lat' dir='ltr'><strong>Mureti.</strong></span> <span class='ocrx_word' id='word_1_167' title='bbox 1202 2725 1233 2794; x_wconf 82' lang='lat'><strong>8)</strong></span> <span class='ocrx_word' id='word_1_168' title='bbox 1250 2730 1297 2780; x_wconf 81' lang='lat' dir='ltr'><strong>di-</strong></span> 
     </span>
    </p>
   </div>
   <div class='ocr_carea' id='block_1_14' title="bbox 275 2812 1298 2972">
    <p class='ocr_par' dir='ltr' id='par_1_14' title="bbox 275 2812 1298 2972">
     <span class='ocr_line' id='line_1_21' title="bbox 278 2812 1298 2878; baseline 0.001 -10"><span class='ocrx_word' id='word_1_169' title='bbox 278 2816 341 2868; x_wconf 78' lang='lat' dir='ltr'><strong>ec&#39;rta</strong></span> <span class='ocrx_word' id='word_1_170' title='bbox 360 2812 390 2863; x_wconf 79' lang='lat' dir='ltr'><strong>A.</strong></span> <span class='ocrx_word' id='word_1_171' title='bbox 428 2812 528 2866; x_wconf 85' lang='lat' dir='ltr'><strong>Deinde</strong></span> <span class='ocrx_word' id='word_1_172' title='bbox 547 2817 632 2870; x_wconf 75' lang='lat' dir='ltr'><strong>nattis</strong></span> <span class='ocrx_word' id='word_1_173' title='bbox 649 2814 695 2866; x_wconf 86' lang='lat' dir='ltr'><strong>Bb.</strong></span> <span class='ocrx_word' id='word_1_174' title='bbox 735 2815 791 2866; x_wconf 81' lang='lat' dir='ltr'><strong>Mox</strong></span> <span class='ocrx_word' id='word_1_175' title='bbox 816 2816 918 2867; x_wconf 83' lang='lat' dir='ltr'><strong>inverso</strong></span> <span class='ocrx_word' id='word_1_176' title='bbox 943 2815 1034 2866; x_wconf 87' lang='lat' dir='ltr'><strong>ordine</strong></span> <span class='ocrx_word' id='word_1_177' title='bbox 1059 2831 1106 2869; x_wconf 79' lang='lat' dir='ltr'><strong>nec</strong></span> <span class='ocrx_word' id='word_1_178' title='bbox 1131 2817 1222 2878; x_wconf 77' lang='lat' dir='ltr'><strong>cidus,</strong></span> <span class='ocrx_word' id='word_1_179' title='bbox 1248 2831 1298 2868; x_wconf 78' lang='lat' dir='ltr'><strong>nee</strong></span> 
     </span>
     <span class='ocr_line' id='line_1_22' title="bbox 275 2899 1298 2972; baseline 0.001 -19"><span class='ocrx_word' id='word_1_180' title='bbox 275 2910 357 2972; x_wconf 69' lang='lat' dir='ltr'><strong>potum</strong></span> <span class='ocrx_word' id='word_1_181' title='bbox 374 2899 418 2953; x_wconf 86' lang='lat' dir='ltr'><strong>Ba.</strong></span> <span class='ocrx_word' id='word_1_182' title='bbox 455 2901 484 2965; x_wconf 79' lang='lat'><strong>9)</strong></span> <span class='ocrx_word' id='word_1_183' title='bbox 502 2905 544 2956; x_wconf 71' lang='lat' dir='ltr'><strong>Tu</strong></span> <span class='ocrx_word' id='word_1_184' title='bbox 562 2905 716 2958; x_wconf 66' lang='lat' dir='ltr'><strong>Cdricdcno</strong></span> <span class='ocrx_word' id='word_1_185' title='bbox 736 2917 786 2954; x_wconf 91' lang='lat' dir='ltr'><strong>om.</strong></span> <span class='ocrx_word' id='word_1_186' title='bbox 800 2903 831 2966; x_wconf 80' lang='lat' dir='ltr'><strong>A,</strong></span> <span class='ocrx_word' id='word_1_187' title='bbox 850 2917 960 2970; x_wconf 87' lang='lat' dir='ltr'><strong>sequens</strong></span> <span class='ocrx_word' id='word_1_188' title='bbox 980 2909 1009 2955; x_wconf 81' lang='lat' dir='ltr'><strong>tu</strong></span> <span class='ocrx_word' id='word_1_189' title='bbox 1023 2900 1072 2952; x_wconf 78' lang='lat' dir='ltr'><strong>Mb.</strong></span> <span class='ocrx_word' id='word_1_190' title='bbox 1109 2899 1199 2952; x_wconf 85' lang='lat' dir='ltr'><strong>Statim</strong></span> <span class='ocrx_word' id='word_1_191' title='bbox 1220 2904 1298 2955; x_wconf 78' lang='lat' dir='ltr'><strong>dorric</strong></span> 
     </span>
    </p>
   </div>
   <div class='ocr_carea' id='block_1_15' title="bbox 273 2983 1298 3330">
    <p class='ocr_par' dir='ltr' id='par_1_15' title="bbox 273 2983 1298 3330">
     <span class='ocr_line' id='line_1_23' title="bbox 279 2983 1298 3074; baseline -0.004 -14"><span class='ocrx_word' id='word_1_192' title='bbox 279 3009 404 3074; x_wconf 71' lang='lat' dir='ltr'><strong>operitur</strong></span> <span class='ocrx_word' id='word_1_193' title='bbox 425 3005 501 3057; x_wconf 84' lang='lat' dir='ltr'><strong>habet</strong></span> <span class='ocrx_word' id='word_1_194' title='bbox 520 3005 551 3058; x_wconf 82' lang='grc' dir='ltr'><strong>Α.</strong></span> <span class='ocrx_word' id='word_1_195' title='bbox 588 3005 650 3056; x_wconf 85' lang='lat' dir='ltr'><strong>Tum</strong></span> <span class='ocrx_word' id='word_1_196' title='bbox 669 2983 731 3060; x_wconf 61' lang='lat' dir='ltr'><strong>card</strong></span> <span class='ocrx_word' id='word_1_197' title='bbox 750 3022 766 3057; x_wconf 89' lang='lat' dir='ltr'><strong>a</strong></span> <span class='ocrx_word' id='word_1_198' title='bbox 782 3023 815 3056; x_wconf 91' lang='lat' dir='ltr'><strong>m.</strong></span> <span class='ocrx_word' id='word_1_199' title='bbox 834 3021 889 3072; x_wconf 80' lang='lat' dir='ltr'><strong>pn,</strong></span> <span class='ocrx_word' id='word_1_200' title='bbox 917 3007 1021 3058; x_wconf 87' lang='lat' dir='ltr'><strong>abrec.</strong></span> <span class='ocrx_word' id='word_1_201' title='bbox 1041 3003 1189 3072; x_wconf 67' lang='lat' dir='ltr'><strong>cerifolio,</strong></span> <span class='ocrx_word' id='word_1_202' title='bbox 1215 3014 1298 3074; x_wconf 76' lang='lat' dir='ltr'><strong>puter</strong></span> 
     </span>
     <span class='ocr_line' id='line_1_24' title="bbox 273 3090 1297 3160; baseline -0.004 -14"><span class='ocrx_word' id='word_1_203' title='bbox 273 3108 323 3160; x_wconf 86' lang='lat' dir='ltr'><strong>pro</strong></span> <span class='ocrx_word' id='word_1_204' title='bbox 341 3094 484 3147; x_wconf 73' lang='grc' dir='ltr'>οωιιιιίιιασ</span> <span class='ocrx_word' id='word_1_205' title='bbox 502 3093 559 3144; x_wconf 90' lang='lat' dir='ltr'><strong>edd.</strong></span> <span class='ocrx_word' id='word_1_206' title='bbox 579 3101 641 3145; x_wconf 84' lang='lat' dir='ltr'><strong>vett.</strong></span> <span class='ocrx_word' id='word_1_207' title='bbox 661 3109 683 3144; x_wconf 88' lang='lat' dir='ltr'><strong>e.</strong></span> <span class='ocrx_word' id='word_1_208' title='bbox 705 3093 802 3146; x_wconf 82' lang='lat' dir='ltr'><strong>Erasm.</strong></span> <span class='ocrx_word' id='word_1_209' title='bbox 822 3097 848 3142; x_wconf 84' lang='lat' dir='ltr'><strong>&#39;et</strong></span> <span class='ocrx_word' id='word_1_210' title='bbox 867 3091 955 3157; x_wconf 74' lang='lat' dir='ltr'><strong>Gran,</strong></span> <span class='ocrx_word' id='word_1_211' title='bbox 974 3097 1140 3160; x_wconf 69' lang='lat' dir='ltr'><strong>defecturum</strong></span> <span class='ocrx_word' id='word_1_212' title='bbox 1158 3090 1197 3156; x_wconf 86' lang='grc' dir='ltr'><strong>Α,</strong></span> <span class='ocrx_word' id='word_1_213' title='bbox 1215 3093 1297 3160; x_wconf 71' lang='lat' dir='ltr'><strong>defu-</strong></span> 
     </span>
     <span class='ocr_line' id='line_1_25' title="bbox 278 3175 1297 3247; baseline -0.007 -14"><span class='ocrx_word' id='word_1_214' title='bbox 278 3183 350 3233; x_wconf 75' lang='lat' dir='ltr'><strong>turis</strong></span> <span class='ocrx_word' id='word_1_215' title='bbox 368 3177 414 3230; x_wconf 82' lang='lat' dir='ltr'><strong>Bb.</strong></span> <span class='ocrx_word' id='word_1_216' title='bbox 444 3177 497 3240; x_wconf 86' lang='grc'>,10)</span> <span class='ocrx_word' id='word_1_217' title='bbox 517 3179 555 3230; x_wconf 81' lang='lat' dir='ltr'><strong>An</strong></span> <span class='ocrx_word' id='word_1_218' title='bbox 573 3181 601 3230; x_wconf 83' lang='lat' dir='ltr'><strong>si</strong></span> <span class='ocrx_word' id='word_1_219' title='bbox 619 3177 656 3241; x_wconf 81' lang='grc' dir='ltr'><strong>Α,</strong></span> <span class='ocrx_word' id='word_1_220' title='bbox 683 3182 739 3232; x_wconf 80' lang='lat' dir='ltr'><strong>uiui</strong></span> <span class='ocrx_word' id='word_1_221' title='bbox 756 3188 835 3247; x_wconf 81' lang='lat' dir='ltr'><strong>pactae</strong></span> <span class='ocrx_word' id='word_1_222' title='bbox 856 3177 917 3244; x_wconf 80' lang='lat' dir='ltr'><strong>[om.</strong></span> <span class='ocrx_word' id='word_1_223' title='bbox 937 3181 976 3243; x_wconf 73' lang='lat' dir='ltr'><strong>ei)</strong></span> <span class='ocrx_word' id='word_1_224' title='bbox 996 3178 1037 3230; x_wconf 87' lang='lat' dir='ltr'><strong>ed.</strong></span> <span class='ocrx_word' id='word_1_225' title='bbox 1057 3175 1136 3241; x_wconf 75' lang='lat' dir='ltr'><strong>Bam,</strong></span> <span class='ocrx_word' id='word_1_226' title='bbox 1164 3181 1191 3231; x_wconf 78' lang='lat' dir='ltr'><strong>ei</strong></span> <span class='ocrx_word' id='word_1_227' title='bbox 1211 3178 1297 3228; x_wconf 84' lang='lat' dir='ltr'><strong>minu-</strong></span> 
     </span>
     <span class='ocr_line' id='line_1_26' title="bbox 277 3264 743 3330; baseline -0.004 -13"><span class='ocrx_word' id='word_1_228' title='bbox 277 3265 383 3316; x_wconf 87' lang='lat' dir='ltr'><strong>tioribus</strong></span> <span class='ocrx_word' id='word_1_229' title='bbox 402 3265 470 3330; x_wconf 81' lang='lat' dir='ltr'><strong>typis</strong></span> <span class='ocrx_word' id='word_1_230' title='bbox 488 3279 606 3316; x_wconf 81' lang='lat' dir='ltr'><strong>excusum</strong></span> <span class='ocrx_word' id='word_1_231' title='bbox 625 3266 649 3316; x_wconf 90' lang='lat' dir='ltr'><strong>in</strong></span> <span class='ocrx_word' id='word_1_232' title='bbox 669 3264 743 3316; x_wconf 84' lang='lat' dir='ltr'><strong>Grau.</strong></span> 
     </span>
    </p>
   </div>
   <div class='ocr_carea' id='block_1_16' title="bbox 346 3319 1405 3419">
    <p class='ocr_par' dir='ltr' id='par_1_16' title="bbox 346 3319 1405 3419">
     <span class='ocr_line' id='line_1_27' title="bbox 346 3319 1405 3419; baseline 0.003 -17"><span class='ocrx_word' id='word_1_233' title='bbox 346 3349 399 3402; x_wconf 80' lang='lat' dir='ltr'><strong>xit.</strong></span> <span class='ocrx_word' id='word_1_234' title='bbox 424 3349 451 3416; x_wconf 81' lang='lat' dir='ltr'><strong>i]</strong></span> <span class='ocrx_word' id='word_1_235' title='bbox 470 3359 495 3403; x_wconf 85' lang='lat' dir='ltr'><strong>ct</strong></span> <span class='ocrx_word' id='word_1_236' title='bbox 511 3354 580 3405; x_wconf 79' lang='lat' dir='ltr'><strong>unde</strong></span> <span class='ocrx_word' id='word_1_237' title='bbox 599 3351 659 3402; x_wconf 87' lang='lat' dir='ltr'><strong>cdd.</strong></span> <span class='ocrx_word' id='word_1_238' title='bbox 678 3359 750 3414; x_wconf 75' lang='lat' dir='ltr'><strong>vett,</strong></span> <span class='ocrx_word' id='word_1_239' title='bbox 769 3353 828 3402; x_wconf 83' lang='lat' dir='ltr'><strong>item</strong></span> <span class='ocrx_word' id='word_1_240' title='bbox 847 3351 943 3404; x_wconf 84' lang='lat' dir='ltr'><strong>Erasm.</strong></span> <span class='ocrx_word' id='word_1_241' title='bbox 965 3350 1038 3403; x_wconf 80' lang='lat' dir='ltr'><strong>Grau.</strong></span> <span class='ocrx_word' id='word_1_242' title='bbox 1058 3359 1084 3402; x_wconf 86' lang='lat' dir='ltr'><strong>et</strong></span> <span class='ocrx_word' id='word_1_243' title='bbox 1103 3350 1166 3402; x_wconf 79' lang='lat' dir='ltr'><strong>dior.</strong></span> <span class='ocrx_word' id='word_1_244' title='bbox 1202 3351 1231 3414; x_wconf 80' lang='lat'><strong>2)</strong></span> <span class='ocrx_word' id='word_1_245' title='bbox 1251 3353 1300 3419; x_wconf 61' lang='grc' dir='ltr'>,ιη’</span> <span class='ocrx_word' id='word_1_246' title='bbox 1404 3319 1405 3382; x_wconf 22' lang='lat' dir='ltr'>f</span> 
     </span>
    </p>
   </div>
   <div class='ocr_carea' id='block_1_17' title="bbox 275 3435 1300 3684">
    <p class='ocr_par' dir='ltr' id='par_1_17' title="bbox 275 3435 1300 3684">
     <span class='ocr_line' id='line_1_28' title="bbox 277 3435 1300 3510; baseline -0.001 -22"><span class='ocrx_word' id='word_1_247' title='bbox 277 3440 302 3489; x_wconf 88' lang='lat' dir='ltr'><strong>in</strong></span> <span class='ocrx_word' id='word_1_248' title='bbox 316 3437 351 3488; x_wconf 83' lang='lat' dir='ltr'><strong>Bo</strong></span> <span class='ocrx_word' id='word_1_249' title='bbox 370 3439 489 3489; x_wconf 87' lang='lat' dir='ltr'><strong>omissam</strong></span> <span class='ocrx_word' id='word_1_250' title='bbox 508 3437 545 3488; x_wconf 81' lang='lat' dir='ltr'><strong>tia</strong></span> <span class='ocrx_word' id='word_1_251' title='bbox 566 3440 592 3489; x_wconf 87' lang='lat' dir='ltr'><strong>in</strong></span> <span class='ocrx_word' id='word_1_252' title='bbox 611 3453 662 3506; x_wconf 72' lang='lat' dir='ltr'><strong>mg.</strong></span> <span class='ocrx_word' id='word_1_253' title='bbox 682 3437 790 3506; x_wconf 81' lang='lat' dir='ltr'><strong>supplet.</strong></span> <span class='ocrx_word' id='word_1_254' title='bbox 828 3438 855 3502; x_wconf 73' lang='lat'><strong>³)</strong></span> <span class='ocrx_word' id='word_1_255' title='bbox 875 3443 960 3510; x_wconf 72' lang='lat' dir='ltr'><strong>anapia</strong></span> <span class='ocrx_word' id='word_1_256' title='bbox 980 3442 1028 3504; x_wconf 76' lang='lat' dir='ltr'><strong>atti</strong></span> <span class='ocrx_word' id='word_1_257' title='bbox 1045 3435 1092 3503; x_wconf 85' lang='lat' dir='ltr'><strong>Ba,</strong></span> <span class='ocrx_word' id='word_1_258' title='bbox 1111 3440 1159 3490; x_wconf 81' lang='lat' dir='ltr'><strong>titi</strong></span> <span class='ocrx_word' id='word_1_259' title='bbox 1176 3439 1300 3506; x_wconf 74' lang='lat' dir='ltr'><strong>comperiit</strong></span> 
     </span>
     <span class='ocr_line' id='line_1_29' title="bbox 276 3523 1299 3595; baseline -0.007 -15"><span class='ocrx_word' id='word_1_260' title='bbox 276 3529 362 3595; x_wconf 71' lang='lat' dir='ltr'><strong>mepta</strong></span> <span class='ocrx_word' id='word_1_261' title='bbox 379 3524 408 3575; x_wconf 82' lang='lat' dir='ltr'><strong>d.</strong></span> <span class='ocrx_word' id='word_1_262' title='bbox 447 3525 475 3583; x_wconf 79' lang='grc'><strong>4)</strong></span> <span class='ocrx_word' id='word_1_263' title='bbox 494 3528 598 3579; x_wconf 78' lang='lat' dir='ltr'><strong>domino</strong></span> <span class='ocrx_word' id='word_1_264' title='bbox 617 3541 750 3592; x_wconf 77' lang='lat' dir='ltr'><strong>perperam</strong></span> <span class='ocrx_word' id='word_1_265' title='bbox 766 3525 798 3591; x_wconf 80' lang='grc' dir='ltr'><strong>Α,</strong></span> <span class='ocrx_word' id='word_1_266' title='bbox 818 3530 941 3582; x_wconf 79' lang='lat' dir='ltr'><strong>dominus</strong></span> <span class='ocrx_word' id='word_1_267' title='bbox 958 3543 995 3594; x_wconf 89' lang='lat' dir='ltr'><strong>pr.</strong></span> <span class='ocrx_word' id='word_1_268' title='bbox 1016 3526 1103 3577; x_wconf 79' lang='lat' dir='ltr'><strong>socrat</strong></span> <span class='ocrx_word' id='word_1_269' title='bbox 1122 3524 1198 3575; x_wconf 81' lang='lat' dir='ltr'><strong>aiio.</strong></span> <span class='ocrx_word' id='word_1_270' title='bbox 1235 3523 1299 3574; x_wconf 78' lang='lat' dir='ltr'><strong>Tum</strong></span> 
     </span>
     <span class='ocr_line' id='line_1_30' title="bbox 275 3611 1298 3684; baseline -0.003 -17"><span class='ocrx_word' id='word_1_271' title='bbox 275 3616 424 3684; x_wconf 65' lang='grc' dir='ltr'>διηυιανιι</span> <span class='ocrx_word' id='word_1_272' title='bbox 450 3615 482 3666; x_wconf 85' lang='lat' dir='ltr'><strong>dc</strong></span> <span class='ocrx_word' id='word_1_273' title='bbox 505 3615 679 3682; x_wconf 69' lang='lat' dir='ltr'><strong>elecmosynis</strong></span> <span class='ocrx_word' id='word_1_274' title='bbox 704 3612 781 3664; x_wconf 84' lang='lat' dir='ltr'><strong>habet</strong></span> <span class='ocrx_word' id='word_1_275' title='bbox 802 3611 850 3664; x_wconf 82' lang='lat' dir='ltr'><strong>tro.</strong></span> <span class='ocrx_word' id='word_1_276' title='bbox 889 3611 954 3664; x_wconf 85' lang='lat' dir='ltr'><strong>Dein</strong></span> <span class='ocrx_word' id='word_1_277' title='bbox 974 3623 998 3666; x_wconf 85' lang='lat' dir='ltr'><strong>ct</strong></span> <span class='ocrx_word' id='word_1_278' title='bbox 1016 3621 1045 3666; x_wconf 86' lang='lat' dir='ltr'><strong>ut</strong></span> <span class='ocrx_word' id='word_1_279' title='bbox 1063 3614 1141 3666; x_wconf 76' lang='lat' dir='ltr'><strong>notis</strong></span> <span class='ocrx_word' id='word_1_280' title='bbox 1159 3615 1190 3665; x_wconf 74' lang='lat' dir='ltr'><strong>stc</strong></span> <span class='ocrx_word' id='word_1_281' title='bbox 1208 3621 1298 3666; x_wconf 76' lang='lat' dir='ltr'><strong>tarre-</strong></span> 
     </span>
    </p>
   </div>
   <div class='ocr_carea' id='block_1_18' title="bbox 275 3701 1405 3854">
    <p class='ocr_par' dir='ltr' id='par_1_18' title="bbox 275 3701 1405 3854">
     <span class='ocr_line' id='line_1_31' title="bbox 275 3701 1405 3774; baseline -0.004 -22"><span class='ocrx_word' id='word_1_282' title='bbox 275 3702 380 3753; x_wconf 75' lang='lat' dir='ltr'><strong>rtridua</strong></span> <span class='ocrx_word' id='word_1_283' title='bbox 405 3703 491 3768; x_wconf 71' lang='lat' dir='ltr'><strong>copiis</strong></span> <span class='ocrx_word' id='word_1_284' title='bbox 514 3701 592 3752; x_wconf 71' lang='lat' dir='ltr'><strong>tuero</strong></span> <span class='ocrx_word' id='word_1_285' title='bbox 616 3717 711 3770; x_wconf 80' lang='lat' dir='ltr'><strong>enopnc</strong></span> <span class='ocrx_word' id='word_1_286' title='bbox 733 3704 845 3770; x_wconf 78' lang='lat' dir='ltr'><strong>provida</strong></span> <span class='ocrx_word' id='word_1_287' title='bbox 872 3703 1022 3769; x_wconf 80' lang='lat' dir='ltr'><strong>operatione</strong></span> <span class='ocrx_word' id='word_1_288' title='bbox 1046 3703 1197 3770; x_wconf 66' lang='lat' dir='ltr'><strong>feceramus</strong></span> <span class='ocrx_word' id='word_1_289' title='bbox 1224 3705 1300 3749; x_wconf 83' lang='lat' dir='ltr'><strong>vetus</strong></span> <span class='ocrx_word' id='word_1_290' title='bbox 1404 3753 1405 3774; x_wconf 21' lang='lat' dir='ltr'>E</span> 
     </span>
     <span class='ocr_line' id='line_1_32' title="bbox 278 3783 1405 3854; baseline 0.001 -18"><span class='ocrx_word' id='word_1_291' title='bbox 278 3785 361 3836; x_wconf 87' lang='lat' dir='ltr'><strong>codex</strong></span> <span class='ocrx_word' id='word_1_292' title='bbox 386 3786 532 3837; x_wconf 84' lang='lat' dir='ltr'><strong>monasterii</strong></span> <span class='ocrx_word' id='word_1_293' title='bbox 557 3783 766 3854; x_wconf 74' lang='lat' dir='ltr'><strong>compendiensis</strong></span> <span class='ocrx_word' id='word_1_294' title='bbox 791 3795 899 3840; x_wconf 84' lang='lat' dir='ltr'><strong>testante</strong></span> <span class='ocrx_word' id='word_1_295' title='bbox 922 3786 1036 3838; x_wconf 82' lang='lat' dir='ltr'><strong>Baiurio.</strong></span> <span class='ocrx_word' id='word_1_296' title='bbox 1073 3783 1121 3835; x_wconf 87' lang='lat' dir='ltr'><strong>Pro</strong></span> <span class='ocrx_word' id='word_1_297' title='bbox 1147 3787 1301 3854; x_wconf 72' lang='lat' dir='ltr'><strong>operatione</strong></span> <span class='ocrx_word' id='word_1_298' title='bbox 1404 3789 1405 3802; x_wconf 64' lang='lat'>¹</span> 
     </span>
    </p>
   </div>
   <div class='ocr_carea' id='block_1_19' title="bbox 164 3870 1302 3938">
    <p class='ocr_par' dir='ltr' id='par_1_19' title="bbox 164 3870 1302 3938">
     <span class='ocr_line' id='line_1_33' title="bbox 164 3870 1302 3938; baseline 0 -14"><span class='ocrx_word' id='word_1_299' title='bbox 164 3906 166 3910; x_wconf 31' lang='grc' dir='ltr'>ι</span> <span class='ocrx_word' id='word_1_300' title='bbox 277 3870 308 3918; x_wconf 86' lang='lat' dir='ltr'>W</span> <span class='ocrx_word' id='word_1_301' title='bbox 328 3875 453 3925; x_wconf 76' lang='lat' dir='ltr'><strong>oratioue.</strong></span> <span class='ocrx_word' id='word_1_302' title='bbox 490 3870 549 3923; x_wconf 78' lang='lat' dir='ltr'><strong>Mox</strong></span> <span class='ocrx_word' id='word_1_303' title='bbox 568 3876 595 3924; x_wconf 84' lang='lat' dir='ltr'><strong>in</strong></span> <span class='ocrx_word' id='word_1_304' title='bbox 614 3882 720 3926; x_wconf 81' lang='lat' dir='ltr'><strong>actor-nc</strong></span> <span class='ocrx_word' id='word_1_305' title='bbox 736 3877 905 3928; x_wconf 74' lang='lat' dir='ltr'><strong>intumescente</strong></span> <span class='ocrx_word' id='word_1_306' title='bbox 917 3872 968 3938; x_wconf 86' lang='lat' dir='ltr'><strong>Mb,</strong></span> <span class='ocrx_word' id='word_1_307' title='bbox 987 3875 1017 3926; x_wconf 77' lang='lat' dir='ltr'><strong>in</strong></span> <span class='ocrx_word' id='word_1_308' title='bbox 1028 3882 1134 3926; x_wconf 61' lang='lat' dir='ltr'><strong>aaaron</strong></span> <span class='ocrx_word' id='word_1_309' title='bbox 1146 3873 1302 3924; x_wconf 70' lang='lat' dir='ltr'><strong>ominaeos·</strong></span> 
     </span>
    </p>
   </div>
   <div class='ocr_carea' id='block_1_20' title="bbox 195 3955 1303 4032">
    <p class='ocr_par' dir='ltr' id='par_1_20' title="bbox 195 3955 1303 4032">
     <span class='ocr_line' id='line_1_34' title="bbox 195 3955 1303 4032; baseline 0.004 -26"><span class='ocrx_word' id='word_1_310' title='bbox 195 3969 197 3972; x_wconf 87' lang='lat'>·</span> <span class='ocrx_word' id='word_1_311' title='bbox 277 3955 308 4007; x_wconf 83' lang='grc' dir='ltr'><strong>Α.</strong></span> <span class='ocrx_word' id='word_1_312' title='bbox 346 3956 445 4012; x_wconf 82' lang='lat' dir='ltr'><strong>Deinde</strong></span> <span class='ocrx_word' id='word_1_313' title='bbox 462 3961 601 4032; x_wconf 73' lang='lat' dir='ltr'><strong>scriptura</strong></span> <span class='ocrx_word' id='word_1_314' title='bbox 619 3960 709 4015; x_wconf 80' lang='lat' dir='ltr'><strong>diuina</strong></span> <span class='ocrx_word' id='word_1_315' title='bbox 728 3960 768 4016; x_wconf 79' lang='lat' dir='ltr'><strong>uu</strong></span> <span class='ocrx_word' id='word_1_316' title='bbox 788 3959 963 4028; x_wconf 81' lang='lat' dir='ltr'><strong>editionesqae</strong></span> <span class='ocrx_word' id='word_1_317' title='bbox 977 3959 1040 4012; x_wconf 79' lang='lat' dir='ltr'><strong>Dav.</strong></span> <span class='ocrx_word' id='word_1_318' title='bbox 1060 3967 1086 4011; x_wconf 90' lang='lat' dir='ltr'><strong>et</strong></span> <span class='ocrx_word' id='word_1_319' title='bbox 1098 3957 1184 4023; x_wconf 71' lang='lat' dir='ltr'><strong>Grau,</strong></span> <span class='ocrx_word' id='word_1_320' title='bbox 1205 3960 1303 4014; x_wconf 79' lang='lat' dir='ltr'><strong>diuina</strong></span> 
     </span>
    </p>
   </div>
   <div class='ocr_carea' id='block_1_21' title="bbox 0 0 1434 4688">
    <p class='ocr_par' dir='ltr' id='par_1_21' title="bbox 0 0 1434 4688">
     <span class='ocr_line' id='line_1_35' title="bbox 0 0 1434 4688; baseline 0 0"><span class='ocrx_word' id='word_1_321' title='bbox 0 0 1434 4688; x_wconf 95' lang='lat' dir='ltr'><strong> </strong></span> 
     </span>
    </p>
   </div>
  </div>
 </body>
</html>
