2868 4700
737 369 771 424 vl

245 533 399 615 opuscula,
422 549 499 614 quae
522 531 578 595 hoo
601 529 734 594 editione
756 530 911 594 benevolis
933 530 1096 594 lectoribus
1116 530 1260 596 emenda-

242 657 318 719 tiora
334 655 523 734 exhibentur,
540 655 569 717 in
585 654 731 738 integram
746 653 903 716 lectionem
918 651 1093 716 restituendi
1106 654 1261 718 consilium

243 778 328 861 cepi,
359 777 499 861 optimum
529 794 598 839 csse
630 775 700 837 rnibi
731 773 827 838 visum
858 779 905 836 cst
927 773 1062 838 codicum
1085 777 1262 858 antiquissi-

241 921 357 966 morum
389 907 419 964 et
445 899 766 984 praestantissimorum
789 897 903 980 copiam
926 896 1058 978 undique
1080 899 1262 980 conquirere

242 1025 292 1087 vel
314 1025 460 1089 lectiones
485 1023 635 1087 variantes
666 1042 706 1085 ex
737 1021 884 1085 eiusmodi
913 1023 995 1086 libris
1026 1028 1161 1086 enotatas
1192 1024 1262 1087 mibi

242 1165 434 1230 comparare,
463 1166 521 1212 neo
550 1165 612 1211 non
637 1147 823 1210 recentiores
847 1163 968 1228 quoque
992 1145 1209 1228 manuscriptos
1232 1147 1262 1208 in

243 1290 329 1336 usum
351 1289 449 1336 meum
473 1277 661 1334 convertere.

327 1393 360 1456 ln
382 1392 518 1456 codicum
534 1383 685 1471 numero,
712 1408 789 1472 quos
812 1391 877 1474 ipse
908 1392 1036 1471 contuli,
1067 1391 1188 1455 luerunt
1216 1393 1262 1454 bi:

327 1515 348 1578 l.
386 1515 422 1578 W
458 1550 500 1560 —
533 1511 598 1576 cod.
633 1511 766 1596 theolog.
801 1511 1075 1598 Wiinzeburgensis
1106 1513 1158 1576 Nr.
1192 1512 1261 1579 145.

242 1639 503 1717 membranaceus,
532 1653 611 1700 saco.
635 1634 713 1714 Vll,
742 1634 772 1696 in
807 1633 875 1714 tot,
899 1642 1038 1699 constans
1070 1637 1149 1701 loliis
1180 1635 1263 1733 136,

243 1762 417 1824 charactere
439 1756 668 1843 Langobardico
692 1755 882 1839 diversisque
905 1759 1038 1822 manibus
1064 1767 1204 1822 exaratus
1235 1765 1263 1824 et

245 1883 274 1946 in
297 1885 333 1946 iis
357 1882 496 1966 Cypriani
522 1882 695 1960 codicibus,
729 1883 778 1962 qui
811 1880 840 1943 in
864 1879 1047 1945 Germanicis
1070 1890 1263 1946 asservantur

244 2005 441 2086 bibliothecis,
464 2006 681 2070 vetustissimus
701 2023 736 2067 ao
751 2006 1031 2088 praestantissimus,
1056 2025 1154 2087 quem,
1181 2007 1262 2088 quod

192 2205 193 2210 γ
245 2129 282 2192 ad
309 2135 462 2193 externam
484 2129 550 2193 libri
574 2129 698 2192 formam
723 2129 833 2206 attinet,
858 2133 995 2189 accurate
1016 2126 1171 2211 descripsit
1193 2129 1262 2192 los.

246 2253 327 2316 Ant.
362 2253 545 2338 Oeggius
578 2255 608 2315 in
640 2252 714 2314 libro
747 2247 924 2312 vernaculo:
961 2247 1169 2337 diotoqtopipic
1203 2265 1262 2316 bon

246 2369 425 2456 erqburq.
472 2375 555 2437 Tom.
577 2375 597 2436 l.
620 2393 648 2456 p.
673 2371 736 2435 385
760 2389 824 2450 sqq.

331 2495 393 2559 Fol.
420 2495 555 2577 1-38,
585 2498 613 2558 b.
637 2497 825 2559 continentur
855 2501 917 2557 tres
948 2496 1014 2559 libri
1042 2498 1077 2561 ad
1101 2499 1262 2573 Quirinum.

245 2619 277 2682 ln
313 2619 411 2682 fronte
443 2619 523 2682 nulla
557 2620 728 2702 inscripti03
763 2618 870 2682 desunt
903 2622 979 2683 enirn
1012 2621 1079 2685 libri
1108 2622 1128 2685 l.
1161 2623 1262 2704 priora

246 2741 412 2823 quindecim
434 2744 545 2825 capita,
575 2744 645 2805 itenr
675 2743 787 2805 initium
818 2744 922 2825 cepitis
954 2745 1104 2808 sedecimi.
1161 2746 1265 2830 Incipit

246 2865 381 2927 nimirum
414 2864 528 2927 codex:
561 2874 630 2927 ctor
656 2873 685 2927 ct
715 2885 827 2928 novum
858 2867 1092 2930 coelebrcrctor
1120 2865 1167 2952 (p.
1191 2867 1263 2934 280.

247 2987 265 3050 l.
288 2985 317 3049 3.
341 2986 387 3049 cd.
410 2985 540 3072 Bolon).
587 2989 648 3051 lot
674 2986 712 3067 7,
742 3008 767 3050 a.
790 2989 808 3050 l.
833 2986 861 3051 2.
886 2991 922 3052 ab
955 2997 1029 3054 extr.
1059 2998 1127 3073 post
1154 2995 1264 3055 verba:

247 3111 280 3171 in
303 3129 426 3172 carmem
447 3111 571 3173 venisse
594 3111 633 3171 dc
656 3111 715 3173 deo
739 3119 786 3172 cst
807 3112 861 3191 qoi
884 3109 931 3194 (p.
948 3111 1022 3175 288.
1051 3114 1068 3176 l.
1085 3111 1156 3196 22.)
1178 3132 1264 3177 com-

188 3257 189 3262 *
251 3233 333 3315 plura
357 3232 565 3296 desiderantur
587 3234 652 3296 sinc
675 3234 736 3295 ullo
759 3235 884 3296 lacunae
907 3234 1023 3296 indicio.

334 3357 395 3419 Fol.
420 3355 479 3437 38,
510 3359 537 3420 b.
561 3360 694 3438 sequitur
725 3359 829 3421 incerti
851 3359 981 3420 auctoris
1004 3358 1041 3418 de
1065 3357 1181 3420 tadtnto
1204 3360 1264 3423 do-

248 3481 323 3541 mimi
345 3499 468 3542 carmem
492 3477 569 3563 [vid.
593 3482 835 3544 Tertulliani
859 3480 958 3561 Opera
981 3478 1027 3540 ed.
1049 3479 1154 3562 Rigalt.
1173 3479 1263 3544 loct.

251 3601 299 3666 sol.
323 3601 358 3664 ad
382 3602 453 3664 calo.
478 3623 504 3684 p.
529 3601 628 3686 808),
656 3605 736 3685 quod
761 3605 789 3665 in
813 3601 916 3665 codice
939 3603 1124 3664 inscribitur:
1153 3604 1266 3684 incipit

251 3725 294 3785 od
316 3724 446 3786 Felicem
468 3743 578 3787 corsos
601 3726 640 3786 dc
671 3724 900 3786 resurrectione
932 3731 1132 3802 mortuorum,
1164 3732 1194 3786 et
1221 3726 1265 3788 sic

251 3846 421 3910 exorditur:
456 3847 539 3922 Ouid
563 3848 638 3910 mibi
664 3849 819 3910 ruricolae
842 3847 959 3910 obtccit
980 3847 1115 3910 carmine
1136 3849 1265 3910 musae?

251 3970 367 4034 Desinit
389 3967 440 4034 fol.
461 3967 513 4052 la,
538 3990 564 4033 a.
587 3969 633 4034 bis
660 3971 776 4035 verbis:
808 3978 837 4034 ct
858 3972 987 4036 meliora
1005 3972 1070 4052 piis
1088 3968 1267 4052 [inprobant
