2858 4688
645 443 707 508 185

168 604 308 667 divinitus
338 599 552 679 defenderent,
586 605 751 663 secuturos.
804 598 839 663 Et
870 607 976 681 quanta
1008 607 1077 664 sunt
1107 620 1184 682 quae

168 719 234 780 istic
256 732 313 798 pro
339 713 423 778 nohis
445 709 608 788 interint)
632 711 732 774 fiunt?
776 712 807 774 ln
836 699 1002 794 exemptum
1019 710 1047 790 3)
1076 713 1185 794 aliquid

168 829 264 907 datur,
291 834 322 889 ut
345 827 393 890 dei
416 827 541 891 vindicis
566 826 609 888 ira
634 807 782 890 noscitur.
830 826 966 890 Ceterum
984 824 1011 904 4)
1034 833 1116 890 retro
1140 836 1187 890 est
1299 828 1302 836 ’

168 941 268 1003 iudicii
300 939 380 1019 dies,
413 959 502 1021 quem
534 940 679 1022 scriptura
711 948 812 1002 sancta
845 940 996 1004 denuntiat
1019 941 1123 1004 dicens
1140 939 1185 1014 ὁ);

171 1053 311 1127 titutum
338 1054 506 1134 praeimus
527 1059 575 1114 ert
590 1052 678 1114 enim
694 1048 722 1131 ⁶)
737 1053 813 1116 diae
836 1054 973 1131 doroioi,
1005 1062 1035 1115 et
1057 1053 1186 1118 obtritio

167 1187 189 1230 o
210 1168 269 1231 deo
293 1167 407 1229 oderit.
451 1166 533 1228 Eece
556 1165 637 1226 eaim
659 1167 726 1228 dier
749 1167 869 1230 domini
886 1162 911 1241 7)
941 1168 1028 1230 uenit
1053 1167 1185 1230 ioaono·

167 1281 242 1343 diiir
267 1281 496 1362 iodipnotiooir
519 1287 551 1341 et
571 1282 658 1357 irae,
682 1299 801 1359 ponere
824 1280 937 1344 orbem
951 1287 1055 1342 terrae
1078 1281 1185 1342 docar-

167 1401 229 1456 tam
255 1401 291 1456 et
317 1399 500 1472 peccudum
526 1394 660 1474 perdere
687 1412 728 1454 ec
752 1411 797 1455 eo.
843 1391 879 1454 Et
902 1371 1009 1455 iterum
1024 1387 1071 1470 8);
1105 1391 1187 1454 Ecce

167 1507 238 1570 diae
271 1506 387 1570 domim·
420 1506 507 1568 aonii
540 1508 656 1569 ardens
690 1507 775 1568 oeteo
810 1505 953 1568 elidamur
977 1499 1005 1582 9)
1038 1511 1187 1586 eruotpm

123 1632 125 1636 '
168 1640 274 1684 omnes
297 1619 494 1702 oiieoiponae
515 1627 671 1683 eromenes
694 1619 794 1700 iniqui
815 1619 948 1700 stipato,
972 1619 1188 1698 circumcidet

168 1735 242 1796 iilos
266 1733 435 1796 odoemem
456 1731 535 1809 dier,
559 1732 638 1794 dicit
659 1733 813 1796 dominor.
852 1730 1000 1795 Succendi
1016 1736 1046 1792 et
1061 1731 1187 1796 cremari

169 1843 354 1929 alienigenos
375 1849 529 1928 praecenit
546 1841 588 1922 ¹⁰)
612 1846 759 1921 dominus,
784 1843 813 1906 id
837 1851 884 1906 est
906 1843 1022 1906 alienos
1045 1862 1061 1904 a
1086 1843 1186 1908 divino

172 1979 379 1991 -ι--ι-Δι-ιι

170 2059 216 2112 pro
234 2053 274 2110 at,
294 2043 361 2111 quod
381 2041 439 2095 edd.
460 2049 523 2094 vett.
542 2040 638 2092 Eraam.
659 2049 685 2092 et
703 2041 777 2093 Gran.
798 2043 930 2106 omittunt,
953 2043 978 2092 in
998 2038 1020 2091 Α
1038 2039 1132 2108 iegitur
1150 2051 1186 2094 ut.

168 2131 197 2195 2)
223 2135 304 2186 istinc
329 2133 436 2185 interim
459 2146 508 2200 pro
533 2131 611 2182 nodio
635 2129 717 2180 exstat
741 2130 766 2178 in
793 2127 836 2179 Ba.
882 2127 912 2192 3)
937 2131 969 2182 dn
993 2131 1112 2198 exemplo
1138 2127 1187 2179 tib.

168 2221 255 2272 dictur·
283 2233 315 2268 m.
342 2231 381 2284 pr.
412 2216 496 2268 omisit
524 2215 549 2266 iu
577 2215 632 2276 um
662 2219 754 2283 datur,
784 2225 814 2269 at
839 2218 957 2276 vindicii
984 2219 1026 2270 dei
1045 2215 1130 2282 *habet
1157 2216 1186 2266 Α.

168 2305 198 2369 1)
217 2307 356 2359 Caeterum
368 2301 409 2353 W.
429 2299 482 2360 Bab
503 2308 529 2351 at
546 2299 594 2364 dic,
614 2315 687 2368 quarn
708 2301 857 2368 scripturam
877 2302 958 2352 secuti
977 2309 1036 2352 runt
1053 2299 1188 2369 angelon,

169 2389 289 2442 Baiuziae
307 2397 333 2439 et
346 2387 527 2440 Goldtrorniue.
554 2385 639 2438 Falto.
668 2386 732 2438 1111-
744 2387 775 2438 ud
795 2385 887 2438 librum
907 2387 939 2438 do
956 2387 1075 2438 mortalit.
1090 2403 1146 2456 cap.
1158 2387 1188 2438 V.

168 2517 220 2562 not.
239 2511 264 2564 8.
301 2503 363 2560 Tum
388 2468 606 2576 dieammiquem
629 2505 667 2572 (v.
691 2509 786 2588 iudicii
809 2507 841 2558 ab
866 2523 886 2560 r.
912 2524 944 2560 rn.
969 2512 1110 2576 superior.)
1136 2509 1185 2582 ut.

169 2597 198 2662 5)
217 2595 301 2649 lierni.
325 2593 373 2661 13,
393 2596 409 2648 6
428 2604 455 2647 ct
473 2595 497 2646 9.
544 2593 574 2662 6)
598 2599 667 2648 enim
692 2605 732 2662 ort
750 2595 864 2663 dictati,
893 2612 942 2648 om.
962 2600 1032 2650 anim
1057 2598 1098 2649 ed.
1121 2595 1185 2648 Dar.

169 2683 196 2735 in
215 2683 230 2734 1.
251 2687 333 2737 aierit
352 2682 381 2734 Δ.
428 2683 458 2751 7)
481 2685 582 2737 domini
606 2686 663 2736 dieo
682 2680 727 2734 Bb.
764 2683 851 2736 Statim
875 2684 915 2737 ed.
936 2682 1006 2735 Dur.¹
1021 2684 1136 2752 adiungit
1154 2693 1185 2736 ar

169 2768 233 2819 inira
252 2767 416 2836 sequentibus
433 2773 504 2823 vonit
522 2773 619 2826 ardum
640 2774 761 2824 alidamur
781 2771 927 2835 (intermed.
943 2774 1015 2835 om.).
1054 2772 1120 2824 Anto
1138 2775 1185 2825 im·

170 2856 332 2924 dipositionis
351 2853 392 2904 ttb
418 2855 556 2921 interponit
581 2865 613 2909 et.
649 2853 753 2922 Legitur
777 2856 802 2906 io
821 2854 935 2908 Graeco:
961 2853 1023 2904 ’1δοὺ
1046 2854 1091 2922 ydp
1114 2853 1188 2920 q‘ptpn

170 2942 251 3004 κυρίου
269 2939 363 3006 ἔρχεται
380 2935 477 2996 ἆνίατος
492 2941 575 3000 θυμοῦ
589 2942 629 2987 καὶ
643 2933 717 3006 ὀργῆς.
745 2938 783 2992 Cf.
797 2943 926 2994 Sabatiar.
961 2941 990 3000 8)
1003 2941 1110 2993 Maladh.
1125 2941 1150 3004 4,
1165 2940 1186 2991 1,

170 3026 277 3079 Additur
296 3029 360 3080 dicit
377 3028 402 3078 io
415 3025 465 3077 dib.
503 3027 531 3090 9)
551 3025 599 3076 Pro
619 3029 692 3080 eadat
703 3025 739 3077 Bb
756 3029 838 3093 cient,
857 3026 897 3077 ttd
914 3037 951 3081 ot.
989 3025 1050 3077 Turn
1065 3030 1187 3080 olitanae

170 3117 242 3184 ipoie
254 3112 340 3165 Vati
359 3122 384 3164 et
404 3113 463 3166 edd.
482 3120 544 3164 vett.
563 3129 584 3164 c.
598 3111 696 3164 araim.
716 3121 792 3182 atque
804 3111 878 3166 Grar.
916 3110 1042 3182 Corrupto
1061 3116 1188 3168 attentam

170 3217 223 3280 Bb,
248 3193 407 3272 ationi¹eoue
431 3216 461 3288 (p
481 3233 495 3268 a
514 3232 566 3268 rec.
587 3233 619 3270 or.
637 3217 775 3285 superior.)
796 3216 827 3266 W
851 3223 878 3270 et
900 3219 926 3268 in
951 3231 1023 3286 reqq.
1041 3219 1187 3273 attentam

171 3305 209 3356 iia
228 3319 274 3371 pro
291 3307 505 3375 atienienipeom.
543 3304 600 3356 idox
618 3314 647 3360 at
664 3308 766 3376 etipuiu
779 3303 834 3359 Vat
846 3306 872 3360 1.
892 3313 1044 3374 ceteraeque
1062 3305 1125 3357 editi
1139 3321 1187 3356 ax·

162 3399 248 3470 ¹capto
261 3391 447 3444 daventrieoei.
484 3391 611 3444 ltactiam
623 3391 733 3458 Errare„
751 3395 776 3446 in
795 3393 836 3446 ad.
852 3391 926 3446 Gran.
946 3393 1037 3459 partie.
1053 3401 1084 3450 ut¹
1099 3391 1187 3442 minut.

170 3477 237 3543 typis
255 3493 346 3530 excusa
361 3465 479 3532 'taberne
510 3477 559 3530 Pro
577 3489 606 3534 ut
625 3489 664 3532 eet
680 3483 749 3534 eiout
762 3481 787 3532 iu
801 3479 849 3532 tiu.
878 3480 955 3532 Voce
969 3477 1186 3548 iniquitatate.
1255 3525 1261 3532 .

171 3561 265 3614 rddidit
283 3565 308 3614 in
324 3563 368 3616 iic.
406 3563 445 3615 De
463 3563 595 3632 particulis
616 3567 820 3632 comparationis,
838 3578 903 3632 quae
917 3564 949 3616 ab
962 3565 1063 3632 optimi·
1075 3564 1187 3630 scripto·

170 3647 238 3698 ribus
253 3651 333 3700 omitti
346 3650 438 3714 rotent,
452 3651 504 3702 rid.
517 3667 584 3720 quaa
596 3652 714 3704 adnotari
728 3651 759 3703 ad
769 3651 886 3704 Ambrae.
900 3650 932 3702 da
945 3650 1027 3703 oiiice.
1037 3650 1068 3703 11.
1076 3652 1102 3702 4.
1113 3652 1137 3715 ς.
1149 3650 1187 3701 12.
1281 3675 1283 3680 ·

170 3751 195 3800 p.
207 3733 257 3786 338
272 3743 297 3786 at
310 3734 350 3786 111.
363 3735 408 3788 22.
420 3738 444 3801 ς.
457 3736 516 3790 131.
529 3754 553 3805 p.
566 3737 625 3788 tta.
656 3735 693 3787 Ci.
709 3736 740 3786 de
753 3736 821 3789 tono
833 3739 937 3804 patiant.
952 3752 1006 3804 cap.
1020 3735 1084 3788 xiv.
1097 3743 1148 3788 not.
1161 3736 1186 3788 3.

174 3822 218 3888 10)
237 3820 273 3872 lta
288 3811 330 3872 W?
342 3819 394 3874 Bab
408 3830 434 3872 et
447 3820 492 3874 Ma
531 3820 611 3884 Quam
627 3821 762 3874 tectionem
780 3821 866 3874 edim.
879 3822 983 3888 protulit
993 3824 1042 3874 iam
1054 3821 1187 3890 probavit-

171 3925 221 3976 que
234 3911 388 3964 &anacim
401 3907 545 3962 Observata
558 3909 601 3960 111.
612 3909 655 3960 21.
668 3925 694 3976 p.
705 3908 767 3960 323.
783 3911 942 3971 ¹'Praecinit
955 3916 982 3960 ut
994 3907 1087 3978 iegitur
1100 3907 1187 3976 vulgo,

171 3992 294 4046 exhibent
312 3993 394 4060 tiabd,
413 3999 532 4064 paeaoit
550 3994 612 4062 (ric)
632 3997 755 4063 reperitur
775 3997 800 4048 in
818 3996 848 4048 Α.
886 3993 965 4062 Epist
984 3993 1066 4049 111111.
1086 4003 1113 4062 p.
1129 3993 1187 4060 toa,
