2858 4688
762 387 824 456 {42

282 561 458 633 spectamus
488 553 589 616 ierom
616 550 794 636 Christum,
828 549 882 630 qui
915 547 1158 626 mouesormobit
1187 565 1304 628 corpur

283 665 468 730 humititatis
490 671 618 727 nostroe
634 661 864 740 oousomotom
880 661 1007 740 corpori
1026 661 1186 722 claritatis
1200 661 1304 722 tuoe?

283 781 372 846 'icles
392 795 450 844 noe
464 773 492 855 ⁹)
510 777 626 841 tuturos
643 782 673 839 et
688 776 822 840 Christus
840 775 975 839 dominus
990 775 1157 856 pollicetur,
1173 771 1303 853 quondo,

283 900 314 958 ut
337 913 402 956 cum
426 893 477 954 itio
501 889 592 952 simus
616 894 645 949 et
669 904 735 950 cum
757 887 807 950 iiio
838 888 868 949 iu
898 887 1029 950 oetcmie
1060 884 1181 948 sedibus
1212 893 1303 966 utque

224 1077 228 1082 ,
270 1007 312 1069 in
335 1005 438 1089 reguis
462 1001 639 1066 coelestibus
662 999 863 1083 gaudeamus,
894 1007 1008 1081 patrem
1031 1018 1087 1081 pro
1111 997 1196 1060 nohis
1226 1015 1303 1080 pre-

283 1126 367 1182 cetur
390 1117 511 1180 dicens:
542 1115 652 1191 Potor,
679 1131 757 1194 quor
771 1095 854 1176 fruiti
879 1113 995 1176 dedisti
1014 1108 1070 1190 ¹⁰),
1094 1110 1168 1176 ooio
1191 1119 1226 1174 ut
1247 1111 1303 1172 ubi

283 1249 339 1312 opo
367 1231 461 1310 focco
493 1236 523 1288 et
554 1225 615 1307 ipsi
647 1225 713 1286 rint
743 1243 878 1301 mecum,
905 1229 945 1286 'et
962 1225 1092 1287 uideant
1115 1224 1306 1300 cleritatem„

281 1363 373 1426 poom
395 1341 469 1404 mitti
493 1337 607 1401 dedisti
627 1337 836 1416 priusquam
858 1335 991 1398 moetos
1012 1336 1109 1415 fieret.

755 1531 828 1602 xii.

369 1677 517 1738 tenturus
541 1673 577 1736 rd
602 1672 708 1735 Christi
731 1669 851 1750 sedem,
883 1670 919 1732 ud
943 1631 1106 1754 repnorum
1130 1674 1303 1739 coelestium

282 1791 444 1854 cleritatem
473 1788 580 1872 lugere
610 1803 670 1849 non
702 1785 790 1860 debet
820 1791 849 1848 et
878 1785 1023 1869 plangere
1041 1785 1084 1866 ¹),
1118 1788 1173 1850 sed
1202 1791 1302 1871 potius

281 2045 369 2096 ierom
388 2043 525 2094 Christum
550 2033 825 2112 oopoetomuehcbet
847 2033 905 2098 tib,
935 2037 1073 2090 Christum
1096 2037 1186 2092 iocum
1208 2037 1246 2104 Α,
1275 2041 1300 2090 iu

278 2126 379 2180 Tecum.
397 2133 481 2176 eutem
500 2123 526 2175 L.
546 2121 587 2174 iii.
608 2138 629 2175 c.
653 2121 693 2172 tt.
713 2122 819 2191 legitur:
839 2124 999 2187 salvotorem
1018 2121 1190 2193 cropoctomor
1209 2129 1298 2180 domi-

276 2230 342 2268 num
359 2214 590 2266 rostrumtorum
610 2211 755 2264 cortitum.
792 2207 914 2262 Omittuut
932 2217 1016 2260 tomen
1034 2221 1157 2265 uestrum
1176 2210 1249 2263 codd.
1267 2213 1299 2263 W

277 2308 303 2352 et
323 2298 357 2351 Bo
382 2301 555 2366 conspirantes
576 2314 632 2352 eum
652 2297 766 2350 Graeco:
793 2299 885 2360 σωτῆρα
903 2291 1096 2363 ἆπεκδεχόμεθα
1113 2295 1193 2364 κύριον
1209 2294 1301 2366 Ἰηᾳοῡν

166 2381 173 2392 ’
278 2385 379 2454 xpus-dr.
417 2385 483 2438 Dein
511 2389 715 2453 transformavit
741 2384 928 2451 permutatione
955 2384 1082 2453 frequenti
1111 2385 1231 2438 exhibent
1258 2385 1298 2438 W.

277 2475 316 2526 Me
343 2482 370 2525 et
393 2471 446 2526 Bab
472 2475 584 2539 itemque
609 2472 632 2522 iu
659 2469 760 2522 Tettim.
785 2470 801 2522 l.
821 2487 842 2521 e.
869 2469 909 2520 W.
935 2468 992 2522 ube
1018 2478 1045 2521 et
1070 2469 1112 2522 Ba.
1148 2470 1297 2525 Lectionum

276 2565 469 2630 conformatum
494 2574 508 2609 c
533 2556 637 2608 Beiuzio
661 2558 802 2608 restitutum
826 2565 957 2624 praestent
982 2560 1058 2609 etiem
1077 2557 1134 2609 Ver.
1154 2553 1236 2628 Neep.
1258 2559 1299 2612 W.

276 2643 330 2696 Beb
352 2645 468 2710 eutici,
499 2648 679 2711 confirmatum
696 2658 831 2710 perperam
850 2643 910 2694 dent
929 2643 971 2694 Mb
993 2652 1019 2696 et
1036 2645 1076 2711 Α,
1107 2652 1299 2718 ωηρςυηιμη.

277 2732 315 2783 itte
337 2731 513 2801 editioueeque
532 2739 594 2784 vett.
615 2746 637 2782 c.
649 2727 746 2781 Eruem.
767 2729 861 2782 Munut.
881 2730 975 2784 Pumei.
996 2730 1053 2801 lug.
1073 2742 1099 2785 ct
1119 2732 1199 2788 Oxou.
1236 2735 1298 2787 Tum

276 2822 399 2889 corporir
418 2818 454 2870 e·
473 2827 499 2870 ct
517 2835 554 2886 pr.
572 2818 622 2870 Mb.
659 2818 687 2883 9)
708 2817 789 2871 Abest
807 2835 858 2872 reor
877 2835 890 2871 o
911 2817 973 2885 Bab,
993 2820 1053 2871 item
1071 2824 1186 2889 proxime
1206 2821 1299 2874 abeunt

276 2921 348 2959 roco.
368 2916 392 2959 ot
406 2909 531 2960 Christus
551 2903 629 2970 eBc3
650 2907 752 2958 inverso
773 2905 863 2957 ordino
881 2916 904 2959 et
922 2909 1063 2976 potticotur
1082 2911 1205 2964 dominor
1217 2911 1300 2963 iocur
1414 2955 1415 2960 ,

277 2997 404 3050 cocturus
423 2993 501 3046 hebet
513 2991 543 3043 Α.
582 2993 670 3043 Statim
690 2995 715 3043 in
729 2992 822 3043 codem
835 2991 900 3044 iibro
912 3008 959 3059 pro
973 3005 1010 3061 ut,
1032 2994 1099 3062 quod
1113 2995 1183 3061 deit,
1203 3011 1298 3064 eupor-

275 3083 399 3148 ecriptum
418 3079 512 3147 iegitur
530 3089 561 3133 et.
599 3076 673 3141 Quod
693 3096 750 3131 mox
770 3081 885 3147 sequitur
909 3090 932 3133 et
955 3080 1081 3148 significet
1105 3090 1217 3134 nostrum
1242 3086 1301 3138 oud

275 3187 354 3223 eccur
377 3168 455 3236 idque
480 3168 597 3234 ponitur,
623 3171 645 3218 ei
670 3167 728 3235 quid
754 3183 810 3219 cum
834 3170 861 3219 ri
886 3167 1006 3234 effertur,
1034 3177 1061 3221 ut
1084 3168 1108 3220 b.
1128 3169 1144 3222 i.
1171 3185 1231 3223 cum
1248 3171 1299 3223 itio

277 3254 359 3320 (coni.
384 3254 416 3306 tie
435 3269 477 3322 op.
498 3264 523 3304 et
542 3255 661 3307 eleemos.
683 3269 738 3320 cap.
758 3253 822 3306 xit.
844 3263 895 3307 not.
916 3256 989 3323 tt),
1016 3257 1084 3307 uude
1102 3271 1152 3308 uon
1172 3265 1211 3308 eet
1230 3271 1299 3324 opus

176 3343 179 3350 '
275 3341 355 3393 uerbo
374 3345 507 3409 ricomer,
529 3343 596 3410 quod
615 3341 711 3409 vuipeti
730 3341 787 3394 iibri
802 3350 861 3409 poet
874 3345 982 3397 uertitur
996 3342 1100 3407 addunt,
1120 3341 1195 3394 codd.
1211 3350 1299 3394 autem

275 3426 334 3480 Ver.
354 3427 434 3496 Neop.
456 3437 482 3480 et
501 3430 551 3480 mei
570 3443 659 3479 omnes
677 3431 767 3479 merito
785 3445 836 3480 nou
859 3439 1007 3498 agnoscunt.
1045 3427 1122 3481 Pouio
1147 3438 1205 3498 poet
1227 3447 1298 3499 pre-

275 3526 353 3570 catur
376 3535 426 3586 pro
450 3518 527 3569 rotie
552 3517 644 3569 dicent
670 3523 750 3566 cretur
775 3519 800 3567 in
826 3516 867 3567 ed.
892 3515 955 3568 Dav.
992 3517 1028 3568 ite
1052 3499 1145 3585 iegitur
1171 3519 1245 3568 etiem
1270 3518 1299 3568 in

275 3604 367 3654 ceteris
387 3602 572 3670 exemplaribus
591 3602 770 3654 vetustioribus
790 3613 816 3654 et
834 3606 859 3654 in
872 3603 981 3669 Eretum,
1000 3620 1013 3654 u
1032 3604 1123 3673 quibet
1142 3612 1225 3656 temen
1245 3604 1297 3655 ab·

275 3698 313 3741 oet
332 3694 438 3752 ticum
464 3694 622 3759 deprecatur
639 3689 716 3742 hcbet
735 3693 764 3741 Α.
786 3689 855 3742 ‘Vid.
877 3690 963 3742 toron.
985 3691 1027 3756 t't‘,
1046 3691 1087 3744 24.
1136 3692 1178 3755 to)
1201 3695 1301 3746 ‹trtiitti

274 3781 339 3830 mitt
357 3775 398 3826 tto
418 3784 443 3826 et
459 3771 505 3827 ttb.
544 3775 600 3828 ttox
618 3787 642 3831 ot
659 3781 714 3845 ipsi
732 3776 761 3829 oi.
783 3793 814 3828 m.
834 3777 928 3829 ediecit
945 3780 969 3829 in
984 3778 1024 3829 W.
1064 3777 1125 3830 Tum
1143 3790 1173 3834 ut
1190 3781 1302 3832 eideomt

274 3863 362 3914 scribit
380 3861 438 3928 Mb,
456 3867 560 3918 videam
578 3867 609 3916 Α.
688 3916 695 3924 ,

344 3947 408 4002 XVI.
446 3950 474 4020 1)
492 3951 529 4002 ltu
549 3951 587 4004 W.
607 3951 705 4004 Mutet.
727 3951 761 4002 Be
787 3961 813 4002 et
834 3952 893 4005 cdd.
914 3951 1006 4005 Muuut.
1028 3953 1121 4005 Penei.
1142 3953 1233 4024 ntuetr.
1253 3961 1300 4007 rt-
