2858 4688
504 455 526 470 --
611 415 675 484 209

138 582 267 659 iuoebet,
306 579 455 656 Tubitbu,
490 579 585 661 inquit
603 575 651 658 6),
686 597 820 659 ensurpe
855 579 888 640 in
923 579 1047 642 nomine
1080 577 1152 643 lesu

141 693 256 758 Christi
274 687 322 770 7);
350 712 407 757 neo
431 693 524 756 detuit
546 693 634 756 Petro
658 710 718 774 quo
742 693 836 756 minus
859 693 956 756 statim
980 691 1072 756 terret
1094 712 1152 756 uu-

138 809 237 872 xilium
253 803 298 888 8),
332 810 382 890 qui
410 810 440 870 in
471 807 628 890 evangelio
658 805 721 868 dari
745 802 860 868 dixerut
883 805 1025 888 quidquid
1048 805 1153 869 fuisset

139 913 202 984 eius
234 921 354 985 nomine
387 919 574 1002 postulatum.
628 919 711 982 Mors
744 920 843 1000 itaque
878 919 1085 1000 suspenditur,
1124 927 1153 982 et

139 1036 256 1118 spiritus
272 1029 300 1111 9)
323 1033 476 1114 redditur,
508 1032 732 1096 etmiruntibus
758 1050 793 1094 uo
824 1033 1009 1113 stupentibus
1040 1034 1153 1094 cunctis

139 1147 174 1210 ud
197 1149 274 1211 buno
296 1147 397 1210 mundi
422 1147 519 1210 denuo
543 1147 640 1210 lucem
663 1144 829 1208 redivivum
858 1163 968 1227 corpus
998 1146 1152 1209 unimctu'r.

139 1263 261 1326 'tuntum
282 1270 445 1345 potuerunt
465 1253 688 1325 misericordiae
705 1261 818 1339 merite,
842 1265 952 1322 tuntum
971 1238 1062 1340 operit
1078 1260 1153 1321 iustu

140 1376 302 1439 voluerunt.
359 1377 443 1450 Quae
478 1374 679 1439 laborantibus
719 1373 813 1437 viduis
850 1373 955 1456 tergite
994 1371 1091 1434 fueret
1115 1368 1154 1449 ¹⁰)

139 1489 418 1558 subsidio.vivendi
448 1489 554 1552 meruit
584 1488 620 1551 ud
644 1489 732 1551 vitum
756 1485 910 1551 viduarum
933 1486 1077 1568 petitione
1099 1504 1154 1547 re-

139 1621 249 1667 vocsrr.

607 1773 684 1870 r'ur.

226 1939 328 2023 itaque
351 1941 379 2003 in
403 1941 561 2024 evangetio
586 1939 722 2004 dominus
740 1937 775 2019 ¹),
804 1939 910 2004 doctor
934 1941 1010 2002 vitne
1034 1947 1155 2032 nostroe

141 2061 169 2116 et
189 2055 331 2135 magister
349 2055 451 2144 salutis
470 2028 621 2134 ueternue,
646 2053 799 2116 vivificans
817 2032 998 2115 credentium
1014 2053 1171 2134 populum,

140 2173 170 2228 et
201 2167 353 2230 vivificatis
385 2155 546 2256 consulens
576 2168 605 2229 in
637 2173 808 2245 aeternum,
842 2167 921 2230 inter
943 2184 996 2230 suc
1020 2166 1155 2230 mandute

139 2281 236 2343 divino
272 2287 301 2342 et
335 2286 492 2362 praecepto
527 2280 667 2342 coelestin
702 2279 774 2342 nibil
806 2280 940 2342 crebrius
973 2280 1091 2350 mundet
1125 2287 1157 2344 et

138 2395 299 2474 praecipit,
333 2411 419 2474 quum
452 2397 483 2453 ut
512 2392 681 2454 insistemus
713 2391 912 2473 eleemosynis
945 2392 1066 2472 dandis,
1100 2413 1156 2456 nec

139 2507 265 2574 terrenis
288 2505 533 2587 possessionibus
556 2504 739 2584 incubemus,
764 2503 816 2568 sed
835 2505 980 2569 coelestes
997 2507 1155 2571 thesauros
1259 2577 1262 2580 ,

138 2701 193 2766 bic,
218 2703 423 2754 inundationum
444 2701 473 2751 Α.
512 2701 601 2752 Statim
621 2703 733 2754 Duiitbu
755 2701 876 2753 exhibent
894 2703 925 2753 W
946 2713 972 2755 et
988 2702 1045 2768 Md,
1064 2709 1156 2760 Wubitu

139 2785 184 2836 Bu.
204 2786 226 2837 Α
247 2794 273 2837 et
290 2794 392 2837 veteres
412 2785 469 2837 edd.
490 2803 512 2836 c.
531 2785 628 2836 Erusm.
666 2787 695 2842 6)
715 2785 772 2835 Act.
793 2788 824 2849 9,
844 2789 886 2838 to.
923 2792 952 2854 7)
974 2794 1075 2844 Ubi-isti
1093 2795 1157 2847 Iesu

139 2871 185 2924 Bb.
222 2871 251 2940 8)
271 2871 300 2923 fl.
313 2871 328 2924 1.
342 2870 379 2922 Bo
398 2871 499 2922 infercit
511 2875 638 2926 Christus
657 2875 766 2924 scilicet.
798 2871 858 2923 Post
870 2877 1004 2943 ecunpsiio
1022 2877 1048 2925 in
1062 2875 1117 2928 Vut.
1133 2877 1155 2928 1.

139 2968 166 3010 et
184 2960 206 3023 11
224 2960 346 3011 insertum
364 2976 424 3012 suo.
461 2957 516 3008 Vid.
534 2957 619 3008 lnenn.
636 2958 676 3022 tt,
692 2957 732 3008 13.
770 2956 851 3011 Recte
869 2963 996 3029 quidquid
1012 2967 1154 3030 proquin-

139 3084 202 3150 quid
220 3081 260 3132 W.
280 3079 368 3152 nabo,
384 3077 476 3129 bisunt.
497 3076 590 3128 Psmel.
610 3087 637 3130 et
655 3077 744 3130 Goldb.
782 3078 870 3130 Statim
888 3056 913 3084 ”⁸
932 3045 973 3135 ei⁹
990 3085 1095 3137 nornine
1117 3087 1157 3148 (in

139 3194 167 3236 et
187 3189 203 3240 9
222 3202 235 3235 s
255 3201 275 3236 r.
296 3199 328 3236 m.
348 3185 538 3251 superscriptis)
552 3181 601 3248 Mu,
620 3187 648 3236 in
667 3187 726 3238 sius
745 3189 849 3239 nomine
861 3185 910 3236 bid.
949 3186 977 3250 9)
989 3172 1043 3256 χῖ]
1053 3204 1099 3254 pro
1108 3174 1161 3259 sp]

139 3271 188 3324 bis.
220 3271 259 3322 De
277 3288 325 3340 qus
344 3271 532 3339 permutatione
550 3270 601 3322 dixi
619 3271 650 3321 sd
670 3269 761 3322 tibrum
778 3271 810 3322 de
823 3271 941 3324 mortalit.
956 3289 1011 3341 nep.
1022 3275 1051 3326 V.
1067 3285 1118 3328 not.
1130 3279 1156 3328 1.

139 3357 202 3410 Tum
222 3375 253 3411 uo
271 3361 430 3414 mirantibus
444 3367 468 3410 st
478 3361 645 3427 stupentibus
658 3361 779 3412 omnibus
793 3361 823 3423 A,
843 3369 867 3412 et
878 3363 1038 3422 mirantidus
1051 3369 1157 3418 cunetis

138 3448 356 3515 constupentibus
375 3444 425 3496 bid.
462 3445 488 3496 in
508 3445 588 3514 Nesp.
602 3447 626 3498 3.
648 3446 721 3498 deest
738 3449 837 3512 mundi,
856 3448 916 3499 item
935 3452 1069 3504 animatur
1087 3451 1111 3500 in
1125 3449 1155 3502 Α.

141 3531 187 3600 10)
208 3535 292 3600 uomit
311 3531 341 3584 Α.
1056 3595 1058 3604 ,

211 3617 273 3670 vttt.
310 3619 337 3686 1)
358 3621 480 3673 domiuus
505 3622 533 3672 in
551 3623 686 3690 soanpslio
706 3619 746 3670 bib
766 3630 793 3671 et
811 3619 857 3672 bb.
894 3619 920 3671 ln
940 3637 1012 3690 seqq.
1032 3635 1089 3673 voc.
1111 3623 1156 3674 di-

137 3708 205 3759 uinu
223 3721 272 3758 om.
294 3705 334 3756 ed.
354 3705 417 3757 st.
454 3706 511 3758 nuo
537 3707 627 3759 ordine
651 3709 742 3760 divina
766 3711 888 3762 mundato
913 3707 1033 3759 exhibent
1055 3715 1157 3759 ceterse

139 3791 199 3843 edd.
220 3800 282 3844 vett.
303 3800 330 3844 et
348 3791 444 3845 Emem.
464 3809 486 3845 o.
506 3792 580 3847 Grsv.
619 3794 675 3846 btox
694 3798 826 3862 proecepit
843 3793 901 3846 btbd
927 3789 952 3846 et
974 3810 988 3845 s
1007 3809 1039 3846 m.
1058 3809 1096 3860 pr.
1117 3793 1157 3844 W.

139 3895 240 3947 Deinde
258 3873 413 3950 incutimus
431 3897 461 3964 (a
473 3899 644 3966 superscripto
658 3897 690 3948 sb
702 3912 723 3948 r.
738 3898 785 3964 m.)
798 3897 845 3962 bio,
864 3901 1020 3965 induebamus
1032 3896 1111 3963 Neup.
1123 3897 1158 3961 2,

138 3984 324 4038 istcnmbumus
343 3981 400 4049 bnt,
427 3983 487 4035 item
506 3981 602 4036 Erusm.
623 3991 649 4036 et
667 3981 757 4049 (iiam,
784 3987 963 4038 incumbemus
982 3984 1004 4034 Α
1028 3999 1077 4035 unu
1102 3998 1157 4034 cnm

896 4071 951 4173 114
