2868 4700
740 471 760 536 9

246 629 402 692 ecclesium
423 647 535 705 meam,
568 635 597 690 et
618 635 728 709 portae
755 630 924 712 inferorum
952 647 1013 692 noo
1035 630 1157 693 oioceot
1178 649 1251 694 em.

249 743 313 806 Tibi
330 737 355 820 7)
378 743 457 808 dabo
486 745 600 836 ctolces
628 747 716 825 repni
744 745 914 818 coetorum
945 753 974 806 ot
1003 763 1080 825 quoe
1109 747 1304 826 lipooerisioo

245 877 337 938 super
360 865 488 936 toruum,
519 867 608 920 erum
630 859 725 939 tipato
747 865 777 921 ot
797 860 829 920 io
851 859 964 933 coelic3
995 867 1024 921 ot
1052 878 1254 941 quoecumque

245 975 373 1038 nolueris
403 990 495 1052 sopor
525 979 653 1048 terrun,
686 977 776 1032 orum
804 971 904 1034 solutu
935 979 965 1033 ct
983 965 1010 1048 ⁸)
1041 972 1074 1032 in
1103 973 1197 1034 ccctis
1217 967 1252 1050 ⁹).
1309 1029 1313 1038 .

217 1077 342 1171 isuper
365 1105 455 1150 unum
474 1079 513 1163 ¹⁰)
535 1084 670 1148 aedificet
692 1083 864 1164 ecclesian,
896 1091 925 1146 et
953 1087 1085 1166 quemvis
1114 1086 1254 1166 apostolis

245 1276 323 1326 istem
340 1279 441 1341 petram
458 1267 497 1318 W.
517 1267 589 1319 Mebc
608 1276 634 1320 et
652 1265 704 1332 Bb,
724 1269 783 1318 item
802 1267 859 1319 edd.
880 1277 938 1320 vett.
959 1267 1045 1322 Remb.
1065 1269 1161 1322 Ernsrn.
1181 1271 1254 1325 Grnv.

246 1357 338 1409 Monut.
366 1353 461 1407 Morell.
488 1353 581 1407 Pnnrel.
609 1353 700 1424 Rigalt.
730 1353 810 1406 Onon.
839 1354 918 1422 [coni.
947 1353 1030 1407 Nostri
1056 1355 1136 1425 Epist.
1159 1355 1254 1410 XXVII.

245 1463 270 1513 p.
284 1443 339 1512 37),
358 1459 440 1513 super
457 1445 524 1495 torte
540 1451 640 1511 petro-m
658 1439 694 1492 Bn
715 1449 740 1492 et
758 1440 798 1491 tid
817 1455 873 1491 curn
893 1440 951 1491 edd.
965 1439 1049 1494 Beiuz.
1069 1451 1144 1511 etque
1157 1443 1254 1508 Goion,

245 1549 330 1601 supro
352 1540 454 1599 petrem
477 1533 557 1582 ictum
575 1518 617 1580 As
642 1527 698 1580 ttox
717 1532 882 1598 infernorum
900 1543 937 1596 pr.
956 1527 1003 1580 Mc.
1039 1528 1100 1581 Turn
1119 1534 1205 1584 vincet
1223 1531 1253 1584 Α.

246 1619 274 1685 7)
292 1617 329 1668 ltn
348 1616 388 1669 W.
406 1615 495 1667 Mcbcd
515 1623 541 1667 et
559 1614 627 1680 Bab,
648 1631 695 1667 nec
715 1631 765 1666 non
785 1615 841 1668 edd.
861 1623 919 1666 onte
937 1612 1030 1668 Pennel.
1049 1632 1149 1680 omnes,
1168 1628 1192 1671 et
1210 1621 1255 1674 tibi

245 1709 299 1760 Vnt.
314 1707 337 1758 1.
355 1705 386 1756 Α.
407 1713 432 1755 et
451 1711 569 1772 quattuor
586 1703 643 1755 libri
662 1721 675 1755 n
695 1702 806 1756 Pemelio
825 1705 939 1771 inspecti.
975 1703 1003 1755 ln
1022 1704 1105 1757 Nostri
1123 1704 1201 1772 Epist.
1221 1723 1253 1771 e,

244 1795 288 1847 ubi
311 1794 379 1861 vulg.
399 1793 491 1861 iegitur
514 1801 539 1846 et
562 1794 624 1855 titi,
652 1791 709 1844 Ver.
728 1793 788 1842 item
812 1807 861 1845 om.
883 1801 948 1858 pert.
967 1802 998 1847 et.
1034 1791 1118 1845 Verbo
1143 1803 1166 1847 et
1190 1811 1254 1863 qrooe

244 1887 371 1956 tipooerio
391 1911 420 1920 ·-
437 1910 467 1920 -
484 1909 513 1918 -
534 1890 611 1934 erunt
633 1884 676 1950 tip.
696 1890 720 1933 et
741 1884 769 1934 in
789 1882 851 1932 coci.
871 1879 963 1932 desunt
981 1881 1005 1931 in
1021 1879 1071 1944 Bb3
1090 1896 1160 1950 seqq.
1179 1883 1205 1932 in
1222 1881 1253 1933 Α.

244 1973 274 2041 8)
293 1981 316 2026 et
334 1969 462 2022 intercidit
480 1968 503 2020 in
517 1965 562 2020 Bb.
600 1966 628 2031 9)
648 1965 718 2029 Quae
731 1966 797 2034 vulg.
811 1967 850 2018 his
863 1967 987 2019 adduntur
997 1968 1089 2020 verbe:
1109 1973 1145 2023 Et
1160 1975 1255 2024 iterum

244 2064 324 2115 eidem
341 2067 403 2127 post
419 2059 642 2110 resurrectionem
660 2073 738 2109 ouum
751 2058 837 2112 dicit.-
867 2059 951 2109 Posce
975 2073 1038 2110 ocor
1061 2074 1134 2110 meac
1152 2057 1253 2124 (donno.
1356 2047 1358 2054 ¹

244 2147 288 2212 21,
302 2145 425 2208 tii-17),
445 2143 536 2196 obsunt
554 2141 620 2194 nW.
639 2141 678 2193 Mn
696 2152 723 2194 et
737 2142 782 2194 ssb.
810 2141 915 2194 Exstant
933 2143 1034 2212 quidem
1053 2147 1078 2195 in
1098 2144 1171 2196 codd.
1191 2144 1254 2210 reli,

243 2235 289 2288 sed
312 2249 363 2286 non
386 2236 441 2286 sine
465 2233 618 2294 variatione3
647 2233 741 2282 etenim
764 2230 803 2282 tte
826 2233 872 2282 iste
896 2232 921 2282 in
939 2247 1018 2298 marg.
1037 2231 1113 2283 hebet
1131 2247 1144 2282 n
1165 2247 1185 2282 r.
1205 2248 1253 2295 nr.;

244 2321 303 2373 Mbd
327 2331 352 2374 et
372 2319 422 2386 na,
450 2321 485 2371 uti
504 2319 563 2371 edd.
581 2317 723 2370 Pemeiicnu
741 2321 909 2387 antiquiores,
932 2323 1028 2372 iterum
1046 2333 1097 2370 non
1114 2328 1254 2386 agnoscunt

244 2418 271 2460 et
294 2423 341 2478 pro
366 2411 447 2462 eidem
472 2405 528 2458 bibd
554 2406 665 2458 scribunt
688 2409 762 2460 idem.
800 2406 936 2474 Suspectus
962 2406 1097 2458 videbatur
1121 2415 1186 2458 totus
1213 2407 1253 2458 bic

244 2497 315 2549 iocus
334 2498 383 2547 inm
397 2494 498 2558 Granio,
517 2495 558 2563 qui
577 2509 634 2544 curn
653 2493 685 2544 nd
704 2509 781 2562 marg.
803 2496 898 2559 reiecit,
917 2495 994 2563 idque
1015 2502 1093 2560 recte,
1112 2511 1187 2562 quum
1206 2511 1253 2547 nec

244 2599 300 2634 cunr
319 2580 537 2651 praecedentibus,
557 2594 604 2630 nec
622 2595 678 2630 cunr
697 2580 858 2647 sequentibus
877 2589 935 2647 epte
954 2580 1097 2646 cohaerent,
1120 2583 1187 2636 unde
1206 2583 1252 2633 Ri-

244 2670 334 2738 gnitius
353 2666 508 2735 (Observntt.
527 2683 551 2733 p.
572 2667 620 2718 162
640 2672 751 2735 etseq.)
776 2676 803 2720 ut
827 2683 896 2719 mere
920 2669 1025 2720 insiticia
1043 2670 1107 2721 hoec
1126 2673 1253 2737 expunxit.

244 2757 304 2809 Post
326 2773 408 2826 parce
431 2773 495 2809 oues
519 2773 591 2810 tneor
612 2754 634 2805 Α
659 2757 741 2821 inepte
764 2754 851 2806 scribit
874 2759 978 2808 morrdot
1001 2766 1024 2810 et
1043 2763 1165 2826 quesnois
1183 2776 1250 2826 opo-

244 2848 323 2898 ototic
340 2860 430 2912 pareto
446 2847 542 2897 tribuat
554 2853 706 2913 potestatem
720 2853 743 2896 ct
755 2846 831 2898 dicut.
869 2843 914 2911 10)
932 2843 969 2894 ltu
981 2843 1038 2897 Ver.
1058 2844 1097 2898 W.
1117 2845 1178 2898 binc.
1198 2845 1251 2898 Bnb

245 2939 271 2983 et
283 2931 337 2982 Vnt.
350 2931 374 2983 4.
407 2929 479 2998 Vuig.
498 2949 581 3001 stupor
599 2935 675 2985 ilium
692 2949 782 2985 conum.
818 2929 969 2982 Pronomine
987 2947 1061 2983 eraso
1078 2949 1153 3000 supro
1172 2951 1251 2986 resur.

244 3020 362 3085 scriptum
381 3017 405 3069 in
422 3016 461 3068 Mb
480 3037 571 3071 urcium.
608 3018 691 3070 Verba
710 3035 792 3087 cuper
809 3035 892 3072 unum
909 3023 1028 3089 aedificet
1044 3024 1184 3075 ecetesiam
1202 3023 1251 3074 dc-

242 3109 346 3158 suntin
373 3106 430 3158 edd.
450 3114 512 3158 vett.
532 3106 652 3175 [excepte
672 3107 807 3170 Deventr.)
834 3115 859 3158 et
877 3105 987 3171 Erosnr..
1014 3107 1072 3158 item
1097 3110 1121 3160 in
1141 3109 1251 3174 Moreii.;

244 3211 309 3265 quae
334 3194 519 3262 subsequuntur
540 3195 565 3246 in
584 3195 641 3246 edd.
662 3195 751 3246 binnut.
771 3193 863 3246 Pennei.
882 3193 975 3262 Rigalt.
994 3203 1020 3246 et
1037 3193 1137 3248 Boion:
1164 3216 1251 3264 neom,

243 3294 266 3337 ot
289 3287 331 3337 itii
354 3285 500 3352 poscendus
524 3287 630 3337 morrdot
654 3301 717 3338 over
738 3300 820 3346 ouon,
847 3284 900 3333 iure
918 3297 968 3334 om.
987 3283 1045 3334 Ver.
1064 3282 1104 3337 W.
1123 3285 1170 3338 Mn.
1190 3287 1251 3339 Bab.

243 3371 297 3423 Vnt.
311 3371 335 3423 4.
355 3379 381 3422 et
400 3369 456 3422 edd.
476 3378 537 3423 vett.
557 3387 578 3422 c.
596 3370 706 3434 Ernsm.;
725 3373 786 3422 item
804 3381 828 3424 et
847 3373 889 3424 itti
905 3387 978 3441 perc.
997 3375 1082 3425 morrd.
1102 3391 1142 3429 oo.
1161 3396 1185 3430 o.
1204 3375 1251 3429 Mc.

243 3459 297 3511 Nec
322 3461 446 3510 invenitur
470 3476 548 3512 cuorn
567 3461 591 3509 in
611 3458 668 3510 Mbd
687 3468 712 3510 et
731 3461 755 3510 in
774 3459 831 3510 cdd.
851 3457 971 3510 Devenit.
993 3469 1068 3528 etque
1088 3459 1177 3526 Grec..
1204 3479 1252 3515 ncc

244 3563 311 3600 onor
329 3548 355 3598 in
373 3545 423 3596 tto.
460 3545 516 3597 Alio
536 3546 624 3596 ordine
643 3546 684 3598 bib
704 3564 725 3598 c.
744 3547 785 3598 ed.
805 3546 878 3599 Grov.
898 3546 1001 3599 exbibet
1019 3557 1043 3600 et
1060 3551 1102 3600 itti
1118 3566 1191 3616 poro.
1211 3569 1251 3604 oo.

243 3638 344 3699 meod..
371 3635 411 3686 ed.
432 3633 551 3688 Deventr.
573 3645 597 3688 et
613 3639 655 3688 itti
671 3651 746 3704 pose.
766 3653 806 3688 oo.
826 3639 967 3688 committit.
1004 3634 1068 3686 Dein
1092 3637 1155 3686 mire
1178 3653 1251 3704 quom

244 3720 285 3772 bib
304 3723 338 3772 ite
356 3720 456 3773 scribit:
483 3731 506 3775 et
525 3726 645 3791 quomcio
664 3725 791 3790 oportotio
809 3725 929 3776 ornuibuo
946 3737 1038 3791 parem
1056 3724 1154 3776 tribuat
1175 3735 1250 3794 pote-

243 3817 352 3872 statem,
379 3827 460 3862 urtam
483 3819 567 3863 tomen
592 3814 741 3863 cutberto-orn
766 3812 916 3872 constituit,
943 3818 967 3861 et
990 3810 1101 3861 unitatis
1125 3813 1252 3881 oriyiocm

244 3905 318 3964 atq-ue
344 3895 421 3963 (hoec
451 3898 631 3948 coniunctionis
659 3897 780 3966 porticulo
810 3895 893 3947 deleto
924 3902 962 3944 est
992 3893 1085 3946 lincoln
1115 3897 1251 3966 subducte)

242 3987 373 4037 orationis
391 4001 457 4037 cuae
475 3988 631 4038 auctoritato
652 3987 792 4054 disposuit.
830 3987 884 4037 Hoc
907 3992 981 4035 erorrt
1002 3985 1090 4050 ntique
1114 3994 1138 4037 et
1162 3989 1251 4050 ceteri,

243 4107 309 4176 qood
325 4107 426 4160 Petrus
432 4126 442 4174 ,·
469 4107 516 4160 eod
532 4109 665 4178 primatos
684 4108 762 4161 Petro
782 4107 870 4171 dator,
889 4063 918 4161 ἔτι
931 4102 972 4172 (ut
991 4117 1005 4156 e
1024 4119 1042 4157 r.
1061 4121 1094 4161 m.
1113 4105 1251 4175 superscr.)
