2858 4688
740 459 802 522 182

262 641 351 686 omne
375 619 455 704 quod
477 619 578 702 ponit,
610 611 796 679 manifestum
827 621 873 678 est
903 633 970 680 auro
1002 633 1062 680 aon
1093 633 1162 677 esse
1184 617 1281 696 parti-

262 736 357 818 cipem
380 750 495 817 paenae
518 739 596 810 tuae,
620 749 709 812 quem
734 730 836 812 videas
858 736 956 798 tecum
980 749 1041 796 noo
1065 729 1177 794 dolere.

647 967 655 983 ι
726 926 814 998 ΠΗ.

260 1085 262 1090 ’
350 1075 437 1158 Viget
468 1069 545 1155 apud
578 1087 633 1132 nos
664 1071 729 1152 spei
759 1069 852 1133 robur
880 1078 911 1133 et
939 1070 1059 1134 firmitas
1087 1071 1173 1152 fidei,
1208 1079 1238 1136 et
1256 1074 1280 1148 ¹)

263 1192 340 1254 inter
362 1189 442 1272 ipsas
465 1184 578 1250 saeculi
600 1183 725 1248 labentis
749 1185 850 1246 ruinas
872 1190 954 1246 recta
979 1201 1064 1248 mens
1094 1192 1140 1248 est
1170 1194 1201 1248 at
1229 1189 1281 1250 in-

262 1302 380 1368 mobilis
403 1301 497 1364 virtus
521 1304 551 1362 et
574 1315 732 1380 numquam
754 1293 815 1359 noir
838 1298 918 1359 laeta
938 1299 1087 1380 patientia
1108 1307 1138 1361 et
1161 1301 1199 1362 de
1222 1300 1281 1363 deo

263 1435 319 1481 suo
343 1433 462 1497 semper
484 1414 580 1477 anima
606 1427 732 1490 secura,
763 1411 840 1472 sicut
868 1429 926 1493 per
955 1411 1130 1494 prophetam
1161 1414 1282 1496 spiritus

263 1536 384 1594 sanetus
407 1527 539 1607 ioqaitur
561 1531 591 1586 et
613 1523 765 1600 hortatur,
796 1509 866 1605 spei
885 1541 920 1586 ao
943 1523 1012 1587 fidei
1035 1533 1155 1588 nostrae
1183 1527 1279 1589 firmi-

264 1649 351 1706 tatem
380 1638 501 1703 caelesti
524 1655 601 1701 vooe
618 1635 836 1710 ,corroborans
880 1615 994 1716 atoue,
1027 1639 1122 1721 inquit
1136 1636 1183 1718 ²),
1215 1657 1280 1703 ooo

264 1754 387 1832 adferet
402 1751 429 1828 ³)
450 1751 606 1830 fraretum,
637 1759 667 1814 et
696 1771 761 1814 ooo
792 1759 883 1813 erant
912 1753 1086 1824 aosoeotr'o'
1103 1755 1138 1816 to
1167 1756 1278 1820 viteis.

263 1915 471 1926 .........--———-

263 2031 286 2066 o.
305 2011 408 2064 Erasm:
422 2009 495 2061 Grav.
516 2017 542 2060 et
561 2009 673 2074 moreti,
699 2021 784 2065 terum
802 2015 895 2066 videos
914 2009 1006 2062 Manat.
1028 2010 1121 2063 Par'nei.
1142 2020 1168 2063 et
1185 2028 1279 2065 reeen-

263 2103 351 2153 tiores.
388 2097 451 2149 Voc.
470 2102 628 2167 aequaliter,
658 2099 725 2166 quod
750 2107 810 2150 ante
833 2116 886 2153 ooo
912 2102 999 2152 dolare
1016 2099 1129 2150 inserunt
1148 2098 1205 2150 libri
1223 2109 1282 2152 ante

264 2187 356 2237 Manat.
383 2187 449 2252 typis
477 2183 563 2234 excuti
592 2192 618 2233 et
644 2181 760 2234 Baiuzius
787 2184 933 2247 revocavit,
961 2184 1156 2252 expungendum
1181 2190 1282 2250 oensai;

263 2274 337 2326 abest
362 2274 430 2323 anim
455 2288 469 2322 a
497 2270 571 2322 coda.
594 2269 633 2322 W.
661 2269 743 2322 itiabd.
769 2269 829 2322 Bab.
856 2276 877 2321 Α
902 2280 928 2322 et
953 2272 1125 2338 septendecim
1152 2273 1283 2326 veteribus

263 2359 414 2422 Baiurianis‚
437 2375 521 2428 neque
539 2360 619 2425 primo
638 2357 772 2427 tegebatur
791 2356 815 2410 ir'r
836 2359 882 2418 otc.
920 2357 1038 2411 Ceterum
1058 2358 1204 2428 glossemati
1223 2359 1282 2410 nihil

263 2447 427 2498 consimilius.
463 2443 518 2496 Pro'
531 2449 618 2498 dolere
638 2445 675 2496 iia
695 2454 720 2496 et
740 2443 775 2496 Ba
794 2445 860 2497 maie
879 2446 992 2497 scribunt
1011 2449 1109 2499 dolore.

331 2549 405 2602 XVli.
444 2550 471 2614 1)
497 2546 554 2600 Om.
580 2560 611 2636 et!
628 2550 683 2601 eod.
705 2550 745 2600 Md
771 2559 797 2602 et
820 2551 878 2603 edd.
900 2549 985 2602 Belua.
1010 2559 1087 2620 atque
1107 2550 1207 2602 Gotdh:
1233 2550 1282 2602 Pro

262 2648 349 2694 oraora
368 2653 424 2688 euro
442 2634 479 2687 Bb
500 2637 589 2703 scripsi
608 2647 688 2702 reeta,
708 2645 735 2688 ut
754 2637 788 2688 de
806 2638 923 2689 mortalit.
944 2655 1000 2706 cap.
1016 2637 1045 2689 X.
1065 2655 1090 2706 p.
1111 2637 1161 2690 129
1180 2649 1283 2692 raotom

263 2739 309 2792 pro
328 2734 450 2778 erectum.
486 2721 523 2774 lta
542 2731 568 2774 et
582 2723 614 2774 de
626 2723 689 2790 iops.
703 2741 759 2792 esp.
772 2723 858 2776 xvltl.
873 2742 898 2793 p.
914 2725 961 2777 93:
983 2729 1043 2778 ailla
1055 2736 1079 2778 ot
1091 2736 1163 2780 reeta
1177 2730 1281 2792 rareio,

140 2805 143 2814 ’
204 2835 207 2847 ·
263 2813 307 2864 ubi
331 2810 401 2878 vulg.
428 2811 521 2878 legitur
545 2821 639 2864 ereata.
680 2810 778 2864 Eodem
806 2812 881 2863 modo
906 2811 1000 2864 Noster
1025 2828 1102 2878 sopra
1128 2828 1183 2881 cap.
1203 2812 1283 2864 xlta:

263 2903 375 2954 Rectum
394 2908 417 2952 te
436 2902 502 2952 deuo
519 2902 591 2966 feeit.
627 2895 665 2950 ct.
680 2901 795 2954 Gronov.
810 2897 954 2951 Observatt.
968 2900 992 2950 in
1006 2899 1174 2966 scriptoribus
1189 2900 1282 2952 eccles.

263 3002 286 3036 c.
310 2985 352 3037 111.
379 2997 407 3053 pt
430 2985 490 3038 570.
535 2982 670 3052 Comparat
696 2985 789 3054 Rigalt.
819 2985 1032 3038 celebratissimos
1061 2991 1168 3042 Horatii
1194 3003 1285 3038 versos

264 3070 313 3126 oo.
332 3071 373 3123 111.
393 3072 417 3123 3.
438 3071 533 3122 7-8.:
560 3075 593 3125 Si
610 3077 716 3138 fractus
735 3076 869 3126 inlabatur
887 3076 976 3138 ortr'r,
1005 3075 1163 3140 Inpavidrtm
1187 3077 1285 3142 feriant

262 3162 366 3212 ruinae.
404 3156 483 3208 Immo
511 3161 622 3225 respexit
646 3157 739 3208 Noster
765 3162 855 3212 Sonar-
883 3159 916 3209 da
940 3157 1042 3210 Provid.
1069 3175 1125 3228 cap.
1146 3159 1175 3211 11.
1202 3163 1225 3226 §.
1246 3161 1284 3226 6.,

263 3259 337 3310 qoem
352 3243 440 3319 ¹iocum
459 3243 560 3297 laudavi
580 3245 610 3296 ad
630 3243 719 3295 librum
740 3246 772 3296 da
791 3245 907 3297 mortalit.
925 3262 979 3314 cap.
994 3248 1035 3298 eit.
1071 3245 1132 3299 Tum
1147 3263 1195 3314 pro
1208 3267 1285 3303 morte

263 3338 303 3382 ert
323 3328 363 3380 ed.
382 3331 460 3396 prima
479 3331 556 3383 habet
575 3348 704 3395 onerarem,
731 3332 798 3399 quoa
824 3334 910 3383 vitium
937 3341 1036 3384 erratum
1063 3342 1102 3384 est
1123 3349 1138 3391 a
1157 3335 1221 3387 maie
1242 3339 1283 3387 io-

263 3414 365 3466 tellecta
390 3417 486 3468 codicis
513 3419 638 3482 scriptura
663 3421 760 3477 mensa
799 3419 864 3471 [teor
888 3430 929 3474 est
953 3422 977 3472 io
998 3421 1036 3471 W.
1059 3421 1097 3472 iia
1124 3430 1150 3473 et
1174 3424 1198 3474 in
1223 3423 1283 3475 edd.

264 3501 353 3554 Venet.
374 3503 438 3556 Dav.
459 3503 540 3555 liano.
559 3503 648 3554 flerat.
669 3503 764 3556 Erasm.
786 3515 862 3575 atque
883 3507 958 3558 Grav.
996 3507 1053 3560 Mox
1073 3526 1206 3578 nunquam
1227 3513 1285 3564 oiri

262 3591 332 3641 laeto
351 3589 409 3640 edd.
429 3598 491 3641 vett.
510 3587 608 3642 Erasm.
629 3590 702 3644 Grav.
722 3601 748 3644 et
767 3585 878 3646 iiioreli.¹
902 3595 968 3646 Ante
995 3599 1040 3648 deo
1067 3598 1284 3662 praepositionem

263 3688 313 3727 om.
332 3674 380 3740 Bb,
402 3679 434 3729 rie
451 3679 497 3728 deo
516 3681 604 3732 animo
623 3682 675 3734 rita
693 3698 796 3750 sempor
814 3699 911 3736 raeuro
929 3677 1005 3734 habet
1025 3683 1054 3734 A.
1092 3682 1118 3733 in
1137 3698 1207 3750 seqq.
1228 3701 1283 3736 ex-

263 3765 383 3814 hortatur
401 3760 441 3812 W.
478 3762 554 3816 Voce.
580 3783 611 3819 oe
633 3771 692 3837 fidoi
717 3783 768 3818 om.
793 3768 823 3820 A.
860 3767 908 3820 Pro
935 3774 1112 3824 eos-roborans
1137 3765 1172 3819 Ba
1198 3769 1286 3820 scribit

264 3858 454 3902 commemorat.
501 3849 530 3916 2)
552 3855 589 3905 or't
607 3851 657 3905 111).
694 3853 751 3908 vid.
771 3855 866 3907 Hebae.
888 3857 919 3920 3,
942 3856 980 3906 tt.
1026 3857 1056 3922 3)
1075 3856 1110 3907 ita
1131 3855 1163 3904 W
1181 3865 1207 3906 et
1227 3853 1284 3908 trab

264 3936 366 4002 [afflaret
386 3931 478 4002 vaip),
498 3939 584 4004 adfert
603 3936 650 4004 ab,
670 3944 747 4010 oport
765 3939 796 3992 Α.
834 3941 895 3994 Tum
914 3947 1023 4012 [retatus
1036 3941 1076 3992 W.
1110 3941 1211 3995 Deinde
1230 3961 1284 3996 raon

215 4033 224 4054 Ι
262 4022 314 4072 orit
331 4023 463 4089 peroratio
482 4027 510 4077 its
528 4026 617 4079 vineit
638 4027 695 4079 eod.
715 4037 777 4080 vett.
798 4037 824 4080 et
842 4027 940 4082 Erasm.
