2880 4696
671 374 732 442 tot

648 619 750 690 XXV.

279 767 327 831 An
350 767 398 831 illa
416 765 441 844 ¹)
464 767 642 849 ingemescit
671 771 700 828 et
730 763 858 849 plangit,
889 764 936 829 cui
967 770 1068 844 uacat,
1099 763 1208 830 cultum

188 883 345 965 pretiosae
367 881 476 945 vestris
499 881 642 961 induere,
673 898 730 943 nec
752 879 952 944 indumentum
976 879 1096 959 Christi,
1128 879 1209 962 quod

188 995 329 1079 perdidit,
353 997 497 1078 cogitare,
521 997 659 1078 accipere
681 997 814 1078 pretiosa
839 1004 1012 1059 ornamenta
1035 1001 1065 1058 et
1089 995 1208 1061 monilia

187 1109 340 1190 laborata,
371 1128 428 1173 nec
460 1110 549 1174 divini
580 1117 609 1173 et
636 1110 772 1175 caelestis
796 1117 919 1174 ornatus
943 1093 1046 1174 damna
1070 1107 1207 1174 deflere?

160 1225 235 1288 tl'u
265 1223 334 1287 licet
364 1201 532 1288 indumenta
562 1227 722 1308 peregrina
754 1233 786 1289 et
819 1231 921 1289 vestes
949 1226 1061 1288 sericas
1093 1223 1208 1305 indues,

188 1335 269 1399 nuda
293 1355 336 1400 es.
381 1336 465 1401 Auro
487 1345 518 1401 te
540 1337 610 1402 licet
633 1344 663 1399 et
684 1337 854 1419 margaritis
876 1335 1062 1419 gemmisque
1091 1335 1208 1402 conde·

188 1468 296 1529 cures,
318 1449 385 1514 sine
407 1449 514 1516 Christi
538 1449 650 1517 decore
674 1451 818 1516 deformis
842 1467 884 1515 ee.
928 1445 965 1514 Et
987 1469 1064 1536 quae
1086 1451 1208 1537 capillos

187 1569 259 1628 tuos
282 1561 394 1644 inticis,
424 1565 472 1628 vel
496 1583 574 1630 nunc
597 1568 627 1630 in
650 1565 802 1632 doloribus
827 1567 948 1648 desine,
979 1561 1015 1630 et'
1032 1583 1109 1650 quae
1130 1567 1210 1651 nigri

188 1677 324 1760 pulveris
348 1675 476 1758 ductat)
491 1665 656 1746 'oculorum
679 1679 849 1747 liniamenta
871 1681 1028 1766 depingis,
1059 1678 1108 1744 vel
1130 1697 1209 1745 nunc

147 1803 174 1846 ¹⁰
187 1791 318 1877 lacrimis
342 1792 445 1858 oculos
469 1803 538 1860 tuos
563 1795 659 1861 ablue.
697 1781 834 1878 siquem
858 1794 896 1860 de
918 1796 978 1859 tuis
1000 1813 1100 1860 carum
1122 1811 1208 1859 mor-

186 1905 310 1970 talitatis
326 1910 408 1972 exltu
421 1905 448 2008 ³)
470 1911 665 1993 perdidisses,
688 1912 913 1997 ingemesceres
939 1908 1075 1974 dolenter
1098 1914 1128 1974 et
1149 1908 1208 1974 lle·

187 2038 259 2100 res,
283 2019 359 2086 lucie
380 2023 508 2106 inculta,
535 2032 623 2090 veste
644 2031 771 2106 mutata,
799 2025 940 2110 neglecto
971 2024 1095 2108 capillo,
1125 2023 1208 2092 vulto

189 2135 302 2216 nubilo,
326 2153 380 2200 ore
404 2137 519 2203 deiecto
542 2139 649 2204 indicia
671 2140 815 2205 maeroris
840 2137 1027 2204 ostenderes.
1072 2138 1207 2205 Animam

175 2257 277 2332 duum,
301 2253 410 2318 misera
425 2251 465 2337 ⁴),
486 2255 657 2338 perdidisti,
681 2254 852 2340 spiritaliter
874 2238 990 2320 mortua
1010 2255 1206 2338 supervivere

151 2373 178 2417 1⁵
193 2366 240 2430 lric
263 2367 313 2431 tibi
337 2375 367 2430 et
389 2368 451 2452 ipsa
474 2368 628 2433 ambulans
649 2367 737 2433 lunus
759 2375 840 2433 tuum
862 2375 984 2450 portare
1006 2368 1148 2450 coepisti;
1177 2374 1207 2434 et

188 2501 249 2545 non
275 2483 383 2546 acriter
406 2482 626 2569 plangis,'non
656 2484 767 2567 iugiter
794 2483 992 2567 ingemesciS,
1022 2499 1082 2546 non
1107 2488 1135 2545 te
1157 2483 1207 2546 uel

187 2595 305 2680 pudore
328 2597 458 2661 criminis
482 2595 532 2660 vel
555 2595 778 2662 continuatione
801 2594 1016 2660 lamentationis
1039 2592 1204 2660 abscondis.
1286 2673 1289 2680 1

261 2853 336 2908 XXV.
366 2854 392 2922 l)
417 2857 483 2910 Ante
505 2857 555 2910 illa
579 2853 611 2908 A.
655 2851 784 2922 Deinceps
808 2857 963 2925 inpemeecit
984 2851 1024 2906 W.
1048 2851 1089 2906 ltb
1117 2862 1144 2907 ct
1168 2869 1207 2922 pr.

187 2943 239 2997 tta.
274 2942 348 3012 vulg.
373 2945 530 3013 inpenriscit.
571 2941 613 2994 Md
638 2945 797 3012 inpomircet.
842 2941 915 3000 Curti.
941 2943 1035 2994 Adnot.
1059 2941 1091 2994 ad
1117 2939 1208 2992 librum

188 3031 223 3084 de
248 3030 339 3083 cathol.
359 3029 421 3083 eccl.
441 3031 502 3082 unit.
523 3027 584 3099 Cap.
603 3029 686 3083 xvttt.
705 3047 741 3084 nr.
761 3031 784 3083 5.
821 3029 901 3083 Abest
924 3034 992 3102 quod
1015 3038 1074 3083 ente
1094 3031 1209 3100 perdidit

189 3117 274 3172 alid.
310 3117 337 3170 ln
358 3135 429 3188 seqq.
447 3134 494 3187 pro
518 3122 651 3173 elaboratu
675 3119 762 3187 recepi
786 3121 906 3172 laborata
929 3133 961 3170 cx
985 3117 1061 3170 codd.
1081 3116 1120 3170 W.
1141 3113 1207 3168 liae.
1280 3161 1286 3172 .

187 3205 236 3259 Bb.
256 3204 285 3257 A.
322 3204 378 3258 vid.
398 3204 571 3258 [dromoni.
591 3223 613 3258 c.
631 3222 655 3275 p.
676 3205 735 3258 570.
753 3222 786 3246 ’-
806 3209 941 3260 nominata
957 3204 1045 3259 scribit
1058 3203 1107 3257 lto.
1139 3203 1205 3256 Dein

190 3311 222 3347 oc
246 3295 369 3348 coelectis
393 3290 438 3346 Ba.
482 3293 512 3357 2)
539 3297 584 3364 ptri
606 3297 679 3364 cipri
702 3296 826 3364 pulueris
850 3296 959 3348 inductur
983 3293 1021 3359 A,
1047 3297 1124 3364 nipru
1146 3291 1206 3344 Ver.

189 3379 230 3432 W.
255 3379 302 3432 tta.
327 3377 371 3433 Ba.
417 3378 478 3432 Tum
502 3384 658 3435 lineamenta
684 3382 721 3446 A,
757 3397 866 3452 moxque
900 3385 1022 3438 lacrimis
1053 3387 1109 3436 tario
1140 3380 1207 3433 idern

189 3469 262 3522 liber.
304 3467 333 3542 3)
357 3465 500 3568 exiturnA
523 3475 550 3520 et
569 3485 606 3537 pr.
626 3467 675 3522 Mb.
712 3469 842 3538 Deinceps
866 3473 1027 3540 perdidisset
1052 3467 1102 3522 lid.
1145 3464 1207 3519 'lum

189 3630 380 3696 inpemerceres
402 3623 436 3676 W
459 3633 484 3676 et
510 3625 563 3691 lla,
592 3574 782 3696 inpemsrcertr
810 3625 859 3678 ttb.
906 3627 981 3694 vulg.
1009 3628 1206 3696 inpertirceree.
1232 3645 1239 3656 ’

189 3713 249 3766 Mox
266 3734 282 3767 a
298 3714 370 3776 socie
387 3711 418 3766 A.
454 3712 534 3764 Deest
551 3716 665 3784 nepiecto
684 3715 708 3763 in
727 3713 827 3766 eodem.
864 3713 1031 3781 iteraturam
1056 3723 1128 3766 trram
1152 3713 1207 3764 mi-

191 3819 280 3857 serum
299 3799 337 3852 ilc
356 3807 382 3851 et
400 3800 430 3853 A.
467 3799 528 3851 Turn
548 3803 726 3870 spiritualiter
744 3800 808 3853 lllcd.
838 3799 916 3854 Paulo
935 3808 993 3869 post
1011 3798 1110 3870 ipeeA.
1141 3796 1208 3850 Dein

191 3891 313 3944 amintae
330 3887 363 3940 W
387 3897 412 3942 et
437 3885 488 3952 De,
516 3890 622 3944 amieria
645 3886 692 3940 tta.
734 3887 762 3940 ln
786 3905 857 3958 seqq.
881 3889 1039 3959 inpenreeoie
1058 3885 1089 3938 W
1108 3893 1135 3940 et
1157 3883 1206 3952 Ma,

191 3977 345 4052 inpemircie
361 3975 417 4035 toll.
436 3993 458 4034 o·
478 3976 561 4034 editis.
597 3974 713 4032 Proxime
732 3975 892 4034 tacentis.
