2834 4686
598 411 661 482 2⁷3

121 576 291 644 verberanti
317 576 481 659 praebeas,
513 581 545 638 ut
568 572 652 636 tratri
673 573 704 636 in
727 579 757 636 to
781 575 917 656 peccanti
939 593 1001 642 non
1024 581 1136 640 tanturn

120 691 293 774 septuagies
323 690 452 771 septies,
482 687 535 752 sed
568 687 665 751 omnia
697 688 816 750 omnino
846 694 967 768 peccota
999 688 1136 770 dimittas,

120 809 154 867 ut
174 804 280 888 diligas
303 803 440 866 inimicos
462 809 541 881 tuus,
565 808 596 864 ut
618 819 673 882 pro
697 800 878 865 adversariis
902 809 932 864 et
953 810 1138 884 perseeuto-

121 915 202 980 ribus
224 933 345 998 precem
369 915 489 978 isoies‘?
534 914 690 978 Poterisne
708 911 735 987 ²)
761 915 817 977 iste
840 913 978 996 perferre
1000 915 1057 979 nisi
1078 933 1137 996 pa-

121 1029 241 1091 tientiae
264 1035 294 1090 et
317 1029 493 1092 tolerantiae
517 1027 678 1091 firmitate?
722 1026 809 1101 Quod
831 1027 939 1092 lactum
952 1023 979 1100 8)
1004 1025 1137 1090 videmus

121 1143 151 1204 in
168 1141 329 1222 Stephano,
353 1141 413 1222 qui,
437 1159 502 1207 oum
525 1140 673 1204 aludaeis
697 1139 727 1200 vi
751 1147 780 1201 et
803 1139 948 1222 lapidibus
969 1147 1137 1216 noceretur,

122 1272 182 1318 non
206 1252 264 1316 sibi
288 1254 463 1332 vindictum,
487 1252 542 1316 sed
563 1251 807 1316 interlectoribus
830 1253 946 1316 veniam
970 1251 1138 1334 postulabat

122 1369 226 1430 dioens
242 1363 289 1443 ⁴):
325 1367 475 1443 Domine,
511 1385 549 1428 ne
580 1372 704 1429 statutos
720 1367 722 1371 ’
736 1365 801 1428 illie
834 1367 892 1428 boo
908 1362 936 1440 5)
965 1371 1137 1458 peecatum.

15 1555 16 1562 p
122 1482 171 1547 Sin
196 1497 265 1545 esse
289 1475 464 1562 oportuni)
489 1480 612 1562 primum
634 1485 794 1560 martyrem
818 1478 943 1556 Christi,
977 1479 1029 1560 qui
1055 1497 1137 1541 mar·

121 1602 203 1680 tyres
233 1601 391 1660 secuturos
421 1592 553 1674 gloriose
585 1596 681 1653 morte
711 1607 909 1671 praecurrens
938 1599 998 1652 nou
1029 1596 1139 1652 tantum

15 1765 16 1768 ,
122 1708 311 1790 praedicator
329 1704 594 1770 esset'dominioae
608 1703 768 1786 passionis,
791 1702 845 1766 sed
862 1708 891 1766 et
906 1702 1139 1784 patientissimos

124 1833 330 1846 -ι-ιι-ι-ι-ι--ι

123 1910 151 1946 re
171 1894 221 1945 rid.
235 1893 321 1946 llattb.
335 1895 361 1957 5,
379 1893 413 1946 34
426 1909 497 1961 seqq.
535 1892 562 1944 ln
581 1909 652 1961 seqq.
672 1909 725 1946 non
743 1902 842 1946 tantam
860 1895 1012 1960 septuopt'es
1031 1896 1138 1962 septies,

123 1985 170 2034 sed
189 1985 276 2036 anania
296 1977 333 2031 ttb
353 1988 380 2031 et
399 1979 439 2030 ed.
459 1979 568 2043 Manat,
592 1980 627 2030 ite
647 1980 723 2030 etiam
742 1976 836 2029 Pemel.
856 1976 948 2045 Rigalt.
969 1986 995 2029 et
1014 1977 1095 2030 Oxou.
1116 1995 1138 2030 e.

125 2065 232 2132 Geton,
259 2081 325 2135 quea
349 2065 414 2117 male
439 2063 560 2116 exhibent
578 2068 626 2120 sed
643 2074 667 2118 et
685 2067 789 2129 natator
814 2079 866 2117 nost
884 2074 985 2118 tentant
1004 2067 1082 2119 LXX
1085 2069 1138 2121 Vll.

124 2157 211 2222 (supra
231 2161 348 2205 correcto
367 2152 398 2204 ab
418 2169 438 2204 r.
459 2168 490 2203 m.
510 2154 664 2230 septpept'es
682 2153 811 2220 septies),
835 2154 882 2205 sed
900 2156 988 2204 omnio
1007 2151 1072 2215 btb3-
1086 2169 1139 2206 nost

15 2237 17 2276 :
123 2249 223 2292 tontum
237 2241 313 2294 LXX
324 2249 348 2292 et
364 2242 428 2308 vlt,
447 2240 495 2292 sed
507 2241 594 2292 omnia
607 2237 655 2301 W;
673 2255 727 2290 nost
741 2247 804 2291 tent.
819 2241 985 2308 septuept‘nto
997 2251 1021 2293 et
1033 2250 1139 2309 septem,

123 2327 170 2380 sed
189 2343 256 2378 omn.
277 2324 358 2377 bland.
380 2323 414 2376 tta
433 2333 458 2376 et
479 2324 516 2387 Α;
544 2331 630 2376 contra
650 2325 710 2376 edd.
730 2333 789 2376 vett.
811 2333 836 2375 et
855 2323 951 2376 Essem.
971 2324 1141 2395 timeatque

124 2410 220 2464 dlorell.
244 2429 296 2466 non
322 2421 421 2467 tantum
449 2416 562 2482 septies,
590 2415 636 2467 sed
660 2416 813 2483 septanpa'ee
840 2415 1035 2482 (septuepeea'ee
1060 2411 1138 2470 Dur.)

121 2502 232 2568 septies,
252 2503 300 2554 sed
318 2504 406 2553 omnis
424 2516 517 2568 easque
536 2507 562 2552 et
581 2500 644 2552 duos
663 2499 744 2552 libros
760 2509 823 2552 vett.
844 2509 946 2552 secutos
965 2507 1004 2550 est
1022 2497 1140 2550 baluzius

121 2594 179 2638 aute
197 2589 283 2642 omnia
302 2600 435 2654 perperam
453 2587 610 2637 interserens
629 2595 659 2640 et.
698 2585 754 2637 Vid.
775 2585 859 2638 blettb.
882 2585 924 2650 te,
944 2586 974 2638 21
996 2603 1033 2655 sq.
1072 2583 1138 2638 luins

16 2677 17 2686 ’
121 2690 212 2739 preuee
229 2677 317 2742 foetas
335 2672 366 2736 Α,
384 2689 476 2741 possen
492 2676 582 2740 feries
599 2669 645 2723 Bb.
684 2672 713 2740 2)
732 2675 790 2727 Non
806 2678 909 2741 poteris
922 2671 968 2726 Rb.
1006 2673 1054 2726 Pro
1071 2692 1137 2742 per..
1190 2697 1195 2704 -

121 2761 208 2823 tinere,
228 2758 296 2826 qood
316 2766 396 2809 exstat
414 2761 440 2808 in
459 2758 515 2810 edd.
532 2767 605 2822 vett,
626 2759 687 2810 blor.
707 2766 733 2811 et
750 2760 944 2823 recentioribus,
963 2777 995 2811 ex
1007 2760 1081 2812 codd.
1099 2761 1136 2811 W.

124 2841 221 2894 llabcd.
250 2842 293 2894 ub.
320 2843 341 2894 Α
369 2850 395 2893 et
422 2845 532 2912 quinque
561 2843 690 2910 duplicis,
718 2845 868 2910 quibuscum
896 2845 1052 2897 concordant
1079 2846 1137 2897 edd.

17 2947 18 2950 ¹
123 2925 219 2978 Eresm.
243 2925 317 2979 Grae.
343 2935 419 3002 etque
444 2929 553 2992 Manet,
580 2930 677 2980 restitui
701 2935 836 2999 perferrer
863 2936 999 3000 praeferre
1022 2933 1138 2984 sollemni

17 3033 18 3044 π
123 3015 307 3078 permutatione
331 3013 449 3065 scribitur
474 3017 498 3064 in
523 3012 567 3065 Ba.
605 3012 731 3066 Exhibent
756 3016 848 3067 deinde
875 3017 933 3068 edd.
958 3026 1020 3070 vett.
1042 3017 1138 3070 Essem.

17 3109 18 3138 t
123 3097 197 3150 Grau.
217 3098 280 3150 llos.
302 3106 327 3150 et
346 3098 448 3150 Belum:
474 3103 531 3154 niet
546 3103 686 3169 patientiae
704 3110 727 3154 et
746 3105 899 3156 laurentios
918 3113 1006 3158 taneos
1023 3109 1138 3172 tirmite-

123 3194 189 3249 tear,
216 3201 282 3253 quae
303 3185 491 3253 interpolatoris
510 3186 637 3238 cuiusdam
656 3202 756 3239 manum
776 3188 900 3242 redolent.
937 3189 975 3242 (Ἰ.
995 3190 1026 3242 ad
1046 3190 1137 3243 Donat.

17 3291 18 3316 i
124 3285 180 3338 osp.
199 3270 240 3322 Ν.
266 3288 290 3322 n.
314 3271 336 3322 l.
373 3270 489 3324 Correxit
506 3271 632 3324 Manutius
648 3278 789 3344 patientioe
806 3285 830 3330 et
848 3280 1002 3332 tolerantiae
1018 3282 1139 3349 firmitate

123 3357 290 3424 probantibus
309 3359 420 3410 Pamelio
439 3367 465 3410 et
483 3359 679 3427 Oxoniensibus‚
700 3363 859 3431 eandemque
879 3363 1014 3416 lectionem
1034 3366 1138 3433 egregie

124 3444 271 3497 oonbrmant
288 3445 364 3497 codd.
386 3444 466 3499 llbed.
487 3444 539 3499 ldab
558 3456 584 3498 et
604 3446 640 3511 Α,
661 3453 788 3518 patientia
806 3461 830 3503 et
848 3453 1002 3504 tolerantiae
1018 3455 1140 3520 firmitate

18 3569 19 3576 ,
125 3528 174 3580 levi
192 3545 279 3582 errore
298 3531 375 3583 hebet
393 3531 433 3596 W,
451 3537 577 3602 patientia
594 3545 619 3588 et
637 3538 777 3590 tolerantia
797 3539 858 3601 (sio)
876 3542 997 3607 mituli
1014 3537 1068 3600 lle,
1091 3555 1140 3605 per

18 3659 19 3664 ,
122 3617 262 3683 patientiae
279 3627 303 3672 et
321 3623 476 3672 tolerandae
492 3624 640 3687 punitatem
659 3621 719 3674 dant
739 3623 818 3691 Neap.
862 3623 891 3691 3)
912 3628 1013 3693 festam
1031 3635 1071 3680 eet
1089 3623 1138 3689 bls,

18 3745 19 3752 ,
122 3703 223 3769 [aetum
246 3720 307 3776 esre
331 3705 388 3756 cod.
410 3704 475 3758 lion.
498 3707 555 3756 174.
592 3705 653 3758 'lum
672 3710 854 3764 sisimile.
893 3710 992 3764 Deinde
1011 3716 1056 3780 pati
1074 3712 1138 3763 iuti

124 3785 205 3839 deest.
242 3788 272 3857 4)
292 3791 441 3854 detifidi.
480 3791 510 3858 5)
527 3797 575 3848 boe
594 3809 645 3845 orn.
662 3794 709 3847 lle.
746 3797 775 3864 6)
795 3806 891 3865 oportet
911 3797 967 3848 edd.
982 3806 1044 3848 vett.
1082 3798 1139 3851 llox

123 3882 259 3943 martyros
275 3891 323 3943 pro
335 3887 468 3946 martyres
479 3877 519 3930 W.
535 3878 588 3931 blan
601 3889 628 3932 et
640 3877 675 3932 Ba
689 3899 709 3934 e.
724 3881 765 3934 ed.
778 3881 871 3934 Manui.
903 3881 964 3936 lum
978 3895 1139 3953 ospitatus-oe

71 4001 75 4008 ,
124 3956 172 4024 tte,
191 3961 257 4013 male
275 3966 397 4032 sequitur
410 3963 456 4015 lde.
493 3963 553 4018 Post
570 3984 624 4022 nost
641 3977 742 4023 tanton
759 3968 897 4023 eodttou.
913 3970 1084 4024 libienensis
1102 3981 1138 4026 nt.

893 4059 932 4126 18
