2880 4696
714 425 776 492 132

239 577 278 644 sit
292 577 488 662 gloriandum,
511 585 582 644 tunc
596 583 694 664 plene,
717 583 836 666 quanm
857 585 887 649 in
909 586 1036 649 nominis
1059 588 1252 654 confessione

239 695 407 775 cruciatur,
437 695 555 778 quondo
579 696 816 763 fortior'lemine
837 700 910 764 viris
932 704 1140 784 torquentibus
1162 705 1252 768 inve·

238 811 333 890 nitur,
364 811 482 892 quando
515 813 602 895 ignes
633 821 683 876 eut
713 832 819 878 cruces
848 822 898 879 eut
928 816 1040 882 serrum
1069 825 1119 882 eut
1140 819 1251 882 bestias

236 925 362 1005 petitur,
390 932 424 988 ut
453 932 623 990 coronetur.
668 926 717 991 llle
749 935 817 993 sunt
846 931 945 994 cornis
966 935 1099 1014 pretiose
1121 933 1250 1014 monilia,

209 1037 283 1102 stlta
306 1040 443 1122 corporis
466 1049 639 1108 ornaments
662 1042 796 1109 meliore.

714 1241 770 1310 Vl.

320 1380 379 1446 Sed
401 1388 472 1445 sunt
494 1381 612 1464 aliquae
635 1381 742 1446 divites
765 1389 796 1446 et
817 1382 988 1447 lecultetum
1008 1365 1143 1452 ubertate
1156 1388 1182 1467 ¹)
1197 1390 1248 1454 lo-

232 1493 384 1576 cupletes,
416 1513 494 1575 quoe
520 1489 595 1576 opes
617 1513 687 1558 sues
709 1494 882 1577 praeferent
904 1503 934 1560 et
956 1515 991 1561 se
1013 1498 1099 1563 bonis
1122 1501 1184 1564 suis
1206 1503 1248 1564 uti

231 1608 343 1675 debere
374 1608 564 1674 contendent.
617 1609 718 1675 Sciant
747 1611 842 1692 primo
862 1607 891 1690 ²)
922 1611 999 1674 illam
1030 1612 1149 1677 divitem
1179 1631 1248 1678 esse

123 1723 125 1730 ’
231 1725 361 1807 quaein
384 1724 440 1788 deo
465 1724 549 1788 dives
573 1732 636 1806 est,
665 1725 743 1788 illem
767 1743 836 1790 csse
857 1725 1037 1808 locupletem
1060 1747 1136 1810 quac
1157 1729 1247 1793 locu-

191 1840 294 1924 reples
317 1841 347 1904 in
369 1839 486 1904 Christo
510 1846 574 1918 est,
605 1840 685 1903 bona
716 1840 765 1903 illo
798 1859 867 1904 esse
897 1815 976 1923 quae
1007 1843 1066 1905 sint
1094 1842 1246 1924 spiritulia,

230 1955 338 2034 divine,
362 1951 520 2032 caelestia,
544 1970 622 2034 queo
644 1970 701 2017 nos
725 1951 761 2016 ed
785 1952 873 2016 deum
896 1953 1015 2034 ducent,
1039 1971 1116 2034 quee
1139 1955 1247 2018 nobis-

228 2086 296 2131 cum
325 2065 402 2149 apud
434 2065 522 2130 deum
551 2072 696 2158 perpetue
719 2067 914 2148 possessione
936 2076 1137 2149 permaneant.
1184 2067 1246 2132 Ce-

229 2162 324 2246 terum
346 2199 552 2264 quaecumque
575 2186 695 2244 terrena
717 2183 838 2245 suntin
861 2183 983 2246 saeculo
1006 2189 1128 2265 accepte
1152 2189 1182 2246 et
1197 2183 1246 2247 bic

229 2315 295 2362 curn
317 2296 438 2361 sacculo
454 2293 481 2372 ³)
511 2313 705 2377 remensum,
736 2301 795 2359 turn
825 2297 974 2360 contemni
997 2297 1125 2378 debent,
1157 2317 1245 2380 quom

226 2533 300 2604 Vulg.
318 2539 347 2589 tn
366 2551 454 2590 corne.
490 2532 557 2586 Λᾶν.
575 2536 653 2604 plane
671 2549 720 2585 om.
738 2532 770 2586 Δ.
807 2531 873 2584 Dein
893 2536 997 2589 cbristo·
1017 2537 1134 2588 nominis
1159 2536 1248 2586 estin

226 2623 286 2689 bld,
309 2627 425 2678 nominis
452 2625 552 2676 domini
574 2623 600 2674 in
627 2621 686 2673 edd.
711 2621 833 2674 Deventr.
856 2619 956 2674 Eresm.
975 2621 1069 2673 blenut.
1088 2627 1115 2671 et
1138 2619 1248 2688 Mercu„

228 2713 347 2766 staminio
370 2712 412 2764 dei
432 2711 459 2762 in
477 2707 551 2761 Grev.
589 2708 641 2761 Sed
660 2708 722 2761 nihil
741 2709 793 2761 talc
812 2709 909 2762 addunt
927 2709 1002 2760 codd.
1021 2707 1080 2760 Ver.
1099 2707 1156 2759 Vnt.
1175 2707 1200 2760 2.
1220 2716 1247 2759 et

227 2799 314 2850 nostri.
351 2795 412 2850 'lum
438 2801 620 2868 confessionis
645 2801 777 2868 plectetur
800 2797 925 2850 mendose
950 2795 1037 2849 scribit
1055 2795 1085 2846 A.
1122 2795 1152 2847 ln
1177 2811 1248 2864 seqq.

228 2885 261 2936 W
278 2885 356 2939 hebet
379 2889 459 2958 iente.
495 2883 594 2936 Deinde
618 2895 642 2939 et
667 2901 763 2939 crueee
780 2883 835 2950 tto,
860 2887 903 2939 cel
929 2901 1024 2938 eruces
1048 2880 1078 2933 B.
1124 2881 1182 2934 blox
1207 2885 1251 2936 vet

229 2978 326 3030 lectiae
352 2974 488 3042 occupavit
513 2972 572 3025 edd.
592 2988 680 3026 omnes
705 2974 819 3040 exceptis
843 2970 979 3024 Beluninne
1004 2979 1030 3024 et
1052 2969 1249 3024 Goldborninne.

299 3062 338 3116 Vl.
366 3063 394 3129 1)
415 3066 533 3117 libertate
550 3061 583 3112 W
600 3070 626 3114 et
643 3060 709 3114 blec.
745 3059 824 3112 Paulo
841 3067 901 3128 post
918 3068 948 3114 ut
965 3077 996 3114 ee
1013 3057 1042 3111 B.
1084 3058 1112 3124 2)
1130 3060 1251 3127 primum

229 3150 279 3204 llb.
298 3150 327 3204 Β.
364 3150 425 3202 Tum
448 3153 494 3216 deo
517 3165 564 3218 pro
588 3153 616 3202 tn
642 3152 688 3203 dee
708 3147 774 3200 bleb.
793 3146 852 3198 Ver.
872 3147 895 3198 1.
914 3145 961 3212 b,
980 3137 1047 3198 'item
1072 3145 1130 3198 edd.
1150 3143 1249 3198 Eresm.

230 3236 412 3290 antecedentes
432 3255 454 3290 c.
471 3236 565 3291 blorell.
601 3236 660 3289 llox
678 3253 740 3290 esee
756 3242 815 3303 post
832 3237 907 3288 illem
924 3249 989 3286 corr.
1009 3251 1042 3286 nr.
1060 3249 1135 3302 cupre
1155 3231 1250 3284 adiecit
1362 3253 1365 3260 ¹

231 3327 258 3377 in
276 3325 333 3391 lid,
359 3333 385 3377 et
402 3342 448 3394 pro
467 3329 586 3396 locuples
604 3324 644 3376 llc
665 3332 819 3402 veteresque
846 3322 909 3375 editi
932 3321 1027 3374 hebent
1054 3323 1185 3392 locuplex.
1222 3317 1251 3370 ln

232 3429 303 3482 seqq.
323 3428 370 3482 pro
394 3431 459 3484 quae
482 3422 546 3468 suot
569 3413 710 3480 recepimus
735 3429 802 3481 quae
819 3415 875 3465 eim
893 3427 907 3463 e
927 3409 1002 3464 codd.
1021 3409 1061 3461 W.
1080 3406 1157 3460 blabd
1178 3415 1205 3459 et
1221 3405 1250 3458 Β.

233 3503 294 3554 Tum
311 3505 467 3572 spiritualia
486 3501 546 3552 dent
565 3499 623 3550 blod
641 3507 667 3551 et
685 3497 717 3551 A.
753 3497 821 3550 Ante
839 3500 930 3553 divino
948 3497 988 3549 lllb
1006 3497 1107 3550 infercit
1127 3507 1157 3552 et.
1194 3496 1252 3550 llox

203 3632 207 3638 .
232 3592 259 3642 in
270 3590 294 3644 A
309 3607 359 3645 noe
378 3590 458 3643 deest.
489 3587 577 3639 Stetirn
590 3585 631 3638 Mb
652 3593 679 3637 et
691 3584 748 3637 Vct.
762 3583 787 3637 3.
802 3583 921 3637 exhibent
938 3589 972 3640 od
988 3587 1130 3650 dominum,
1149 3592 1175 3636 ut
1194 3582 1252 3636 edd.

233 3675 327 3728 Menut.
338 3675 519 3728 antecedentes
530 3689 553 3724 c.
564 3670 660 3726 Morell.
688 3669 756 3722 Dein
766 3686 812 3747 pro
823 3674 893 3741 apeul
901 3675 985 3739 decom
996 3671 1063 3740 quoo
1073 3687 1122 3725 om.
1132 3670 1181 3736 lla,
1192 3669 1253 3723 Ver.

235 3763 323 3818 scribit
336 3767 406 3834 apud
417 3765 558 3817 (lominum.
587 3758 706 3828 Sequitur
717 3758 785 3810 illico
796 3768 923 3828 perpetua
933 3761 1071 3813 mansione
1082 3761 1109 3810 in
1122 3766 1185 3810 vett.
1195 3757 1253 3810 edd.

237 3859 264 3902 et
272 3852 363 3903 decem
371 3849 442 3902 libris
450 3849 557 3918 antiquis
566 3856 632 3900 teste
640 3845 754 3911 Beluzio‚
765 3847 791 3898 in
798 3845 830 3896 W
837 3854 919 3898 eutem
929 3845 1000 3898 etlle
1008 3855 1132 3916 perpetuo
1140 3849 1255 3900 victorie.

236 3937 432 4005 3Werheetbic
443 3936 793 3993 cumeoeculoinAdeennt
817 3933 1063 3990 Deincondemniot
1073 3925 1258 3992 contemnitur

237 4025 300 4095 (sic)
312 4033 394 4080 exstet
404 4027 431 4079 in
442 4022 485 4094 W,
498 4028 643 4096 contempsit
653 4025 680 4078 in
691 4022 758 4078 llcd.
771 4021 795 4078 Α
807 4031 834 4076 et
846 4020 983 4092 exemplari
994 4021 1126 4090 Durentr„
1144 4035 1256 4090 moxque
