2868 4700
700 359 739 427 lo

214 523 312 597 tenet,
343 531 404 582 non
429 521 510 583 tenet
532 519 622 602 patris
646 527 675 584 et
697 523 747 586 tilii
770 523 874 605 tidem,
897 511 985 590 vitant
1009 543 1069 592 non
1083 511 1172 594 ¹tenet
1195 515 1227 593 et

214 634 344 696 salutem.
1250 641 1254 646 '

693 838 749 905 vl.

300 977 364 1042 Hoc
381 977 403 1057 ¹)
424 981 541 1043 unitatis
558 991 782 1063 sacramentum,
806 985 863 1048 hoc
878 953 1026 1049 vinculum
1043 987 1223 1051 concordiae

213 1091 447 1174 inseparabiliter
470 1094 658 1158 cohaerentis
682 1097 857 1178 ostenditur,
881 1100 999 1181 quando
1018 1102 1047 1163 in
1065 1103 1222 1186 evangelio

185 1207 310 1269 ntunica
332 1206 442 1269 dornini
459 1205 485 1287 Ιἱ)
507 1208 574 1271 lesu
597 1209 704 1273 Christi
734 1229 794 1274 non
826 1212 964 1276 dividitur
995 1216 1132 1295 omnino,
1165 1234 1223 1280 nec

212 1322 363 1400 scinditur,
384 1320 438 1384 sed
453 1323 645 1385 sortientibus
662 1323 699 1386 de
716 1331 800 1386 veste
816 1326 933 1405 Christi,
950 1329 1016 1406 quis
1030 1324 1057 1406 3)
1074 1328 1221 1392 Christum

211 1436 309 1518 potius
338 1413 491 1514 indueret,
519 1421 635 1519 inte'gra
664 1440 755 1500 vestis
785 1441 928 1523 accipitur
951 1448 980 1502 et
996 1438 1023 1518 ⁴)
1046 1442 1220 1523 incorrupta

212 1554 298 1630 atque
321 1549 446 1612 indivisa
468 1551 565 1612 tunica
588 1551 765 1632 possidetur.
812 1553 955 1634 Loquitur
984 1573 1019 1617 ac
1050 1556 1119 1619 dicit
1140 1558 1220 1618 scri-

212 1669 296 1743 ptura
312 1661 408 1724 divina
420 1658 465 1739 ⁵):
482 1662 527 1723 Da
543 1663 648 1724 ionico
662 1671 771 1740 catena,
789 1666 862 1745 qaia
877 1666 914 1728 dc
926 1669 1082 1747 superiore
1091 1679 1181 1751 porta
1193 1669 1220 1750 6)

173 1792 199 1836 lo
212 1795 273 1838 oon
295 1775 469 1851 consutilia,
501 1776 557 1837 aad
580 1794 638 1855 por
666 1784 756 1839 totam
786 1779 901 1842 taetitia
921 1757 1042 1862 faarai,
1075 1784 1221 1848 dixerant

212 1892 255 1954 od
274 1893 420 1955 invicem.-
450 1891 520 1954 Noa
546 1891 720 1954 scindamus
746 1893 829 1956 illam
847 1888 890 1971 ⁷),
921 1896 977 1957 aad
998 1898 1162 1961 audomar
1184 1900 1221 1962 da

212 2025 259 2084 aa,
283 2007 369 2069 caios
391 2007 439 2068 ait.
478 2006 622 2068 Unitatem
646 2000 732 2084 illa8)
755 2010 891 2088 portabat
910 2009 948 2072 de
964 2012 1121 2094 superiore
1137 2020 1220 2094 parte

212 2233 262 2277 tarn
279 2241 324 2276 sex
342 2224 450 2293 Anglich
470 2241 532 2296 quos
549 2234 651 2278 secutus
670 2234 708 2277 cst
726 2225 824 2291 Folius,
843 2230 924 2280 vitam
942 2237 967 2280 ot
985 2245 1036 2281 ooo
1054 2238 1121 2282 tanat
1138 2233 1219 2284 calu-

213 2320 265 2366 tum
280 2313 359 2380 primo
379 2312 514 2365 exhibebat
531 2313 585 2376 lllc;
608 2330 656 2366 nac
677 2317 789 2367 solutam
808 2314 881 2365 ollert
899 2315 939 2366 ed.
959 2313 1080 2369 Daveutr.

281 2417 322 2471 Vl.
343 2420 370 2484 1)
390 2423 444 2473 lieo
456 2426 482 2470 et
494 2434 554 2470 rnox
567 2423 717 2472 acherontea
730 2417 760 2469 Α.
791 2418 856 2469 Dein
874 2421 988 2472 octoadit
1006 2421 1053 2485 (aar
1069 2423 1154 2486 eraso)
1168 2420 1217 2472 llb.

212 2541 239 2607 2)
259 2544 357 2594 domiai
374 2544 460 2595 troatri
477 2539 544 2591 llbd.
565 2541 608 2593 Ba.
627 2539 658 2591 Α,
700 2539 728 2606 3)
747 2499 798 2610 paci
811 2542 838 2605 (a
856 2540 887 2590 ab
907 2540 939 2592 al.
960 2558 991 2593 m.
1011 2544 1149 2610 superscr.)
1169 2542 1219 2608 Mb,

212 2633 256 2698 qui
273 2629 330 2681 lllc..
354 2628 419 2679 Dein
443 2645 489 2696 pro
514 2632 650 2684 Christum
673 2627 695 2680 Α
718 2632 815 2697 ipram.
850 2627 912 2679 ltern
937 2630 995 2682 cdd.
1015 2629 1106 2682 hlanut.
1125 2629 1218 2682 Parnel.

210 2715 301 2786 Rigalt.
321 2715 399 2768 Oxon.
434 2715 538 2768 inverso
557 2716 645 2768 ordine
663 2719 753 2784 potios
771 2715 840 2784 X'pien
859 2717 899 2768 ed.
918 2716 1037 2768 Daventr.
1081 2718 1108 2798 4)
1128 2729 1151 2771 ot
1170 2733 1218 2768 om.

211 2803 266 2868 llld,
294 2812 320 2855 ut
343 2812 404 2855 vett.
428 2803 487 2855 edd.
522 2802 584 2853 Tum
609 2813 732 2871 corrupta
758 2803 844 2853 scribit
867 2801 913 2855 Bb.
948 2802 1063 2855 Proxime
1090 2808 1219 2868 indivisa,

211 2891 278 2960 quod
294 2907 340 2959 pro
359 2894 496 2946 individua
515 2891 563 2956 (sic
582 2906 682 2959 quoque
695 2889 726 2939 W
743 2890 850 2956 etlllad)
870 2893 964 2958 primus
983 2907 997 2942 a
1017 2890 1091 2942 codd.
1111 2892 1220 2941 restitnit

210 2976 334 3041 baluzius,
354 2978 500 3030 confirmant
518 2977 575 3030 Ver.
596 2977 620 3028 2.
639 2977 703 3029 lllbc.
722 2976 783 3029 Bab.
803 2977 833 3030 Α.
877 2979 904 3044 5)
924 2982 1014 3032 divina
1033 2982 1169 3048 scripturo
1188 2977 1218 3030 Α.

210 3064 265 3117 Vid.
284 3065 371 3117 loann.
392 3065 570 3130 19,23-2t.
622 3065 651 3130 6)
675 3070 706 3119 do
730 3070 867 3134 superiori
891 3067 957 3132 (sinc
981 3067 1066 3135 parta)
1087 3064 1117 3117 h.
1154 3065 1218 3116 Dein

210 3156 366 3206 oonauttilia
383 3152 435 3219 Bt,
456 3157 598 3207 cornatilia
616 3163 672 3206 erat
690 3152 739 3204 llb.
776 3154 804 3218 7)
823 3173 879 3208 eam
899 3153 955 3205 cdd.
975 3161 1032 3204 ante
1051 3152 1218 3204 Manutianarn

210 3253 305 3290 ornnes.
341 3238 403 3291 Turn
429 3245 575 3294 sortiamur
599 3239 656 3290 cod.
675 3238 722 3290 lla.
758 3238 806 3290 Pro
831 3245 861 3295 da
883 3259 913 3294 aa
934 3239 971 3290 Bb
997 3247 1022 3291 et
1046 3240 1086 3292 lllo
1110 3244 1140 3294 da
1162 3244 1217 3294 illa.

210 3352 238 3418 8)
256 3355 302 3406 illo
321 3352 361 3416 W,
385 3321 434 3405 itti
452 3352 531 3404 habt.
550 3352 611 3404 Bab.
631 3352 668 3417 h,
692 3355 752 3404 iem
770 3352 826 3404 edd.
846 3349 1013 3403 Pamelianam
1031 3352 1217 3404 antecedentes.

209 3439 267 3491 lllox
280 3443 416 3507 superiori
426 3437 475 3490 tlh.
505 3437 532 3489 ln
550 3455 620 3508 seqq.
639 3449 663 3493 ot
679 3441 830 3509 poaaidontc
843 3437 883 3488 W.
902 3435 949 3488 llla.
967 3436 990 3487 Α
1008 3456 1029 3491 c.
1043 3438 1082 3490 cd.
1096 3437 1217 3491 Daventr.

209 3524 288 3578 Paulo
311 3534 368 3594 post
394 3536 472 3581 totam
496 3530 578 3580 camai
595 3526 635 3578 W.
655 3526 719 3577 llbc.
739 3524 800 3576 Bab.
819 3524 850 3575 Α.
887 3523 975 3575 Statim
1000 3544 1031 3580 aa
1055 3530 1167 3580 eolidam
1185 3527 1214 3579 h.

210 3613 271 3666 Turn
291 3618 419 3685 optioabat
437 3612 477 3665 W.
496 3613 545 3666 Mb.
565 3612 609 3666 Ba.
646 3613 684 3664 Dc
704 3628 752 3680 qua
777 3611 902 3662 scribendi
928 3613 1025 3663 rationo
1048 3614 1100 3664 vid.
1120 3611 1216 3680 Corra.

208 3699 304 3768 Loop.
323 3700 515 3756 Schneider.
540 3705 564 3753 in
588 3701 668 3765 libro,
696 3702 737 3752 cui
762 3700 847 3751 titulus
872 3707 925 3751 est:
954 3700 1127 3752 Austiihrliehc
1152 3718 1215 3754 vcr-

208 3788 324 3841 bessertc
341 3788 492 3842 Grammatilt
516 3790 562 3841 der
584 3788 625 3840 lat
645 3787 765 3856 Sprache.
794 3786 898 3840 secat.
923 3786 950 3838 T.
969 3786 987 3839 l.
1013 3804 1038 3855 p.
1058 3787 1107 3839 217
1128 3805 1165 3857 sq.
1191 3797 1217 3840 et

208 3875 351 3946 Wagner
378 3876 545 3948 Orthograph.
571 3875 666 3944 Vergil.
692 3877 719 3926 in
742 3874 828 3944 Virgil.
855 3873 918 3944 Opp.
946 3875 986 3928 ad.
1005 3873 1087 3944 llcyn.
1112 3877 1166 3930 Vol.
1185 3875 1215 3929 V.

208 3982 234 4033 p.
253 3964 303 4016 413
321 3982 359 4034 sq.
