2834 4686
757 395 824 474 'too

282 565 387 644 vestit,
423 565 572 629 cibaretur
601 565 669 629 teile
701 566 751 648 qni
774 567 871 630 cibnm
895 566 1055 630 caelestem
1077 565 1178 647 dedit,
1213 575 1300 630 aceto

278 681 435 762 potaretur
458 681 508 762 qui
531 680 660 744 seintnrc
683 681 821 763 poculum
844 681 1031 764 propinavit!
1068 681 1120 745 ttte
1144 681 1300 762 innocens,

281 794 331 857 iiie
353 795 464 875 iustus,
499 796 586 858 immo
610 795 778 858 innocentio
801 797 867 878 ipsc
891 795 1008 878 etipse
1037 794 1148 858 iustitia
1165 792 1193 869 ⁴)
1225 795 1302 856 inter

279 905 470 972 facinorosos
493 906 651 988 deputatur
673 911 703 968 ct
726 907 902 970 testimoniis
921 905 1004 969 ialsis
1019 907 1135 970 veritos
1146 908 1300 989 premitur,

280 1019 426 1084 iudicatur
457 1021 639 1085 iudicaturus
672 1030 701 1086 et
733 1023 781 1086 dei
815 1041 915 1086 sermo
948 1020 986 1084 ad
1016 1023 1163 1085 victimam
1197 1029 1300 1084 tacens

282 1135 406 1198 ducitur.
445 1134 480 1197 Et
504 1152 569 1196 curn
583 1131 610 1211 ⁶)
634 1133 670 1196 ad
692 1151 810 1197 crucem
828 1133 937 1198 domini
954 1132 1175 1198 conmodaniur
1191 1135 1300 1212 sidera,

279 1251 427 1313 elementa
452 1249 618 1327 turbentur,
642 1253 859 1311 contremescat
882 1252 977 1327 terra,
1003 1263 1073 1311 nox·
1088 1247 1165 1311 diem
1191 1247 1299 1324 cludat

280 1366 338 1445 sol,
362 1382 400 1424 nc
423 1361 599 1426 iudaeorum
624 1359 738 1422 iacinus
762 1359 899 1440 aspicere
922 1365 1064 1442 cogatur,
1093 1367 1122 1422 ct
1145 1360 1251 1425 radios
1274 1367 1301 1423 et

275 1479 385 1544 'ocutos
409 1493 482 1540 suos
506 1474 677 1553 subtrahat,
711 1474 761 1538 ilie
791 1493 851 1536 non
881 1473 1029 1556 loquitur,
1063 1493 1120 1538 nec
1151 1482 1299 1554 movetur,

281 1613 338 1656 nec
361 1593 542 1655 maiestatem
566 1607 649 1652 suam
672 1589 726 1650 sub
751 1591 813 1671 ipsa
837 1589 940 1651 saltent
968 1589 1110 1671 passione
1132 1589 1298 1671 profitetur.

280 1707 381 1789 Usque
417 1703 453 1767 ad
486 1703 574 1766 finem
609 1709 841 1784 perseveranter
875 1721 910 1764 ac
943 1703 1052 1786 iugiter
1071 1699 1099 1779 ⁸)
1134 1703 1299 1765 tolerantur

281 1818 396 1896 omnio,
427 1823 459 1878 ut
482 1822 705 1878 consmimetur
727 1815 756 1876 in
781 1813 897 1877 Christo
922 1815 1007 1897 piena
1032 1822 1065 1878 et.
1084 1814 1220 1897 periente
1244 1835 1298 1898 pa-

282 1979 487 1993 ,,,,.,--....,

282 2069 357 2121 codd.
374 2065 432 2117 Ver.
454 2061 548 2115 Bene'v.
569 2061 648 2128 neap.
662 2061 686 2111 2.
706 2061 745 2111 W.
765 2056 812 2111 tta.
834 2059 886 2111 Bab
907 2068 932 2112 et
952 2059 973 2110 Α
993 2060 1051 2112 dant
1069 2051 1300 2130 s'csintcripocnto·
1385 2073 1386 2086 ¹

282 2156 317 2207 itn
343 2170 380 2224 pr·
401 2150 537 2221 legebtiur
562 2150 637 2199 fliium
659 2149 688 2200 J'n
708 2146 764 2210 bib;
788 2151 915 2214 poenatem
937 2151 1057 2203 sstntcrs
1083 2150 1186 2200 inverso
1212 2148 1301 2200 ordios

281 2241 375 2296 babent
394 2240 452 2290 edd.
473 2245 534 2289 vett.
556 2244 581 2288 et
599 2234 695 2286 Erasm.
716 2251 738 2285 e.
753 2233 827 2285 Gran.
864 2233 926 2284 Tum
944 2238 1094 2304 propinabit
1113 2237 1301 2302 permutatione

281 2330 354 2382 soiito
373 2328 493 2380 scribitur
512 2327 535 2376 in
557 2324 605 2375 dib.
648 2324 678 2390 t)
698 2321 734 2374 ita
753 2321 792 2371 W.
814 2320 888 2372 itibcd
907 2331 933 2374 et
951 2319 1004 2373 Bab
1025 2330 1178 2389 veteresque
1197 2322 1260 2374 edd.
1280 2337 1300 2372 e.

276 2417 377 2470 'Brasm
397 2417 488 2467 nsunt.
509 2421 534 2465 st
553 2411 615 2467 ttor.
644 2409 773 2462 'Similiter
786 2409 878 2460 Noster
889 2407 936 2475 Bp.
951 2409 993 2459 52.
1011 2425 1035 2476 p.
1050 2407 1096 2459 73:
1114 2419 1193 2478 pater
1204 2413 1300 2472 bonne,

280 2509 439 2560 misericors
458 2511 481 2553 at
498 2503 577 2569 pins,
604 2499 683 2550 immo
706 2501 765 2565 ipss
791 2500 893 2550 tonnas
918 2507 942 2550 st
959 2499 1146 2550 misericordia
1165 2506 1189 2550 st
1205 2502 1302 2566 pistas.

218 2653 221 2658 ,
281 2593 432 2648 Innocentio
451 2590 551 2654 etipse
569 2589 674 2638 institia
693 2583 779 2636 mutila
798 2583 875 2635 babet
896 2582 926 2649 Α,
944 2585 1094 2636 innocentie
1113 2586 1175 2650 ipsa
1193 2583 1234 2648 (in
1255 2599 1302 2650 nrg.

280 2677 352 2749 ipse)
371 2687 394 2730 ct
412 2680 469 2744 ipsa
487 2675 553 2726 inst.
574 2671 614 2722 cd.
634 2673 725 2735 Gran,
745 2673 895 2723 intendentia
909 2674 973 2744 ⁴ipsc
992 2679 1018 2723 st
1035 2688 1087 2724 ann
1105 2673 1169 2723 inst.
1189 2669 1302 2733 (scentia
1384 2665 1385 2682 ¹

280 2780 303 2822 et
321 2785 373 2820 sna
392 2762 423 2813 ab
444 2760 476 2812 ai.
498 2775 528 2808 rn.
549 2759 574 2808 in
594 2773 642 2809 ras.
662 2757 763 2824 positis)
782 2755 836 2820 bia,
865 2759 1014 2809 innocentia
1032 2759 1094 2824 ipss
1112 2766 1136 2809 st
1154 2759 1218 2824 ipsa
1238 2759 1302 2809 s'asst.

281 2854 407 2906 dederunt
425 2845 566 2910 Pamciium
587 2845 727 2913 Bigaitios‚
753 2842 911 2896 Oxonienses
930 2851 955 2894 et
975 2839 1100 2894 Bainains.
1138 2845 1165 2894 io
1185 2860 1262 2914 seqq.
1281 2853 1303 2897 st

280 2951 338 2994 ante
357 2944 398 2994 dei
417 2939 449 2990 sl.
470 2953 501 2988 tn.
521 2951 594 3002 supra
616 2919 711 2984 addidit
732 2935 757 2983 in
777 2930 823 2994 W,
852 2933 953 2984 inverso
978 2932 1069 2982 ordine
1093 2947 1183 2983 sermo
1207 2933 1253 2984 dei
1271 2957 1303 2969 -
1384 2929 1385 2972 l

280 3033 495 3084 ducitnrtncens
514 3021 659 3074 exbibctti.
697 3021 724 3081 5)
746 3022 780 3073 Bt
798 3022 860 3072 dnm
875 3017 923 3068 bib.
961 3020 1073 3072 Οηισοω
1089 3019 1114 3068 in
1128 3017 1221 3068 ecdem
1237 3017 1302 3068 iibro
1384 3087 1385 3092 Ἰ

279 3135 299 3169 r.
320 3135 351 3166 rn.
372 3112 556 3179 superscripsit.
594 3107 641 3159 Pro
661 3111 760 3161 domini
777 3107 906 3172 reperitur
923 3107 995 3158 nestit
1013 3107 1039 3156 in
1058 3103 1105 3154 bia.
1145 3103 1210 3154 Dein
1233 3121 1302 3156 con-
1384 3095 1385 3158 ἶ

279 3209 418 3256 tremescat
443 3214 488 3267 pro
514 3197 617 3264 vulgato
643 3197 829 3247 coratremiscnt
848 3195 933 3259 recepi
952 3207 966 3244 a
986 3191 1060 3242 codd,
1081 3191 1119 3242 W.
1142 3191 1198 3242 biab
1219 3198 1248 3241 et
1269 3189 1302 3240 Ba
1384 3197 1385 3256 ζ

280 3290 422 3356 eodonqus
441 3286 517 3337 modo
543 3286 566 3335 in
589 3281 654 3332 iibro
675 3282 706 3332 de
725 3281 782 3332 aeto
803 3289 827 3331 ct
846 3279 928 3331 iivorc
948 3295 1002 3345 csp.
1025 3277 1064 3328 vt.
1086 3277 1185 3329 restitui
1204 3275 1302 3328 Nostro
1384 3323 1385 3346 p

279 3377 384 3428 formam
410 3377 586 3444 inpemescsre
610 3383 657 3435 pro
685 3369 781 3436 vulgari
808 3372 988 3438 inpensiscsr's.
1027 3365 1081 3416 Vid.
1108 3364 1142 3416 ibi
1167 3364 1258 3415 adnot.
1278 3363 1302 3416 4.

280 3465 336 3516 iiior
362 3466 450 3516 stridat
468 3461 509 3509 W.
532 3457 611 3508 iiaod.
635 3454 686 3507 Bab
713 3465 739 3506 ct
763 3455 893 3522 exemptor
918 3452 1032 3518 bineli,
1062 3455 1188 3507 excludat
1211 3450 1302 3514 Gran,

278 3555 383 3605 claudat
407 3547 476 3616 vnig.
515 3545 648 3596 Pertinet
674 3551 733 3593 ante
758 3545 865 3604 radios,
893 3549 944 3592 turn
964 3544 1057 3594 ocutos
1079 3555 1128 3591 orn.
1149 3537 1252 3605 Neam,
1281 3547 1303 3590 st

278 3643 371 3692 oenias
390 3648 413 3690 et
431 3637 522 3688 radios
541 3649 607 3684 snos
626 3630 714 3682 scribit
732 3629 784 3680 bid.
821 3629 899 3680 Deest
917 3632 1010 3682 sottsrn
1030 3629 1054 3678 in
1075 3627 1111 3691 Α,
1130 3629 1222 3680 saltim
1242 3625 1303 3675 dant

278 3723 310 3774 W
323 3733 349 3775 ct
362 3723 411 3786 bia,
431 3724 518 3774 sainte
535 3723 674 3787 passionis
694 3735 708 3769 e
727 3720 840 3772 satutem
857 3719 985 3786 passione
1002 3713 1081 3765 babet
1094 3713 1143 3765 bib.
1180 3713 1209 3775 6)
1224 3713 1320 3780 ntqns'

278 3815 377 3882 iupiter
395 3809 433 3872 Α,
458 3817 481 3861 et
499 3809 596 3876 iupiter
615 3806 673 3856 Mbd
693 3815 719 3858 et
738 3803 783 3857 Bb.
821 3803 885 3854 Dein
906 3805 998 3856 toleret
1017 3807 1067 3868 (pr.
1087 3802 1228 3861 toleratur)
1250 3797 1301 3848 bib.

192 3947 196 3951 .
279 3895 337 3947 biox
355 3899 383 3948 in
401 3898 460 3963 ipso
478 3907 524 3961 pro
544 3897 571 3945 in
591 3897 697 3948 obsisto
718 3900 738 3944 Α
758 3901 784 3945 ct
802 3891 860 3944 Vnt.
882 3891 903 3942 i.
941 3889 1003 3941 Tum
1023 3885 1058 3940 Be
1081 3893 1253 3958 perfectoque
1277 3892 1303 3936 et

277 3985 427 4034 innocentia
446 3982 489 4062 vsi
504 3985 631 4048 patientie
649 3981 699 4032 bid.
758 4005 759 4008 ¹
