2834 4686
637 405 696 468 251

160 519 296 638 illaesi,
327 561 377 642 qui
401 567 446 623 est
469 561 585 624 humilis
609 569 639 625 et
662 563 753 640 nilis,
781 560 977 643 philosophos
999 569 1096 626 autam
1121 579 1177 626 nea

161 675 286 738 humiles
307 675 440 738 videmus
462 693 532 738 asse
551 678 721 767 nonnullos,
745 676 799 740 sed
816 677 872 740 sibi
888 678 1008 740 multum
1024 677 1177 760 placentes
1288 683 1297 694 '

160 796 191 850 el
214 789 271 851 boc
294 791 370 871 ipso,
395 790 475 870 quod
497 791 554 854 sibi
576 791 721 872 placeant,
745 789 804 854 deo
828 790 1029 872 displicentes,
1053 790 1177 873 adparat

15 873 17 912 Ε
77 985 78 988 ¹
159 903 218 966 illic
241 921 301 964 non
325 921 393 966 esse
415 906 594 986 patientium,
617 905 725 966 ubisit
750 903 883 968 insolens
899 901 1066 966 adfectatae
1081 904 1177 966 libar-

158 1018 226 1078 talis
250 1016 372 1080 audacia
396 1025 427 1080 et
450 1019 563 1082 exserli
586 1036 621 1080 ac
643 1017 791 1080 seminudi
813 1017 959 1098 pectoris·
974 1015 1176 1080 inverecunda

158 1130 302 1194 bouniis.

174 1463 176 1469 ’
245 1467 311 1532 Nos
334 1471 442 1544 eutem,
466 1465 576 1528 tratres
599 1465 781 1530 dilectissimi
797 1464 831 1545 ¹),
854 1466 903 1547 qui
926 1465 1095 1548 pbilosopbi
1117 1483 1176 1532 non

159 1583 269 1660 verbis,
292 1582 346 1646 sed
370 1581 456 1646 iactis
480 1599 591 1663 sumus,
606 1586 673 1645 'neo
696 1583 805 1645 vestitu
828 1583 1017 1664 sapientium,
1041 1582 1094 1644 sad
1118 1601 1177 1645 ve-

158 1698 246 1758 ritate
269 1696 476 1777 praeterimus,
491 1698 552 1778 ,qui
572 1698 714 1760 uirtutum
734 1697 945 1759 conscientiam
962 1698 1066 1778 magis,
1090 1713 1176 1778 quarn

160 1809 325 1871 iactantiam
349 1809 493 1886 nouimus,
517 1809 647 1888 quinon
667 1807 813 1888 loquimur
828 1826 945 1890 magna,
968 1807 1021 1870 sad
1038 1809 1176 1884 vivimus,

114 1896 117 1902 ¹
161 1922 247 2002 quasi
271 1921 352 1982 servi
376 1927 405 1982 et
428 1921 559 1984 cultores
584 1921 649 1998 dei,
675 1921 863 2002 patientium,
888 1941 974 2002 quem
998 1921 1176 2002 snagisteriis

159 2033 340 2097 caelestibus
374 2028 535 2110 discimus‚'
570 2033 723 2112 obsequiis
757 2035 937 2116 spiritalibus
970 2035 1175 2115 praebeamus.

159 2231 259 2299 Anglici
284 2246 425 2300 omnesque
452 2230 507 2282 scre
535 2230 611 2295 odd..
640 2233 748 2300 sopiens
776 2229 825 2281 ttb.
850 2228 945 2282 Parnoi.
970 2231 1063 2300 Rigalt.
1090 2233 1175 2310 balos.

159 2315 246 2368 Statim
270 2320 380 2371 bomilia
406 2328 430 2372 at
452 2321 526 2372 mitia
551 2327 591 2371 cat
615 2316 672 2370 edd.
694 2327 755 2369 vett.
779 2333 800 2367 c.
820 2316 918 2369 Eresos.
939 2315 1013 2370 Grau.
1033 2328 1059 2370 et
1080 2319 1175 2370 blorell.

158 2403 219 2456 Turn
238 2420 299 2457 asso
317 2408 439 2460 υἰιίοωω
452 2403 492 2456 W.
531 2403 595 2456 Deio
615 2415 714 2458 toutuss
732 2419 779 2473 pro
798 2407 909 2459 mutirem
922 2405 979 2457 Ver.
999 2422 1109 2475 moxque
1127 2412 1176 2460 boo

156 2492 247 2558 ipsum
264 2487 309 2541 Bu.
346 2493 412 2543 Ante
431 2495 547 2562 adparat,
568 2491 636 2559 vulg.
655 2501 763 2562 apparet
780 2490 843 2556 (vid.
864 2491 895 2544 ad
909 2489 1021 2545 Dametr.
1041 2509 1099 2560 cap.
1111 2491 1174 2545 Vlll.

156 2585 209 2628 not.
229 2577 267 2640 5.)
292 2577 333 2629 blb
357 2577 459 2630 infercit
483 2581 560 2632 uode.
597 2577 656 2630 Post
680 2582 737 2631 s'lts'c
763 2581 872 2646 expunxi
897 2595 1003 2644 onam,
1032 2579 1099 2647 quod
1125 2581 1174 2632 mai

156 2663 214 2716 libri
236 2672 262 2716 at
282 2674 382 2732 septem
401 2665 502 2733 Anglici
521 2683 572 2718 noo
591 2673 732 2734 agnoscunt
751 2673 778 2716 et
796 2667 887 2718 merito
906 2656 1026 2718 ornlserat
1044 2665 1174 2718 Manutius.

157 2749 220 2798 Voc·
238 2754 391 2818 patientiam
410 2753 434 2803 in
447 2751 488 2803 blb
508 2769 527 2804 r.
542 2770 574 2803 m.
592 2754 704 2818 corrupit
721 2753 745 2804 in
758 2755 923 2819 sapientiora.
956 2751 1019 2803 Dein
1033 2756 1176 2820 dssototsa

157 2850 203 2901 pro
229 2838 363 2904 affectatae
387 2837 483 2888 babent
502 2838 541 2888 W.
562 2837 619 2888 blab
646 2836 761 2899 attiuh,
788 2839 873 2888 statim
898 2841 1026 2890 ubastots's
1051 2838 1175 2891 mendosa

156 2921 245 2973 scribit
264 2920 312 2973 llb.
604 2939 606 2946 ·
975 2923 979 2930 '

228 3008 255 3060 ll.
295 3009 322 3072 t)
348 3011 490 3062 carissima·
516 3006 637 3058 exhibent
662 3006 718 3058 odd.
748 3006 887 3058 blanutisua
914 3009 1077 3075 antiquiores.
1115 3008 1175 3059 Tum
1261 2992 1263 2998 ¹

156 3101 222 3166 facts·
240 3115 336 3152 sumus
355 3094 393 3147 ltu
412 3101 439 3147 at
456 3094 488 3147 Α.
526 3093 625 3145 Verba:
643 3097 692 3148 sod
709 3097 819 3148 onitate
835 3097 1000 3163 proferimus
1019 3095 1081 3160 (sio)
1097 3121 1128 3134 -
1143 3123 1173 3136 -

157 3187 310 3237 iactantiam
334 3185 360 3235 in
386 3182 443 3248 apd.
463 3181 502 3234 blo
529 3198 548 3234 r.
574 3198 606 3233 m.
632 3181 663 3234 ad
689 3197 738 3250 rag.
767 3182 878 3248 addidit,
907 3189 996 3252 utpote
1014 3198 1051 3250 pr.
1071 3183 1175 3234 omissa.

159 3269 222 3322 Dein
248 3274 334 3342 mepta
358 3273 546 3324 accedentiam
573 3271 632 3323 dant
656 3271 713 3324 libri
734 3278 793 3324 ants
812 3269 930 3324 Gnosium
949 3270 1020 3322 aditi.
1058 3267 1093 3322 Bra
1112 3285 1175 3338 por-

157 3373 245 3424 param
264 3357 343 3412 babet
360 3361 485 3427 loquitur.
517 3357 599 3409 Verba
617 3361 730 3426 proxima
747 3359 804 3410 add.
818 3358 863 3410 SP.
879 3357 941 3410 Veu.
954 3356 1034 3412 Kunu.
1049 3367 1074 3410 ot
1086 3358 1174 3410 llornb.

157 3446 247 3496 mirum
266 3461 340 3513 quam
359 3447 393 3497 ita
412 3447 553 3498 invertunt:
572 3450 621 3501 ast
638 3451 717 3514 quast
736 3449 984 3501 eminentiores
996 3449 1114 3500 cisimus
1126 3448 1175 3498 dai.

158 3531 222 3582 llnle
237 3531 317 3583 bava
338 3537 385 3586 sod
402 3537 518 3600 sociatus
535 3537 578 3587 ss'c
598 3537 716 3588 cisimus
735 3536 814 3602 puoss'
832 3541 881 3584 ete.
920 3531 967 3582 Pro
985 3535 1064 3600 quusi
1078 3531 1103 3581 in
1118 3529 1174 3580 Ver.

157 3618 276 3670 scribitur
294 3638 352 3688 quo.
390 3619 510 3672 Erasmus
531 3629 589 3687 post
607 3624 648 3675 stat
670 3619 765 3686 punbto
787 3620 905 3672 distinxit.
943 3618 981 3669 Aul
1002 3615 1174 3668 illustrandum

158 3705 225 3757 bunc
245 3705 327 3758 locum
346 3707 451 3774 egregia
471 3705 532 3758 lacit
550 3710 686 3762 tttaoetue
703 3710 785 3759 stato
803 3720 860 3771 cap.
873 3703 1004 3756 xxxvtll.
1023 3707 1046 3770 §.
1061 3705 1101 3755 8.=
1119 3700 1176 3759 Nos

157 3809 210 3846 non
236 3797 327 3847 babitu
354 3798 527 3862 sapientium,
555 3797 602 3846 secl
628 3803 712 3847 marus
737 3795 933 3864 prssfoeimmp
963 3809 1016 3846 non
1043 3794 1176 3860 loquimur

156 3896 266 3948 respuo,
294 3884 343 3934 secl
363 3883 498 3945 otuinus,
525 3896 600 3949 quom
624 3879 718 3931 Noster
743 3878 776 3930 ob
801 3878 890 3930 oculos
914 3877 1011 3930 babuit.
1047 3877 1175 3929 StatimA

154 3958 309 4034 policratissss
327 3971 421 4037 saepis.
458 3966 519 4020 Tum
538 3970 726 4037 spiritualibus
746 3967 794 4018 blo.
