2880 4696
623 497 685 564 115

146 663 178 720 et
200 655 288 738 culpe
310 653 481 718 redimatur.
523 655 732 718 Incunctanter
753 662 784 718 et
805 653 929 738 largiter
949 656 998 720 tiot
1018 655 1164 738 operatio,

145 786 256 832 census
279 770 376 832 omnis
399 770 430 831 tn
453 768 598 834 medelum
615 765 652 846 ¹²)
675 769 808 834 vulneris
831 776 985 853 erogetur,
1009 771 1114 852 opibus
1136 775 1165 832 et

144 882 334 948 facultatibus
364 884 476 946 nostris
506 885 557 965 qui
587 883 625 946 de
647 883 734 948 nobis
757 882 939 947 iudicaturus
963 889 1008 946 est
1031 883 1166 947 dominus

144 995 318 1060 iaeneretur.
376 996 425 1061 Sic
458 997 514 1060 sub
549 997 691 1079 apostolis
725 997 800 1060 fides
835 997 946 1080 viguit,
981 997 1025 1062 sic
1054 998 1166 1079 primus

120 1109 334 1178 uoredentiunr
360 1111 488 1193 populus
511 1111 619 1179 Christi
632 1111 776 1175 'mandate
799 1111 949 1188 servavit3
982 1112 1110 1193 prompti
1129 1108 1167 1188 13)

146 1231 244 1303 erant,
269 1225 346 1308 lorgi
370 1232 464 1305 erant,
488 1225 721 1292 distribuendum
743 1245 799 1308 per
822 1225 976 1308 apostotos
999 1230 1091 1288 totum
1111 1223 1168 1288 du-

146 1337 229 1416 bunt,
253 1343 283 1399 et
305 1357 365 1402 non
389 1339 456 1404 talia
480 1338 586 1403 dettcn
609 1339 803 1404 redimebant.

590 1533 725 1602 XXIX.

238 1678 270 1744 Si
294 1697 415 1762 precem
437 1686 500 1743 toto
525 1678 618 1743 cordo
642 1680 708 1761 quis
732 1679 983 1760 facietenus
1007 1647 1167 1762 poeniten-

143 1795 205 1858 tiae
222 1793 245 1871 ¹)
267 1794 401 1858 lamentis
425 1801 455 1858 et
477 1795 608 1858 laurinus
631 1795 832 1879 ingemescet,
862 1797 888 1860 si
911 1796 948 1860 od
972 1797 1088 1860 venium
1110 1795 1168 1860 de-

109 1925 136 1968 ro
149 1909 214 1973 licti
243 1910 290 1972 sui
321 1909 470 1975 dominum
500 1909 584 1974 instIs
614 1917 644 1972 et
675 1910 822 1974 continuis
856 1911 995 1992 operibus
1029 1910 1169 1990 inflectet,

155 2029 362 2038 .-.—·-.-.--·—

142 2086 298 2140 monendum
324 2087 358 2138 od
384 2087 434 2136 doc
460 2081 491 2133 Α.
528 2081 597 2156 Detur
625 2081 787 2135 condendum
812 2081 863 2148 (ito
887 2081 919 2133 ob
945 2081 975 2134 ot.
999 2099 1032 2134 ro.
1056 2084 1082 2134 in
1106 2089 1169 2148 reo.)

145 2175 284 2243 profuerit
302 2170 352 2223 nb.
402 2169 447 2234 12)
468 2172 497 2222 ὄπ
514 2172 649 2223 medellam
667 2168 724 2233 Mne
741 2176 767 2220 et
785 2185 822 2236 pr.
840 2169 873 2220 W
893 2186 915 2221 c.
934 2169 974 2222 ed.
993 2169 1084 2223 Mannt.
1106 2161 1170 2240 (vid.

147 2258 240 2312 Adnot.
264 2259 289 2312 1.
317 2260 349 2312 od
375 2257 436 2325 Cep.
455 2256 540 2310 XXIII.
566 2265 592 2308 et
613 2256 708 2310 XXVII
735 2257 851 2322 u.11.)‚
877 2261 906 2312 in
929 2261 1038 2314 meddin
1060 2275 1113 2327 pn,
1140 2275 1172 2313 ex

151 2355 233 2398 mutet.
252 2351 282 2401 in
299 2351 398 2402 medela
411 2345 461 2411 nb,
481 2348 510 2399 tn
527 2348 627 2399 medela
639 2343 684 2398 Bu.
715 2344 795 2398 Deest
813 2344 875 2397 iuA
894 2349 998 2416 opttus,
1018 2349 1090 2400 cuius
1107 2347 1167 2402 Ioco

151 2438 177 2488 in
194 2434 234 2486 Md
261 2443 344 2488 exstet
366 2437 505 2504 operitur,
534 2441 561 2484 nt
586 2434 612 2484 in
637 2433 678 2486 ed.
698 2431 794 2485 Iiorelt.
832 2433 889 2484 Mox
913 2437 944 2488 de
966 2437 1043 2489 tenir
1065 2451 1112 2504 pro
1137 2441 1168 2492 de

149 2526 226 2578 codic
244 2523 333 2575 scribit
351 2523 418 2574 idern
438 2520 509 2574 liber.
546 2519 611 2574 Exin
625 2524 750 2578 domiuus
761 2525 895 2591 sereretur
907 2521 957 2574 Mb.
971 2521 1017 2575 Bb.
1025 2525 1061 2582 Α.
1074 2523 1167 2578 IIrnot.

149 2611 246 2678 Ponet.
266 2611 357 2680 Rigott.
378 2608 476 2674 Onon,
498 2611 621 2664 domiuus
639 2613 791 2680 sumeretur
806 2607 859 2676 poa,
878 2613 1002 2664 dominor
1019 2614 1169 2680 foeneretur

150 2698 260 2764 IIoreIl.‚
280 2701 384 2753 domino
401 2703 455 2767 sen.
474 2696 515 2749 W.
534 2696 592 2751 neu
610 2715 633 2750 c.
652 2697 710 2750 edd.
729 2697 775 2751 SP.
794 2685 889 2753 Venets
906 2697 929 2750 1.
948 2697 1168 2766 2.1tenb..dc-

146 2790 221 2842 mino
239 2792 308 2857 foen.
327 2785 374 2838 Ma.
394 2784 492 2838 Ernom.
512 2783 587 2838 Grau.
606 2783 692 2838 Balur.
712 2783 817 2852 (toton,
844 2789 947 2840 donnino
969 2790 1107 2855 feneretur
1128 2786 1169 2840 ed.

148 2873 272 2926 Deventr.
308 2873 358 2926 Sed
379 2889 440 2928 vera
458 2872 535 2925 lectio
554 2880 592 2926 ost
611 2875 742 2928 dominor.
779 2872 900 2926 SImiliter
918 2873 1012 2926 Noster
1036 2873 1068 2926 de
1090 2889 1170 2940 opero

148 2971 177 3016 et
196 2962 368 3027 eleemosynis
388 2978 414 3028 p.
432 2960 498 3014 242:
524 2963 558 3016 Si
582 2963 652 3015 enim
670 2964 736 3016 deur
754 2963 927 3030 eleemooyoir
944 2978 1091 3031 pauperum
1107 2965 1169 3029 sae-

147 3060 269 3105 neratur.
303 3049 343 3102 De
369 3048 457 3100 habitu
481 3047 606 3115 virginum
625 3044 686 3114 Cup.
706 3045 769 3099 VIII.
794 3062 819 3113 p.
840 3046 905 3100 1⁷6:
936 3049 1102 3102 nutrimento
1125 3056 1171 3102 tuo

148 3141 228 3194 deum
249 3143 373 3209 succure,
401 3135 445 3188 ubi
468 3135 518 3188 vid.
545 3135 656 3188 adnotet.
692 3133 732 3186 Do
759 3142 822 3188 orat.
847 3134 941 3186 domin.
965 3149 990 3201 p.
1010 3133 1077 3186 214:
1104 3137 1172 3190 Nam

149 3229 252 3296 wando
277 3229 337 3295 quio
363 3220 511 3279 rnioerctur'
529 3225 673 3293 pauperie,
703 3225 780 3278 donno
800 3227 927 3292 foenerat.
964 3221 1038 3276 PIorn
1064 3224 1097 3274 de
1121 3223 1172 3276 hoo
1234 3260 1237 3274 .

148 3313 272 3382 loquendi
289 3313 365 3364 modo
385 3311 456 3364 dedit
468 3310 663 3366 Gronoviuo.
676 3311 702 3362 in
720 3309 784 3362 Iibro
799 3312 903 3378 inopino
915 3307 1015 3362 laudato
1029 3327 1054 3378 p.
1069 3310 1171 3382 uterq,

148 3399 190 3452 De
213 3401 340 3466 scripturis
364 3404 485 3469 fenerare
510 3406 536 3450 ct
558 3397 698 3468 [edonare
725 3397 766 3450 adi
790 3397 923 3452 Varron.
950 3397 983 3452 de
1007 3398 1093 3468 lioguo
1117 3397 1170 3451 Lat.

147 3485 202 3538 VII.
220 3487 263 3540 96.
308 3485 352 3550 13)
370 3490 468 3556 poncii
486 3485 532 3539 Mo.
569 3484 626 3548 Mon
645 3488 679 3540 ad
696 3488 907 3540 diotriduendum
925 3484 966 3551 Α,
990 3487 1170 3541 distribuendo

147 3573 197 3626 Ita.
232 3573 333 3626 Deinde
357 3585 393 3628 tm
420 3578 464 3641 (ex
486 3587 551 3626 corr.
570 3587 590 3626 r.
609 3589 642 3626 nr.
660 3589 789 3641 ouperecr.
808 3576 901 3640 totum)
921 3572 969 3626 uc.
1006 3571 1094 3627 Statim
1114 3578 1173 3639 port

147 3660 338 3733 mundialia.
374 3660 436 3712 'Ium
455 3661 550 3716 totiena
568 3661 613 3727 (ab
633 3658 666 3711 nl.
685 3658 732 3726 nn.)
751 3659 792 3713 W.

218 3747 305 3802 XXIX.
343 3747 371 3816 1)
393 3747 464 3801 IIunc
487 3763 578 3802 vocem
605 3763 655 3802 om.
673 3745 721 3800 Bb.
756 3745 805 3798 Pro
830 3750 1069 3802 commendandos.
1085 3745 1173 3812 recepi

148 3841 271 3893 umente
287 3835 355 3888 eW.
368 3835 449 3890 Itiubc.
461 3835 506 3890 Bo.
535 3835 637 3890 Deinde
655 3838 815 3904 iopcnoeroat
833 3837 893 3901 (pro
912 3835 982 3904 vulg.
999 3831 1172 3902 inpemircot)

148 3942 163 3978 e
182 3927 238 3980 cod.
258 3924 301 3990 W,
320 3939 368 3974 uec
387 3922 460 3976 aliter
476 3941 514 3992 pr.
533 3924 669 3994 legebatur
686 3923 711 3974 in
730 3921 781 3974 tin.
812 3922 868 3978 vio
887 3922 919 3975 nd
938 3921 1000 3989 Cep.
1014 3919 1089 3972 XXV.
1108 3935 1133 3972 n.
1148 3919 1171 3975 1.

144 4013 224 4068 Proto
243 4020 305 4082 poet
323 4009 361 4062 Bb
379 4027 426 4080 pro
444 4015 579 4090 dorntnm
601 4010 680 4067 tabet
700 4013 785 4066 doum
822 4009 851 4065 ln
870 4025 943 4080 seqq.
961 4009 1052 4080 portio.
1070 4018 1095 4062 et
1110 4015 1172 4062 unta

142 4103 367 4164 atomorum
385 4114 435 4157 on.
453 4098 485 4160 Α»
908 4183 965 4254 Β.
