2904 4692
651 427 692 492 63

548 745 552 754 ,
648 666 697 737 u.

248 807 392 872 Addimus
424 827 544 892 quoque
576 815 606 871 et
637 808 778 876 dicimus:
811 812 885 878 Fiat
910 815 1057 879 noluntas
1087 825 1140 879 tea
1158 816 1183 894 ¹)

162 924 196 985 in
220 923 309 986 caelo
332 929 362 983 et
383 922 418 982 in
442 930 546 1000 terra,
578 931 693 1000 nonut
716 923 790 989 deus
809 925 902 990 leniet
925 929 1004 1010 quod
1029 929 1107 1008 vult,
1129 929 1183 992 sed

162 1043 194 1098 ut
216 1052 274 1098 nos
297 1015 571 1120 lecere'possitnuo
595 1036 681 1116 quod·
700 1037 774 1102 deus
797 1040 869 1104 vult.
906 1037 981 1104 Nom
999 1043 1057 1106 deo
1070 1040 1097 1120 ²)
1117 1045 1183 1123 quis

162 1149 279 1212 obsistit
302 1164 363 1229 quo
387 1149 483 1212 tutinus
507 1149 587 1229 quod
611 1150 682 1212 velit
706 1151 827 1218 lucioli,
864 1154 923 1218 Sed
952 1159 1020 1237 quiin
1050 1157 1137 1220 nobis
1167 1175 1183 1218 a

162 1261 280 1324 diabolo
297 1257 324 1334 3)
349 1261 512 1341 obsistitur,
539 1279 599 1341 quo
622 1263 718 1326 tutinus
735 1283 798 1345 ,per
821 1269 919 1328 omniu
942 1276 1047 1330 noster
1069 1269 1184 1330 enimus

162 1380 251 1454 etque
273 1380 357 1436 aetus
381 1373 438 1436 deo
462 1374 656 1454 obsequatur,
681 1393 800 1438 oremus
825 1385 854 1438 et
876 1379 1003 1459 petimus
1027 1387 1058 1442 ut
1082 1379 1130 1442 liet
1153 1382 1183 1443 in

162 1487 248 1550 nobis
272 1486 409 1550 voluntas
435 1479 492 1548 dei.
537 1487 621 1561 Quae
652 1493 683 1551 ut
712 1487 763 1552 liel
791 1491 822 1554 in
853 1491 939 1554 nobis
956 1489 1002 1571 ⁴),
1039 1510 1115 1576 opus
1138 1502 1184 1558 est

230 1697 272 1781 Xl.
312 1729 340 1793 l)
366 1727 446 1782 Omiei
473 1733 545 1784 &out
568 1730 716 1783 noetorlbne
740 1731 810 1785 libris
830 1732 888 1785 Ver.
914 1732 941 1786 C.
963 1732 1002 1786 W.
1028 1733 1094 1787 llnb.
1121 1735 1184 1805 Bnb,

162 1817 261 1870 duobne
279 1817 401 1886 unguen,
421 1816 537 1869 omnibus
555 1832 596 1883 ep.
617 1821 798 1888 annuntium
816 1827 904 1871 contre
924 1820 987 1872 duee
1007 1822 1081 1889 epist.
1095 1820 1183 1893 Peleg.

74 1933 79 1940 ·
161 1903 201 1956 tv,
222 1904 246 1954 9.
273 1907 298 1970 §-
316 1903 359 1954 25.
384 1903 411 1954 t.
430 1904 459 1956 x.
480 1921 504 1973 p.
524 1905 583 1956 ⁴83.
603 1905 649 1970 Ε.,
678 1907 737 1957 item
757 1906 888 1959 codicibus
906 1907 946 1960 W.
966 1908 1023 1960 lllbe
1043 1917 1070 1961 et
1088 1909 1123 1962 Be
1144 1928 1183 1980 op.

162 1993 243 2059 ipsum
264 1993 426 2062 cyprianum
445 1991 475 2043 ed
496 1991 593 2056 Quirin.
613 1991 654 2043 ltt.
677 1992 717 2042 19.
738 2009 764 2060 p.
783 1991 842 2044 ott.
880 1993 984 2062 legitur
1001 1997 1089 2060 eleut,
1117 1997 1185 2064 quod

163 2092 215 2128 er.
237 2093 269 2128 m.
288 2080 483 2146 superscriptum
504 2086 543 2130 eet
568 2081 592 2131 in
612 2077 667 2144 lle,
696 2094 736 2147 ep.
757 2084 895 2150 detquetin.
915 2081 947 2131 de
966 2081 1094 2149 praedest.
1115 2083 1182 2135 Seu·

161 2173 256 2217 ntorum
270 2163 334 2216 Vlll.
353 2166 391 2218 15.
411 2165 440 2218 Τ.
453 2183 476 2217 c.
496 2183 520 2233 p.
536 2165 596 2220 800.
609 2165 638 2219 F.
658 2175 684 2218 et
698 2167 730 2217 ed
744 2166 851 2221 Vituldut
866 2169 938 2235 epist.
953 2165 1137 2239 ccxvtt.,0ap.
1150 2169 1182 2223 ll.

161 2255 185 2318 ς.
199 2252 225 2302 6.
245 2249 273 2304 Τ.
287 2250 317 2302 ΙΙ.
337 2268 362 2319 p.
376 2251 437 2302 oot.
452 2249 539 2302 c-o.
576 2249 694 2303 Ceterum
713 2253 810 2319 optime
829 2251 1008 2317 boulanium,
1035 2269 1101 2322 quoe
1120 2261 1181 2310 Au·
1219 2268 1221 2272 ’

160 2341 288 2409 nuatione
307 2339 339 2390 de
357 2338 425 2390 dono
446 2353 576 2406 persever.
602 2355 657 2406 cop.
676 2337 718 2389 lll.
739 2340 807 2402 init,
835 2339 877 2390 ubi
904 2338 966 2390 bueo
992 2347 1067 2391 sunt:
1097 2340 1181 2393 'lentie
1270 2329 1286 2339 ’

161 2426 251 2492 petitio
277 2433 332 2478 eet:
361 2429 421 2479 Fiat
439 2429 564 2480 voluntate
583 2438 629 2480 tua
647 2431 677 2479 in
695 2430 766 2480 oudo
785 2436 808 2479 et
827 2431 854 2479 in
874 2437 961 2491 terra,
989 2438 1181 2480 commemoret.

162 2510 253 2577 „vete
282 2514 377 2580 inquit,
406 2513 491 2581 „quod
516 2514 541 2564 in
567 2507 695 2582 plerisque
720 2512 852 2588 codicibus
878 2513 970 2582 legitur
994 2515 1125 2582 magisque
1150 2515 1181 2566 eb
1245 2506 1250 2519 ’

162 2599 293 2652 urentibus
319 2600 508 2669 frequentatur,
537 2605 609 2656 eleut
628 2605 655 2653 in
675 2605 748 2655 eaelo
766 2610 790 2654 et
808 2605 837 2654 in
855 2611 943 2667 lma,
959 2602 1040 2671 ¹quod
1065 2602 1182 2672 plerique

162 2683 322 2753 intelligunt,
349 2688 423 2738 sicuti
446 2688 528 2740 suncti
554 2687 653 2755 augeli,
681 2695 707 2738 et
725 2701 772 2738 noe
792 2686 913 2738 lactemus
931 2687 1086 2741 voluntatem
1104 2696 1182 2740 tuem.

162 2768 221 2820 Vult
241 2779 325 2823 eutem
345 2773 388 2822 illo
408 2773 498 2823 doctor
517 2781 543 2824 et
561 2782 656 2838 martyr
673 2773 737 2840 (uid.
758 2789 812 2839 cup.
833 2772 899 2840 Xll.)
925 2775 1023 2826 coelum
1044 2783 1070 2825 et
1087 2783 1181 2826 terrem

163 2855 269 2923 intelligi
288 2859 403 2924 spiritum
421 2867 448 2910 et
466 2874 583 2920 curnem,
613 2867 638 2908 et
656 2857 705 2908 hoc
723 2871 771 2908 noo
790 2873 880 2922 orere,
908 2868 935 2909 ut
959 2860 1115 2911 voluntatem
1140 2862 1181 2912 dei

162 2957 191 2994 re
215 2951 324 3012 utreque
348 2944 518 2995 eoneoidente
543 2943 671 2994 faciemus.
710 2943 779 2993 Vidit
802 2945 827 2994 in
853 2943 891 2995 bie
916 2944 1000 2996 verbio
1026 2954 1052 2995 et
1076 2946 1181 2998 alterum

162 3047 264 3083 monum
283 3031 430 3082 senissimae
448 3030 508 3081 lldei
526 3037 719 3096 congruentem,
737 3037 765 3080 ut
783 3028 883 3080 seilicet
902 3045 948 3098 pro
967 3029 1119 3094 infidelibus,
1139 3033 1183 3099 qui

163 3127 221 3170 eunt
244 3118 326 3169 edituo
350 3125 433 3180 terro,
463 3125 589 3166 terrenum
611 3124 704 3166 tuntum
724 3116 850 3167 bominem
870 3119 948 3184 prime
968 3117 1100 3168 nativitate
1118 3133 1181 3185 por-

163 3215 262 3271 tentes,
288 3221 363 3258 orere
388 3202 562 3271 intelligentur
587 3203 693 3268 fideles,
722 3205 764 3273 qul
790 3203 893 3255 oeeleeti
912 3203 1013 3254 homine
1034 3204 1112 3254 induti
1131 3219 1182 3254 non

163 3294 287 3344 immerito
306 3291 370 3342 coeli
391 3289 493 3340 nomine
512 3297 695 3355 nuncupentur.
733 3287 781 3340 Ubi
802 3290 935 3341 evidenter
954 3289 1066 3341 ostendit
1084 3298 1111 3340 et
1130 3291 1181 3340 iui-

163 3381 224 3430 tium
243 3380 302 3431 lidei
321 3395 378 3430 enee
397 3378 491 3428 donum
511 3376 569 3440 dei,
597 3375 699 3444 quando
718 3392 768 3428 non
788 3384 883 3427 tentum
903 3391 949 3442 pro
969 3375 1127 3440 infidelibus,
1156 3385 1182 3427 nt

164 3472 287 3532 meatur
305 3467 328 3515 in
349 3466 385 3514 eie
405 3463 446 3515 vol
465 3471 615 3532 perseveret
638 3463 715 3528 liden,
742 3478 831 3515 verum
856 3465 931 3513 etiem
956 3478 1002 3530 pro
1028 3461 1181 3527 infidelibus,

164 3561 189 3602 ut
215 3552 310 3602 bebere
335 3553 456 3618 incipiunt
481 3567 552 3616 eene,
581 3567 652 3618 quum
678 3552 780 3618 penitus
804 3565 853 3602 non
879 3548 1022 3613 hebebant,
1051 3557 1076 3599 et
1094 3557 1182 3599 contre

164 3654 239 3707 quom
259 3639 335 3689 cordo
355 3641 458 3705 insuper
476 3639 576 3690 inimice
595 3637 740 3705 gestabunt,
760 3645 846 3689 teneto
867 3644 923 3688 oret
942 3636 1085 3687 Eccleoin.“
1104 3665 1135 3673 -
1155 3635 1182 3686 ln

165 3737 235 3792 seqq.
260 3743 409 3794 possumne
434 3729 502 3794 quod
524 3728 587 3778 nolit
604 3728 687 3792 faeiat
706 3723 849 3788 (intermed.
871 3726 933 3786 om.)
954 3724 983 3773 Α.
1029 3722 1057 3784 2)
1077 3725 1183 3775 domiuo

165 3808 211 3862 llb.
257 3812 285 3876 3)
305 3831 321 3866 a
340 3815 437 3866 seluto
457 3810 491 3863 Bo
510 3819 536 3862 et
555 3811 620 3861 blod.
658 3809 773 3861 Proxime
798 3825 821 3860 v.
848 3814 955 3863 undenus
978 3809 1008 3860 ul,
1033 3825 1056 3858 m
1090 3823 1182 3874 super-

165 3900 265 3965 scripsit
290 3901 316 3950 iu
334 3898 373 3950 W.
411 3897 472 3950 Tum
498 3909 523 3954 ot
548 3913 594 3965 pro
620 3907 696 3965 atque
721 3897 764 3947 dut
788 3895 834 3948 Bb.
872 3895 920 3947 Pro
944 3904 1021 3948 noluo
1043 3893 1082 3943 lle
1106 3892 1184 3944 hebet
1259 3892 1269 3900 '

164 3987 298 4039 nolemus.
336 3986 365 4048 l)
385 3989 414 4039 in
432 3989 510 4040 nolio
528 4001 578 4036 om.
597 3985 627 4036 Α.
665 3983 884 4050 Praepoeitionem
904 3996 968 4032 nour.
989 3995 1021 4032 m.
1041 3994 1115 4046 nupto
1132 3978 1182 4064 ed-
