2868 4700
136 585 196 650 mis
218 585 341 668 spiritus
371 595 491 656 sancus
512 591 658 661 sedentes
679 597 710 660 in
739 601 927 682 pestilentiae
956 607 1096 674 cetbedrn
1108 607 1157 694 ¹²),

137 708 243 782 pestes
266 707 297 766 et
324 702 390 770 lues
419 704 506 787 ddei,
538 713 687 791 serpentis
717 729 772 777 cre
799 715 936 807 salientes
958 724 988 782 et
1016 739 1156 788 corrum-

137 815 258 897 pendae
279 818 411 884 veritatis
433 819 579 904 artifices,
602 841 720 890 venena
742 829 840 896 letalis
861 831 972 916 linguis
1004 837 1155 919 pestiferis

138 934 332 994 evomentes:
362 949 488 1012 quorum
511 951 612 1000 sermo
639 944 672 1001 nt
685 935 723 1016 ¹³)
752 958 861 1006 cancer
888 947 998 1030 serpit,
1028 969 1155 1032 quorum

110 1046 282 1106 etractatcs
305 1044 479 1125 pectoribus
502 1051 532 1108 et
553 1047 694 1112 cordibus
715 1052 902 1136 singulorum
925 1061 1050 1124 mortale
1071 1065 1154 1128 virus

137 1151 274 1216 infundit
312 1153 424 1220 contra
446 1157 593 1222 eiusmodi
615 1160 721 1225 clamat
735 1163 890 1248 dominus,
910 1170 947 1233 ab
963 1171 1008 1236 bis
1023 1175 1155 1242 refrenat

137 1274 168 1332 et
195 1274 321 1332 revocat
357 1279 507 1336 errantem
536 1273 654 1356 plebem
688 1279 823 1361 suam¹⁴)
852 1282 955 1348 dicens
968 1283 1023 1366 ¹⁵):
1052 1291 1155 1356 Notite

136 1385 251 1452 codiee
278 1404 433 1450 semones
460 1388 811 1475 pseudoprophetarum,
845 1401 989 1478 quonium
1019 1403 1155 1469 Mones

135 1499 241 1564 cordis
262 1519 365 1566 emam
383 1503 577 1583 frenantur
599 1523 659 1568 cos.
703 1507 922 1592 Locooturffi),
945 1517 1002 1580 sed
1022 1537 1086 1580 aee
1110 1521 1149 1584 ab

97 1621 124 1666 ¹⁰
135 1631 192 1678 ore
205 1615 329 1680 demissi.
364 1617 481 1680 Dicunt
500 1619 546 1680 eis
567 1620 621 1700 pus'
641 1619 779 1686 odicium
799 1625 923 1690 cedma
945 1624 1063 1709 dci¹⁷):
1084 1633 1152 1698 Poe

136 1730 196 1792 erit
215 1729 303 1794 cobis
317 1736 348 1793 ct
359 1730 498 1795 manibus
512 1731 738 1799 mstotoooeoa
747 1731 789 1815 18)
804 1739 837 1802 ia
851 1742 1057 1809 voluntatibus
1076 1749 1151 1812 anic.

136 1837 293 1921 oensem)
314 1845 368 1926 qui
396 1844 585 1909 meantia
609 1866 714 1912 errore
743 1853 847 1917 cordis
868 1857 918 1918 coi
939 1877 1002 1921 oon
1030 1861 1154 1925 oeoieot

207 2079 255 2148 12)
271 2084 420 2136 mtbedrem
433 2081 471 2134 tta
488 2091 515 2136 et
532 2099 570 2152 pr.
582 2083 623 2138 W.
654 2085 713 2140 iios
731 2099 868 2156 senentes
887 2089 916 2144 Α.
948 2090 1010 2143 Tum
1027 2096 1151 2164 fatientes

133 2186 157 2222 c.
174 2168 244 2222 linea
262 2169 388 2222 subducta
407 2178 433 2222 et
449 2174 621 2240 superscripto
639 2189 665 2226 v.
682 2181 819 2244 patrantes
834 2175 884 2228 ttb.
913 2175 1011 2231 Vitiosa
1023 2198 1150 2236 comm-

132 2259 217 2326 psnda
234 2253 280 2307 ba,
315 2255 382 2309 Dein
399 2260 504 2313 loetalia
522 2257 569 2312 Bb.
612 2258 656 2325 13)
681 2270 706 2314 et
730 2279 825 2316 cancer
842 2261 880 2314 Bb
905 2272 932 2317 et
955 2281 994 2334 pr.
1012 2267 1060 2320 Mc.
1095 2269 1150 2322 Re·

135 2327 217 2410 spcxit
235 2341 329 2396 Noster
346 2344 370 2396 2.
390 2345 495 2397 Timoth.
514 2345 540 2412 2,
561 2345 601 2398 tr.
637 2345 753 2400 Proxime
772 2360 909 2405 contactus
929 2351 969 2418 Α,
996 2363 1083 2410 tectus
1107 2355 1149 2409 ed.

136 2428 242 2495 bianut.;
269 2431 295 2483 in
319 2447 398 2500 marg.
417 2439 501 2482 antem
520 2430 630 2501 Gotting.
649 2435 800 2503 exemplaris
818 2438 856 2489 rir
874 2437 939 2492 doct.
960 2443 1069 2493 correxit
1088 2451 1149 2498 tro-

135 2527 230 2572 etatuss.
259 2516 296 2570 lta
314 2525 422 2571 testante
441 2534 472 2570 ac
489 2518 613 2586 probante
631 2524 746 2592 utpotae
765 2521 919 2590 (Observatt
940 2543 965 2594 p.
981 2526 1043 2594 165)
1062 2529 1151 2581 scribit

133 2603 203 2670 Ven,
222 2620 333 2673 quocum
352 2607 497 2674 conspirant
509 2607 586 2658 etiam
598 2607 639 2660 W.
652 2608 751 2662 biabcd.
765 2619 791 2662 et
803 2607 866 2676 Bab,
885 2612 999 2683 hancque
1012 2613 1149 2668 lectionem

132 2691 243 2742 mnndi
259 2689 394 2756 Boionius,
418 2692 555 2744 adnotans:
582 2693 682 2760 „Antea
707 2695 841 2765 legebatur
863 2707 967 2754 tractos
990 2702 1016 2752 in
1040 2703 1148 2772 antiquis

132 2777 296 2837 aditionibus.
340 2779 488 2832 Remboltus
515 2780 594 2833 edidit
621 2793 717 2838 tactus.
761 2783 832 2847 Quae
859 2785 936 2838 lectio
962 2790 1042 2858 magis
1067 2791 1148 2842 arrisit

131 2864 249 2932 humo,
268 2863 405 2936 [Gravic],
423 2867 553 2934 Munatio,
571 2867 683 2922 Pameiio
702 2879 729 2923 et
746 2871 872 2942 Rigaltio,
890 2874 1004 2942 sednon
1022 2875 1147 2943 morellio,

131 2957 174 3024 qui
193 2955 278 3022 posuit
296 2963 433 3008 tractatus.
471 2952 544 3017 Duae
564 2964 603 3008 est
620 2973 681 3010 vera
699 2959 785 3024 lectio,
804 2975 878 3028 quarn
897 2961 1043 3014 confirmant
1062 2962 1147 3016 xxti.

130 3041 190 3094 iibri
207 3043 287 3094 nostri
305 3049 332 3094 at
350 3040 439 3093 decem
457 3039 599 3110 duplicant,
617 3051 668 3096 tunt
687 3047 764 3097 etiam
782 3046 858 3098 editio
876 3047 974 3100 Veneta
993 3051 1051 3100 anni
1071 3049 1146 3104 1547.

131 3128 203 3180 Hanc
227 3143 291 3180 vero
315 3127 452 3180 lectionem
476 3133 608 3183 tamenetsi
627 3131 750 3200 Rigaitius
771 3149 821 3185 non
840 3137 953 3202 posuerit
970 3137 997 3188 in
1015 3145 1146 3206 contentu,

131 3219 168 3269 nit
190 3225 276 3268 umen
299 3217 326 3268 in
349 3215 570 3270 observationibus
593 3221 646 3271 suis
670 3220 706 3272 ita
729 3217 808 3272 scribi
832 3223 933 3273 omnino
951 3223 1055 3276 debere.
1090 3224 1147 3278 Hoc

131 3304 252 3356 indicium
277 3311 364 3355 secuta
383 3313 422 3358 est
440 3304 518 3359 editio
537 3305 703 3376 Angiicnna.“
739 3308 806 3360 Dein
824 3297 1080 3379 pectoris'mendcse
1098 3311 1145 3368 Db.

132 3395 179 3464 11)
194 3395 296 3464 plebem
313 3408 393 3446 suom
411 3403 541 3448 montem
552 3393 603 3445 tib.
640 3395 687 3464 15)
704 3395 813 3450 Hierem.
827 3395 869 3462 23,
883 3396 993 3452 16-17.
1030 3400 1073 3465 16)
1085 3403 1145 3455 Lo-

131 3492 229 3538 ease
245 3479 286 3535 w.
306 3488 332 3532 e
348 3479 396 3534 nn,
428 3481 484 3534 vu.
498 3468 536 3536 ‘an
555 3481 616 3551 cap.
634 3483 686 3536 xx.
716 3501 741 3537 n.
761 3484 786 3538 e.
821 3485 927 3538 neunt
952 3493 1021 3543 earm
1044 3491 1070 3539 n
1095 3488 1145 3542 nn.

131 3571 177 3636 17)
195 3570 296 3624 Verba:
316 3573 416 3626 Dicunt
430 3573 482 3636 cic,
501 3574 546 3640 pos·
558 3575 674 3628 obiciunt
684 3577 794 3628 emtum
805 3577 856 3639 dci,
875 3575 1049 3627 desiderantur
1060 3577 1085 3624 in
1096 3573 1144 3626 Bb.

129 3657 180 3711 Pro
203 3660 246 3714 stoi
263 3656 323 3710 Ver.
343 3659 366 3711 1.
389 3666 416 3709 et
437 3657 461 3710 t
484 3657 604 3711 exhibent
627 3661 734 3714 domini.
775 3662 820 3727 18)
847 3661 927 3715 Deest
949 3663 1144 3716 ambulantibus

130 3749 156 3800 in
173 3746 204 3800 tt
242 3746 289 3812 19)
307 3747 386 3802 Omni
402 3744 463 3798 Ver.
482 3745 523 3800 bid
542 3756 569 3799 et
585 3747 618 3812 A,
638 3752 774 3818 omnibus,
795 3751 841 3819 psat
858 3752 991 3804 ambolant
1007 3745 1046 3798 Bb
1066 3754 1093 3797 et
1111 3763 1143 3799 ex

131 3841 216 3887 mutat.
236 3849 258 3887 r.
279 3849 311 3886 m.
330 3832 381 3898 tit,
400 3851 490 3888 omnes
509 3838 554 3904 poi
572 3839 705 3891 ambolant
723 3838 763 3889 ed.
782 3835 903 3889 Daventr.
939 3833 1012 3897 Quod
1030 3835 1144 3901 sequitur

129 3923 158 3976 ts
175 3937 225 3975 om.
244 3919 330 3973 biabd.
365 3918 424 3972 btox
441 3936 523 3990 super
541 3939 586 3976 cos
611 3922 656 3986 (os
680 3924 706 3974 in
729 3939 777 3976 ras.
799 3922 894 3992 posito)
916 3921 958 3972 dnt
974 3920 1030 3985 Mb,
1058 3937 1143 3990 copes·

129 4017 153 4064 te
169 4007 286 4062 scribunt
304 4006 364 4061 Ver.
382 4007 423 4060 W.
442 4007 522 4062 biccd.
541 4007 603 4061 Brab.
622 4011 652 4063 A.
