2868 4700
490 355 742 474 '⁸'4

224 564 315 651 plicas
339 574 368 632 et
384 565 411 650 4)
435 576 620 636 tamencum
643 569 827 652 simplicitate
850 569 1027 652 prudentes,
1055 569 1126 652 qnid
1147 569 1234 652 aliud,
1280 543 1283 552 ’

225 683 334 747 fraires
357 684 552 764 dilectissimi,
587 702 673 765 quarn
702 683 862 764 providere
892 701 947 746 nos
965 681 990 760 5)
1019 687 1174 766 convenit,
1205 692 1235 748 et

225 799 351 862 sollicito
374 800 466 863 corde
490 800 647 882 vigilantes
671 798 787 861 subdoli
809 798 902 861 hostis
924 799 1044 862 insidias
1061 800 1234 883 intellegere

223 915 334 995 paritor
358 921 387 976 at
410 934 528 992 cavere,
551 934 589 977 ne
613 916 662 995 qui
686 913 842 992 Christum,
865 914 1038 994 sapientiam
1063 913 1111 976 dei
1134 914 1234 996 patris,

197 1024 430 1108 sinduimus⁶),
463 1031 559 1092 minus
591 1046 698 1110 sapere
729 1029 757 1090 in
789 1027 899 1092 tuenda
930 1028 1026 1090 salute
1057 1028 1234 1090 videamur?

222 1143 327 1222 Neque
353 1142 429 1206 enim
451 1145 621 1226 persecutio
646 1144 709 1206 sola
732 1143 889 1205 metuenda
913 1151 959 1204 εει
977 1138 1011 1222 7),
1036 1147 1066 1206 ει
1089 1161 1133 1219 εε,
1158 1159 1234 1222 quae

223 1257 400 1320 subruendis
429 1277 463 1321 ac
493 1258 655 1323 deiciendis
685 1258 734 1321 dei
763 1260 860 1322 servis
891 1265 993 1340 aperta
1021 1257 1234 1340 inpugnatione

222 1376 404 1451 grassantur.
449 1370 577 1434 Facilior
607 1372 703 1434 cautio
735 1378 781 1433 est
808 1371 858 1433 ubi
886 1365 1083 1448 manifestass)
1106 1369 1258 1434 formido.

223 1491 284 1562 est,
308 1490 337 1546 at
359 1483 396 1546 ad
417 1491 568 1549 certarnen
591 1485 704 1547 animus
727 1491 794 1547 ante
817 1485 1027 1565 praestruitur,
1058 1483 1175 1565 quando
1198 1501 1233 1546 se

183 1615 208 1657 ro
222 1596 412 1660 adversarius
425 1599 580 1661 confitetur
589 1594 626 1677 ⁹),
655 1599 724 1662 Plus
737 1598 912 1662 metuendus
925 1606 970 1662 est
986 1607 1016 1662 ει
1027 1597 1182 1661 cavendus
1196 1591 1232 1673 ¹⁰)
1245 1589 1257 1616 ‘

150 1773 153 1782 ,
217 1713 365 1790 inimicus,
390 1730 455 1774 cum
472 1709 508 1784 ¹¹)
529 1710 656 1774 latenter
676 1711 802 1792 obrepit,
826 1730 891 1774 cum
906 1730 962 1793 per
977 1712 1059 1793 pacis
1075 1711 1232 1793 imaginem

222 1823 328 1885 fallens
354 1825 476 1887 occultis
500 1826 670 1888 accessibus
692 1825 794 1905 serpit,
817 1825 897 1889 unde
917 1831 946 1887 et
961 1843 1068 1889 nornen
1084 1824 1231 1905 serpentis

221 1939 344 2018 accepit.
388 1937 431 1999 Ea
453 1944 499 2000 est
521 1938 584 2000 eius
607 1954 725 2018 semper
750 1938 853 2000 astutia
871 1934 929 2016 Η),
964 1956 998 1998 ea
1029 1941 1074 1999 εει
1101 1937 1231 1998 circum-

221 2048 360 2111 veniendi
383 2049 508 2112 hominis
531 2068 620 2112 caeca
643 2057 673 2112 ει
695 2050 843 2113 latebrosa
866 2049 987 2112 fallacia.
1026 2048 1074 2114 Sic
1093 2050 1129 2111 ab
1148 2049 1229 2112 initio

180 2181 205 2224 aa
220 2165 315 2226 statim
337 2161 437 2226 mundi
459 2160 574 2241 fefellit,
597 2169 627 2224 ει
649 2156 763 2248 verlbis
786 2160 975 2225 mendacibus
999 2161 1153 2224 blandiens
1174 2179 1229 2222 ru-
1244 2165 1282 2210 ¹⁹4

219 2363 382 2415 εεεεεεεΑ.
419 2361 447 2425 4)
461 2371 484 2414 ει
496 2377 544 2412 om.
558 2360 604 2411 bia.
632 2359 680 2410 Pro
700 2369 784 2414 tumen
803 2358 919 2411 scribitur
937 2369 1036 2415 tuntum
1055 2360 1143 2413 inbld.
1173 2359 1231 2412 Mox

217 2451 358 2517 prudentia
377 2449 402 2498 in
415 2449 445 2499 Α,
483 2448 510 2511 5)
530 2466 579 2500 vos
592 2447 630 2497 Aa
658 2446 686 2510 6)
705 2446 743 2497 Ιιε
755 2447 812 2498 Ver.
831 2446 893 2499 Bab.
912 2455 938 2498 et
958 2463 989 2498 ex
1010 2448 1143 2499 duodecim
1160 2447 1230 2498 libris

219 2533 276 2584 Mes.
290 2542 366 2600 alque
380 2549 429 2584 uno
442 2533 563 2583 Vossiano
573 2531 699 2599 baluzius,
712 2536 848 2587 induimur
856 2533 895 2584 W.
909 2533 998 2584 biabcd
1012 2551 1067 2585 curn
1081 2534 1138 2585 edd.
1149 2531 1228 2583 Balu-

219 2607 316 2670 z'ianum
330 2620 549 2684 antecedentibus,
567 2623 707 2673 induimini
719 2621 750 2670 Α.
782 2619 842 2671 Turn
862 2631 885 2674 ει
896 2624 1020 2674 illinenda
1032 2624 1118 2674 salute
1129 2635 1167 2686 pr.
1180 2617 1229 2669 Mb.

219 2706 280 2758 Post
292 2723 365 2772 vero,
384 2723 454 2758 erasa
467 2708 555 2774 partic.
570 2717 602 2775 ct,
623 2723 699 2774 supra
711 2707 752 2759 lin.
765 2711 884 2776 scriptum
897 2717 934 2760 est
947 2711 983 2762 da.
1015 2710 1141 2761 intuenda
1153 2704 1230 2756 babet

221 2795 296 2845 etiarn
315 2793 362 2846 bic.
392 2793 458 2844 Dein
476 2797 613 2849 uideamur
630 2793 660 2846 A.
698 2795 726 2863 7)
744 2799 880 2849 metuenda
898 2806 937 2849 est
954 2799 978 2848 ci
995 2794 1045 2847 bib.
1075 2793 1188 2844 Proxime
1207 2800 1231 2844 et

220 2886 346 2936 eiciendis
356 2881 402 2934 ab.
428 2882 532 2935 Inversa
546 2884 632 2935 ordine
645 2888 734 2938 eorvis
747 2888 789 2938 dei
798 2885 837 2936 W.
848 2883 926 2935 Mabc.
937 2883 999 2935 bah.
1008 2885 1038 2936 Α.
1066 2882 1127 2933 Tum
1140 2890 1231 2952 apertu

220 2973 399 3040 indignatione
410 2971 459 3024 Mb.
495 2971 564 3022 ldem
580 2973 660 3040 primo
672 2982 823 3042 puniantur,
844 2971 911 3040 quod
923 2987 1056 3039 perperam
1068 2969 1187 3022 exhibent
1198 2967 1230 3017 W
1291 2977 1292 2986 ¹

222 3065 248 3107 et
258 3056 327 3120 blac;
342 3071 483 3114 crassatur
492 3057 536 3110 Ba.
549 3059 595 3142 ι8)
605 3062 772 3128 manifestior
784 3058 824 3109 ed.
835 3058 927 3109 blanut.
952 3057 1066 3110 Correxit
1078 3059 1115 3108 vir
1127 3056 1192 3107 doct.
1204 3055 1229 3104 in

222 3144 331 3213 Gotting.
351 3146 458 3213 exempl.
477 3150 624 3217 manifesto.
659 3146 717 3197 Mox
729 3146 786 3202 nod.
799 3145 904 3196 Vindob.
919 3161 993 3212 supra
1007 3147 1047 3196 cit.
1059 3145 1240 3214 prostituitur·

221 3231 344 3297 probante
356 3236 474 3287 Deniaio.
511 3233 539 3299 9)
560 3237 767 3303 adversamini
788 3239 923 3303 confitetur
934 3234 983 3298 lla,
1001 3238 1136 3302 profitetur
1147 3228 1187 3279 Mb
1204 3235 1230 3278 el

221 3315 315 3369 Pamel.
347 3318 398 3370 Sed
411 3319 461 3372 vid.
475 3319 613 3374 Gronov.
626 3319 767 3372 Observatt.
781 3320 822 3372 lll.
835 3321 876 3372 24.
890 3338 914 3388 p.
924 3319 982 3372 323.
996 3320 1036 3371 ed.
1049 3319 1069 3370 F
1070 3316 1191 3370 rotscber.
1204 3321 1230 3364 et

221 3403 330 3456 Baluz.
348 3405 404 3458 Not.
424 3424 448 3475 p.
463 3406 520 3458 544.
559 3405 603 3472 10)
623 3411 756 3461 acumine
774 3418 814 3462 εει
831 3418 855 3462 ει
873 3411 1003 3462 limandus
1021 3406 1051 3457 Α.
1086 3406 1230 3459 ll'r'manalue

223 3491 282 3542 dant
306 3493 379 3542 etiam
399 3491 438 3544 W.
462 3491 543 3543 Mubc.
568 3501 593 3544 et
616 3490 678 3544 Bab.
714 3496 766 3548 liet
789 3510 805 3544 a
827 3510 847 3546 r.
866 3511 898 3568 m,
920 3497 985 3546 inter
1002 3510 1068 3546 vers.
1088 3490 1164 3542 babet
1182 3489 1231 3541 bio.

224 3578 268 3646 11]
293 3573 341 3648 pafo
366 3608 398 3618 -
422 3573 470 3648 ᾳιῖο
495 3579 510 3630 i.
531 3595 553 3630 e.
578 3584 699 3648 quonium
719 3609 750 3618 -
769 3585 890 3649 quoniam
908 3597 954 3648 pro
974 3599 1034 3635 cum
1050 3609 1084 3618 —
1103 3597 1176 3647 cunr,
1203 3585 1231 3628 ut

222 3668 324 3732 passim,
342 3664 372 3717 A.
408 3664 447 3716 De
465 3666 514 3716 hoc
533 3667 684 3733 compendio
702 3667 753 3718 vid.
766 3666 916 3719 Wunder.
935 3667 1006 3720 Varr.
1018 3665 1096 3719 Lecti.
1109 3667 1134 3718 in
1147 3665 1228 3717 Cicer.

224 3769 256 3803 ex
268 3753 324 3803 cod.
338 3751 432 3803 Erfurt.
446 3761 513 3805 enot.
529 3769 554 3820 p.
567 3752 661 3805 XCVII.
674 3769 727 3822 seq.
757 3753 836 3805 Paulo
852 3762 909 3821 post
928 3757 1022 3824 accipit
1039 3752 1086 3805 Bt.
1123 3752 1168 3818 12)
1187 3755 1230 3806 Idu

224 3856 272 3909 qua
290 3857 393 3908 comper
410 3851 449 3894 εει
466 3846 570 3895 astucia
588 3841 650 3910 (sic)
669 3840 706 3908 A,
734 3859 836 3911 semper
853 3846 913 3897 eins
930 3841 986 3906 bib,
1013 3845 1072 3896 ciue
1094 3855 1196 3909 semper
1214 3854 1229 3890 a

224 3941 288 3978 corr.
302 3926 349 3978 Ma.
380 3927 478 3983 Deinde
492 3933 728 3985 circumveniendis
740 3934 888 3986 bominibus
902 3945 965 3982 unus
977 3935 1027 3981 vat.
1040 3928 1105 3979 liber
1117 3925 1230 3980 Colbert.

225 4029 247 4066 c.
265 4013 362 4068 duobus
380 4013 454 4086 Angl.
489 4017 548 4070 Mox
563 4022 702 4074 tenebrosa
719 4033 783 4070 unus
801 4018 859 4072 cod.
876 4033 930 4088 reg.
949 4023 976 4070 at
991 4031 1056 4068 unus
1072 4013 1147 4082 Aegl.
