2880 4696
704 395 768 464 134

226 565 330 620 mouet
352 558 386 620 iu
408 565 574 622 aetenum.
613 555 745 619 Aeterna
767 557 860 640 igitur
882 563 913 619 et
935 556 1033 620 divina
1051 555 1246 638 sectanda¹⁰)

227 679 296 734 sunt
319 677 347 734 et
370 673 468 734 omnia
492 671 528 734 de
552 672 600 735 dei
622 671 774 734 voluntate
798 671 935 734 iacienda
957 681 1044 754 sunt,
1078 681 1111 738 ut
1135 673 1246 740 domini

226 786 322 848 nostri
352 786 480 868 vestigia
515 792 545 848 et
579 786 749 868 magisterio
785 792 952 864 sectemur,
987 787 1037 868 qui
1071 790 1185 852 monuit
1218 795 1248 852 et

228 898 302 962 dixit
318 897 375 977 ¹¹):
408 901 480 963 Nou
514 900 661 963 descendi
684 900 722 960 de
745 901 841 977 caelo,
864 907 900 962 ut
918 901 1036 982 foca'om
1058 903 1247 965 uoluntatem

201 1028 324 1075 omeom
343 1010 400 1090 ¹²),
432 1015 489 1076 sed
511 1015 697 1076 voluntalem
719 1015 804 1090 eius,
828 1015 882 1095 qui
905 1033 951 1076 me
974 1015 1065 1078 misit.
1112 1016 1199 1090 Quod
1222 1020 1248 1080 si

228 1146 290 1190 non
314 1134 360 1188 est
382 1130 476 1190 maior
501 1128 620 1190 domin'o
645 1146 701 1190 suo
722 1123 760 1202 13)
783 1146 907 1208 servus,
933 1136 963 1191 et
985 1131 1137 1192 liberatori
1161 1129 1249 1193 debet

229 1241 405 1320 obsequium
428 1241 579 1319 liberatus,
603 1242 653 1321 qui
676 1257 746 1303 esse
762 1242 896 1322 cupimus
912 1241 1078 1322 Christiani,
1103 1243 1247 1308 debemus

229 1355 310 1436 quod
334 1354 468 1418 Christus
492 1355 566 1417 dixit
581 1351 622 1431 ¹⁴)
645 1356 760 1417 imitari.
798 1355 943 1437 Scriptum
965 1362 1011 1420 est
1022 1354 1064 1437 ¹⁵)
1088 1364 1118 1419 et
1139 1359 1250 1442 legitur

177 1541 186 1556 ⁹
230 1476 259 1532 et
282 1470 399 1532 auditur
423 1469 505 1530 etin
529 1469 696 1550 exemplum
723 1470 819 1532 nostri
840 1469 993 1533 Ecclesiae
1024 1489 1078 1534 ore
1110 1473 1250 1544 celebrer

191 1605 217 1648 ro
230 1593 296 1648 tur:
324 1582 384 1658 Oui
408 1581 484 1644 dicit
506 1601 539 1642 se
563 1583 597 1643 a'u
622 1581 746 1644 Christo
770 1601 894 1644 manere
916 1583 1005 1645 debet
1026 1587 1175 1664 quomodo
1197 1588 1251 1650 ttte

230 1698 400 1762 ambulavit
429 1703 459 1758 et
485 1697 551 1775 ipse
575 1695 741 1758 ambulare.
786 1695 1002 1759 Ambulandum
1026 1706 1073 1762 est
1089 1695 1129 1778 ¹⁶)
1153 1702 1252 1763 vesti·

230 1815 289 1896 giis
324 1812 463 1894 paribus,
499 1810 612 1873 aemula
647 1810 838 1898 ingressione
870 1812 1021 1875 nitendum
1054 1820 1107 1877 est.
1168 1815 1252 1878 Tunc

235 1991 443 2010 ’,..-.-...-..-...-

232 2110 309 2162 etde
329 2117 391 2162 orat.
412 2109 478 2160 dom.
498 2108 514 2160 l.
534 2125 555 2160 c.
575 2109 686 2176 itemque
708 2108 741 2159 de
759 2106 857 2160 mortal.
876 2107 893 2160 l.
908 2124 929 2160 c.
966 2106 995 2160 lu
1013 2107 1053 2158 bld
1072 2108 1168 2177 legitur
1185 2113 1251 2164 aleus
1327 2121 1350 2132 ·“

231 2201 351 2254 manebit.
397 2195 443 2263 10)
468 2198 611 2266 spectanda
636 2193 665 2246 Β.
701 2193 762 2247 Post
785 2197 907 2263 facienda
930 2193 1004 2254 abest
1026 2206 1089 2250 suut
1113 2212 1128 2247 a
1153 2195 1251 2250 duobus

232 2286 291 2338 Ver.
311 2294 337 2336 et
355 2301 409 2353 seq.
428 2295 458 2338 ut
476 2301 490 2335 a
509 2283 560 2347 lllb,
579 2285 622 2351 qui
641 2283 762 2350 deinceps
781 2285 816 2334 ita
834 2282 936 2334 scribitr
958 2287 1065 2336 Domini
1083 2313 1116 2321 —
1136 2288 1252 2355 veelipiu

187 2399 193 2418 κ
232 2378 358 2430 ceclaudu
377 2383 449 2428 eum.
486 2372 622 2438 Perpetem
641 2370 664 2421 Α
682 2375 796 2441 uceliqii.
833 2370 899 2422 Dein
917 2379 977 2438 post
999 2375 1153 2440 mopielerr'a
1179 2373 1252 2424 omisi

133 2509 137 2526 ,
233 2467 324 2518 divina
342 2459 522 2529 praeeuntibus
541 2459 609 2510 libris
629 2459 687 2510 Ver.
707 2457 746 2512 W.
767 2458 832 2510 llere.¹
852 2457 890 2522 A,
908 2461 969 2510 item
988 2459 1028 2512 ed.
1047 2458 1140 2510 Manui.
1158 2469 1187 2512 et
1204 2460 1251 2512 lti-

233 2551 312 2618 galtio
325 2551 456 2613 suadente,
475 2564 508 2598 ne
521 2549 655 2598 interserto
674 2546 717 2598 illo
736 2547 864 2598 adiectivo
883 2546 964 2598 verba
984 2546 1180 2613 praecedentia:
1200 2551 1250 2601 do-

234 2640 301 2690 miui
318 2639 406 2689 nostri
423 2639 537 2704 uestigia
555 2645 579 2688 et
597 2638 751 2704 mopisteriu
769 2645 915 2701 sectemur,
943 2643 969 2718 ο)
989 2629 1181 2704 subsequentia:
1208 2639 1253 2705 qus·

235 2725 336 2775 mortuil
353 2731 378 2774 el
398 2724 482 2789 diruit,
510 2723 727 2787 interrumpuntur.
774 2720 819 2785 11)
839 2720 924 2774 loaun.
945 2721 971 2786 6,
990 2719 1032 2774 38.
1069 2721 1114 2786 12)
1134 2739 1253 2776 memma

235 2827 255 2862 r.
274 2826 306 2860 m.
326 2808 403 2860 habet
420 2808 460 2860 W.
495 2807 553 2860 Mox
570 2807 627 2860 blod
646 2810 747 2860 inverso
767 2809 854 2861 ordine
874 2809 934 2860 dant
952 2813 1026 2864 misit
1043 2827 1091 2864 me.
1135 2810 1181 2879 13)
1200 2814 1252 2866 do-

235 2901 305 2952 mino
329 2915 380 2953 suo
406 2901 492 2950 maior
509 2897 549 2948 W.
568 2896 631 2948 Mac.
651 2895 680 2949 B.
721 2896 799 2950 Paulo
824 2905 882 2964 post
906 2915 967 2952 eece
991 2901 1113 2966 cupimus
1137 2915 1198 2952 esse
1221 2899 1252 2950 Α.

237 2986 282 3051 11)
302 2985 337 3036 lta
356 2985 430 3037 codd.
448 2986 527 3036 nostri
546 3001 633 3036 omnes
652 2992 677 3034 et
695 2993 813 3052 quattuor
828 2984 893 3050 ltal,
911 2986 945 3036 itu
965 2993 990 3035 et
1009 3000 1096 3036 omues
1115 2984 1173 3036 libri
1191 2993 1253 3038 vett.

236 3073 372 3126 aBaluzio
393 3072 478 3124 collati
498 3089 547 3142 upo
567 3072 671 3124 Thuano
691 3082 807 3140 excepto,
826 3075 850 3123 in
870 3088 920 3141 quo
939 3072 1031 3139 legitur
1048 3077 1120 3140 fecit,
1141 3087 1253 3125 eonsen-

235 3161 355 3212 tientibus
375 3162 483 3228 antiquis
502 3159 576 3212 editis
597 3168 623 3210 et
640 3159 752 3223 lllorell.;
777 3164 840 3227 fecit
866 3170 889 3212 et
913 3162 1001 3212 docuit
1027 3167 1079 3210 tres
1106 3157 1163 3208 libri
1187 3157 1252 3224 ltal,

236 3247 333 3313 Erasm.
357 3246 444 3314 Grau,
472 3237 535 3318 fecit
559 3251 614 3301 sine
640 3258 664 3301 et
690 3250 780 3300 docuit
804 3245 896 3297 blauut.
922 3244 1015 3297 Pamel.
1042 3245 1133 3313 Rigalt.
1160 3243 1253 3311 Onon,

237 3339 306 3389 dixit
324 3349 347 3388 et
367 3340 429 3405 seuit
447 3335 533 3388 Baluz.
553 3345 578 3386 et
596 3333 686 3385 Goldh.
734 3332 779 3400 15)
798 3331 899 3383 Addunt
923 3336 992 3385 etaim
1016 3331 1091 3384 codd.
1109 3328 1163 3383 ltal.
1182 3332 1207 3382 2.
1228 3339 1254 3382 et

236 3431 297 3474 vett.
317 3423 374 3474 edd.
394 3438 415 3475 c.
435 3423 524 3475 Remb.
543 3421 639 3472 Erasm.
660 3417 733 3471 Grau.
759 3427 835 3488 atqua
859 3418 956 3471 lllorell.
999 3417 1057 3469 lllox
1078 3421 1107 3470 in
1133 3422 1253 3487 evemplo

235 3508 277 3562 Fr.
295 3509 376 3562 Emm.
393 3511 418 3562 2.
455 3511 582 3576 Deinceps
601 3517 723 3562 nostrum
741 3507 814 3572 Mod,
836 3517 943 3561 rtoelrae
962 3507 1019 3559 edd.
1038 3515 1100 3557 vett.
1122 3523 1142 3558 c.
1163 3505 1252 3558 llemb.

236 3597 333 3649 Erasm.
352 3597 413 3648 lllor.
451 3596 512 3648 Tum
533 3600 696 3649 caelebratur
713 3593 755 3645 Fr.
773 3593 852 3646 Emm.
873 3595 898 3647 2.
935 3595 980 3660 16)
999 3596 1191 3648 Arnbulcudum
1213 3601 1254 3646 eet

235 3689 319 3753 ipitur
336 3684 428 3736 blauut.
448 3683 546 3735 Morell.
565 3681 659 3733 Pamel.
679 3680 736 3748 urg.
757 3678 802 3732 Ox.
821 3679 909 3732 Baluz.
924 3680 1012 3732 Goldh.
1049 3679 1101 3731 Sed
1121 3679 1195 3730 codd.
1212 3677 1253 3730 W.

237 3769 318 3824 Mabc.
337 3770 365 3822 B.
378 3771 436 3823 Ver.
457 3771 480 3821 2.
499 3773 522 3820 Α
542 3778 568 3820 et
585 3769 625 3821 Fr.
644 3768 724 3820 Emm.
744 3769 778 3833 2,
798 3769 857 3820 item
875 3769 933 3821 edd.
952 3769 1046 3820 blanut.
1065 3765 1253 3835 praecedentes

236 3860 318 3928 ἱρέων
336 3873 384 3913 om.
422 3857 506 3928 Quare
527 3857 643 3928 expunxi.
678 3859 730 3910 blot
755 3863 813 3925 post
838 3859 971 3912 enitendum
997 3871 1048 3907 non
1075 3855 1190 3927 agnoscit
1211 3851 1252 3909 Fr.

236 3942 318 3998 Emm.
337 3945 362 4002 2.
