2882 4692
648 401 700 468 ’27

169 561 301 624 moribus
321 555 347 636 ⁷)
368 561 474 624 meruit
496 561 563 637 iiie,
586 559 639 622 sed
665 559 803 622 fascibus.
848 557 958 622 Horum
983 559 1114 642 denique
1137 561 1186 622 vi·

169 675 242 738 dees
265 674 364 736 enites
387 679 499 756 turpes,
523 666 763 752 cum⁸)·euceps
786 679 950 753 temporum
966 673 1100 755 palpator
1115 674 1187 736 uts-

169 789 269 866 cessit,
297 805 362 850 cum
385 785 492 869 primii
515 787 589 848 tetus
612 785 722 848 undum
746 783 883 849 desertor
906 785 1022 848 adsectc
1047 785 1188 850 foedauit.

170 901 253 964 Tune
275 900 422 964 iecereioe
446 900 552 964 domus
574 900 682 982 plegae
705 899 917 962 conscientium
933 897 1043 962 ieriunt
1056 895 1092 978 ⁹),
1116 907 1187 964 tunc

169 1015 213 1076 rei
235 1013 386 1076 iumilieris
403 1013 567 1076 exhaustae
582 1012 687 1076 demna
704 1018 878 1088 noscuntur,
895 1012 1001 1092 quibus
1017 1010 1187 1093 redemptus

170 1125 255 1188 ievor
279 1126 361 1208 vulgi
384 1133 414 1188 et
436 1125 557 1188 caducis
580 1133 669 1206 etque
693 1125 828 1188 inanibus
851 1127 929 1188 votis
947 1126 1099 1207 populeris
1116 1143 1187 1188 eure

169 1239 301 1318 quaesite
324 1243 378 1300 est.
418 1239 510 1302 Stulte
532 1256 656 1320 prorsus
680 1245 709 1298 et
732 1254 808 1299 vene
823 1233 862 1311 ¹⁰)
884 1237 995 1299 iectura
1019 1236 1188 1305 frustrantis

169 1349 330 1432 spectaculi
355 1351 506 1432 voluptate
529 1350 557 1412 id
579 1368 687 1432 perure
710 1349 853 1431 voluisse,
876 1351 956 1432 quud
981 1369 1038 1414 nec
1060 1351 1187 1433 pupulus

169 1465 318 1546 comperet
341 1469 371 1526 et
392 1465 534 1546 perderet
556 1468 755 1548 magistratus.

655 1657 704 1726 xt.

256 1800 314 1868 Sed
339 1807 370 1863 et
393 1817 470 1880 quus
492 1798 514 1871 ¹)
538 1799 644 1862 divites
668 1801 807 1880 opineris
828 1801 1034 1864 eontinmntes
1065 1801 1187 1865 suitibus

169 1914 262 1977 saltus
287 1919 317 1976 et
341 1911 378 1974 de
402 1913 530 1976 confinio
554 1913 733 1994 pauperibus
758 1913 888 1974 exclusis
917 1912 1025 1974 infinite
1057 1931 1091 1974 ac
1121 1914 1187 1975 sine

82 2001 88 2076 s
172 2026 305 2088 terminis
335 2043 404 2086 rnre
433 2024 519 2087 letius
542 2024 749 2106 porrigentes,
780 2025 885 2105 quibus
917 1997 1033 2106 arpenti
1064 2030 1094 2084 et
1126 2024 1191 2086 ouri

172 2139 330 2204 monimum
344 2119 470 2218 'pondus
494 2143 523 2198 et
548 2137 739 2218 pecuniarum
770 2135 934 2218 ingentium
965 2137 1014 2198 vel
1046 2139 1190 2200 exstructi

172 2266 302 2333 aggeres
325 2249 373 2312 vei
398 2248 538 2311 defossae
561 2255 671 2326 strues,
694 2247 750 2310 hos
774 2249 860 2308 etiem
883 2250 961 2310 inter
984 2248 1101 2315 divitias
1119 2267 1190 2312 sues

172 2361 304 2444 trepidos
339 2362 529 2444 cogitationis
563 2362 694 2423 incertae
730 2360 899 2424 solicitudo
933 2361 1113 2440 discruciet,
1152 2380 1189 2426 ne

171 2477 283 2556 praedo
308 2480 412 2553 vestet,
438 2493 476 2536 ne
500 2491 663 2556 percussor
686 2453 817 2552 infestei,
843 2492 883 2536 ne
905 2474 1022 2538 inimice
1044 2475 1190 2556 cuiusque

240 2743 408 2809 spueretur
427 2745 480 2794 ccii
498 2741 557 2792 edd.
578 2749 639 2794 vett.
660 2757 682 2792 c.
695 2739 794 2792 Erssm.
815 2749 841 2792 et
854 2741 929 2794 va.
967 2741 1029 2794 Tum
1046 2745 1132 2812 potuit
1144 2739 1191 2806 Ba,

152 2831 230 2896 'ipse
248 2843 294 2894 pro
313 2830 360 2882 iile
379 2827 437 2878 edd.
456 2835 518 2878 vett.
538 2835 564 2878 et
579 2830 697 2894 fascius
716 2825 779 2877 Dur.
801 2835 827 2878 et
845 2829 870 2878 in
890 2843 940 2894 mg.
959 2826 1034 2880 θην.
1072 2829 1100 2890 8)
1121 2845 1190 2896 pue-

172 2919 244 2968 rtiam
262 2915 303 2966 hic
323 2923 349 2966 et
367 2915 392 2964 in
412 2929 484 2980 seqq.
502 2911 532 2962 tt.
570 2909 635 2960 Dein
655 2927 755 2977 crecope
774 2910 814 2960 Mb
834 2919 860 2960 et
878 2911 900 2960 Α
919 2927 942 2960 c.
963 2913 1020 2964 edd.
1041 2921 1112 2976 vett,
1131 2914 1192 2964 item

172 3001 267 3054 Erusm.
295 3010 371 3070 etque
396 2999 471 3050 Greu.
498 3011 606 3063 moxque
633 2999 793 3048 abscesserit
820 3004 846 3046 et
871 2995 936 3046 inim
961 3001 1106 3064 foedaverit
1132 2996 1190 3047 edd.

172 3097 234 3140 vett.
260 3105 283 3138 c.
309 3086 405 3139 Erusm.
433 3093 459 3134 et
482 3083 555 3134 Grev.
592 3085 723 3136 Privatim
748 3081 796 3132 tm.
834 3080 894 3132 Tum
920 3083 1027 3134 adiectu
1045 3081 1076 3130 W
1101 3090 1128 3132 et
1146 3080 1191 3145 Bu,

172 3169 521 3230 circumeuntesque.
559 3167 638 3220 Deest
656 3171 772 3236 foedauit
792 3169 817 3218 in
837 3168 866 3220 Α.
905 3167 933 3228 9)
951 3170 1041 3235 furunt
1058 3166 1089 3218 Α.
1125 3165 1191 3226 Pro-

171 3265 238 3312 xime
254 3264 399 3320 ,esetmusta
422 3256 481 3310 cdd.
507 3263 569 3308 vett.
594 3257 704 3322 itemque
724 3253 819 3306 Essem,
839 3263 865 3306 et
885 3253 962 3306 Grau.
996 3252 1060 3306 Dein
1080 3257 1192 3322 demptio

173 3347 212 3398 nd
232 3349 292 3396 etit
313 3362 335 3396 e.
356 3344 397 3396 ed.
411 3343 474 3394 Dav.
511 3341 560 3394 Pro
580 3352 730 3396 censerentur
742 3341 798 3392 Med
819 3341 937 3394 exhibent
955 3353 1113 3409 nuscuntur,
1132 3341 1192 3394 edd.

173 3439 235 3484 vett.
257 3447 305 3482 unu
325 3447 381 3482 cum
395 3429 491 3482 Erusm.
512 3437 538 3482 et
552 3429 626 3482 oran.
648 3439 851 3500 supercrearetur.
891 3429 935 3490 10)
954 3439 978 3482 et
996 3447 1065 3483 cana
1083 3444 1131 3481 cm.
1146 3427 1191 3480 Bb.

74 3557 81 3568 s
173 3516 234 3568 Tum
254 3521 365 3572 iactucio
384 3519 421 3582 A,
450 3521 556 3570 iactura
574 3528 615 3572 est
635 3516 693 3570 edd,
715 3515 778 3567 Der.
799 3525 824 3567 et
844 3515 920 3567 Grer.
956 3515 1079 3566 Mendese
1098 3515 1192 3566 deiude

172 3607 332 3672 voluptatem
357 3604 415 3656 eud.
443 3613 504 3656 vett.
530 3613 556 3656 et
574 3602 691 3668 Eretum,
719 3607 848 3670 voluptati
866 3602 929 3654 Duv.
966 3601 1015 3654 Pro
1038 3619 1136 3672 parare
1154 3600 1192 3652 tte

170 3707 272 3762 perere.
310 3694 361 3764 Nec
388 3693 412 3742 in
439 3690 477 3741 ne
502 3707 521 3742 r.
548 3707 578 3743 m.
606 3689 789 3756 superscripsit.
835 3689 899 3741 Dein
923 3691 1037 3758 populos
1064 3690 1193 3755 acceperit

173 3777 251 3832 irsbet
270 3776 320 3829 Mb.
484 3825 486 3830 ,
1144 3801 1146 3804 -

240 3864 281 3916 ΧΙ.
312 3866 339 3928 1)
358 3869 426 3934 quest
443 3865 488 3916 Bb.
520 3863 578 3914 Mox
597 3866 813 3918 continuantibus
826 3863 855 3912 A.
870 3861 914 3914 „in
933 3877 1004 3928 seqq.
1024 3863 1133 3928 defossa
1145 3856 1192 3923 Be,

172 3953 313 4006 discrutiet
331 3950 394 4018 (sie)
413 3951 466 4022 Bb,
485 3962 508 4012 et
526 3967 559 4008 ne
578 3952 688 4010 icterica
705 3947 749 4006 Bu.
786 3946 850 4004 Dein
870 3953 1062 4021 euinque-umque
1078 3944 1116 4012 A,
1134 3959 1192 3998 mox
