<?xml version="1.0" encoding="UTF-8"?>
<!DOCTYPE html PUBLIC "-//W3C//DTD XHTML 1.0 Transitional//EN"
    "http://www.w3.org/TR/xhtml1/DTD/xhtml1-transitional.dtd">
<html xmlns="http://www.w3.org/1999/xhtml" xml:lang="en" lang="en">
 <head>
  <title>
</title>
<meta http-equiv="Content-Type" content="text/html;charset=utf-8" />
  <meta name='ocr-system' content='tesseract 3.04.00' />
  <meta name='ocr-capabilities' content='ocr_page ocr_carea ocr_par ocr_line ocrx_word'/>
</head>
<body>
  <div class='ocr_page' id='page_1' title='image "./libridecatholic00krabgoog_0506.png"; bbox 0 0 2834 4686; ppageno 0'>
   <div class='ocr_carea' id='block_1_1' title="bbox 640 392 705 464">
    <p class='ocr_par' dir='ltr' id='par_1_1' title="bbox 640 392 705 464">
     <span class='ocr_line' id='line_1_1' title="bbox 640 392 705 464; baseline -0.123 0"><span class='ocrx_word' id='word_1_1' title='bbox 640 392 705 464; x_wconf 66' lang='lat'><strong>293</strong></span> 
     </span>
    </p>
   </div>
   <div class='ocr_carea' id='block_1_2' title="bbox 655 577 791 700">
    <p class='ocr_par' dir='ltr' id='par_1_2' title="bbox 655 577 791 700">
     <span class='ocr_line' id='line_1_2' title="bbox 655 577 791 700; baseline -0.007 0"><span class='ocrx_word' id='word_1_2' title='bbox 655 632 692 700; x_wconf 89' lang='lat'><strong>11.</strong></span> <span class='ocrx_word' id='word_1_3' title='bbox 789 577 791 582; x_wconf 33' lang='lat'>⁵</span> 
     </span>
    </p>
   </div>
   <div class='ocr_carea' id='block_1_3' title="bbox 157 773 1185 1876">
    <p class='ocr_par' dir='ltr' id='par_1_3' title="bbox 157 773 1185 1876">
     <span class='ocr_line' id='line_1_3' title="bbox 252 773 1183 858; baseline 0.008 -20"><span class='ocrx_word' id='word_1_4' title='bbox 252 773 364 840; x_wconf 76' lang='lat' dir='ltr'><strong>Circuit</strong></span> <span class='ocrx_word' id='word_1_5' title='bbox 385 775 436 840; x_wconf 88' lang='lat' dir='ltr'><strong>ille</strong></span> <span class='ocrx_word' id='word_1_6' title='bbox 458 791 515 840; x_wconf 90' lang='lat' dir='ltr'><strong>nos</strong></span> <span class='ocrx_word' id='word_1_7' title='bbox 538 773 675 858; x_wconf 73' lang='lat' dir='ltr'><strong>stipatos</strong></span> <span class='ocrx_word' id='word_1_8' title='bbox 697 781 728 838; x_wconf 89' lang='lat' dir='ltr'><strong>et</strong></span> <span class='ocrx_word' id='word_1_9' title='bbox 750 781 898 858; x_wconf 86' lang='lat' dir='ltr'><strong>tamquam</strong></span> <span class='ocrx_word' id='word_1_10' title='bbox 913 776 1010 844; x_wconf 86' lang='lat' dir='ltr'><strong>hostis</strong></span> <span class='ocrx_word' id='word_1_11' title='bbox 1024 780 1151 845; x_wconf 72' lang='lat' dir='ltr'><strong>clausos.</strong></span> <span class='ocrx_word' id='word_1_12' title='bbox 1160 779 1183 856; x_wconf 89' lang='lat'><strong>¹)</strong></span> 
     </span>
     <span class='ocr_line' id='line_1_4' title="bbox 164 888 1184 976; baseline 0.002 -20"><span class='ocrx_word' id='word_1_13' title='bbox 164 890 307 960; x_wconf 77' lang='lat' dir='ltr'><strong>obsidem</strong></span> <span class='ocrx_word' id='word_1_14' title='bbox 337 907 440 954; x_wconf 87' lang='lat' dir='ltr'><strong>muros</strong></span> <span class='ocrx_word' id='word_1_15' title='bbox 470 888 608 972; x_wconf 74' lang='lat' dir='ltr'><strong>explorat</strong></span> <span class='ocrx_word' id='word_1_16' title='bbox 639 894 668 950; x_wconf 88' lang='lat' dir='ltr'><strong>et</strong></span> <span class='ocrx_word' id='word_1_17' title='bbox 699 894 821 970; x_wconf 89' lang='lat' dir='ltr'><strong>temptat</strong></span> <span class='ocrx_word' id='word_1_18' title='bbox 851 909 888 954; x_wconf 87' lang='lat' dir='ltr'><strong>aa</strong></span> <span class='ocrx_word' id='word_1_19' title='bbox 918 893 956 955; x_wconf 91' lang='lat' dir='ltr'><strong>sit</strong></span> <span class='ocrx_word' id='word_1_20' title='bbox 986 910 1067 975; x_wconf 89' lang='lat' dir='ltr'><strong>pars·</strong></span> <span class='ocrx_word' id='word_1_21' title='bbox 1086 893 1184 976; x_wconf 83' lang='lat' dir='ltr'><strong>aliqua</strong></span> 
     </span>
     <span class='ocr_line' id='line_1_5' title="bbox 164 999 1183 1079; baseline -0.002 -9"><span class='ocrx_word' id='word_1_22' title='bbox 164 1005 364 1070; x_wconf 84' lang='lat' dir='ltr'><strong>membrorum</strong></span> <span class='ocrx_word' id='word_1_23' title='bbox 387 1001 483 1064; x_wconf 89' lang='lat' dir='ltr'><strong>minus</strong></span> <span class='ocrx_word' id='word_1_24' title='bbox 507 999 620 1064; x_wconf 84' lang='lat' dir='ltr'><strong>stabilis</strong></span> <span class='ocrx_word' id='word_1_25' title='bbox 642 1006 671 1062; x_wconf 88' lang='lat' dir='ltr'><strong>ct</strong></span> <span class='ocrx_word' id='word_1_26' title='bbox 693 1000 790 1063; x_wconf 86' lang='lat' dir='ltr'><strong>minus</strong></span> <span class='ocrx_word' id='word_1_27' title='bbox 812 999 888 1079; x_wconf 87' lang='lat' dir='ltr'><strong>lida,</strong></span> <span class='ocrx_word' id='word_1_28' title='bbox 921 1002 1006 1064; x_wconf 88' lang='lat' dir='ltr'><strong>auius</strong></span> <span class='ocrx_word' id='word_1_29' title='bbox 1037 1001 1117 1068; x_wconf 87' lang='lat' dir='ltr'><strong>aditu</strong></span> <span class='ocrx_word' id='word_1_30' title='bbox 1146 1005 1183 1068; x_wconf 90' lang='lat' dir='ltr'><strong>od</strong></span> 
     </span>
     <span class='ocr_line' id='line_1_6' title="bbox 163 1108 1185 1195; baseline -0.004 -13"><span class='ocrx_word' id='word_1_31' title='bbox 163 1116 306 1190; x_wconf 83' lang='lat' dir='ltr'><strong>interiora</strong></span> <span class='ocrx_word' id='word_1_32' title='bbox 337 1118 521 1195; x_wconf 78' lang='lat' dir='ltr'><strong>penetretur.</strong></span> <span class='ocrx_word' id='word_1_33' title='bbox 575 1109 670 1174; x_wconf 82' lang='lat' dir='ltr'><strong>Offert</strong></span> <span class='ocrx_word' id='word_1_34' title='bbox 701 1111 795 1174; x_wconf 85' lang='lat' dir='ltr'><strong>oculis</strong></span> <span class='ocrx_word' id='word_1_35' title='bbox 828 1110 938 1176; x_wconf 88' lang='lat' dir='ltr'><strong>lormas</strong></span> <span class='ocrx_word' id='word_1_36' title='bbox 953 1108 982 1191; x_wconf 52' lang='grc' dir='ltr'><strong>Ἰ)</strong></span> <span class='ocrx_word' id='word_1_37' title='bbox 1015 1115 1120 1180; x_wconf 85' lang='lat' dir='ltr'><strong>inlices</strong></span> <span class='ocrx_word' id='word_1_38' title='bbox 1155 1123 1185 1184; x_wconf 86' lang='lat' dir='ltr'><strong>ct</strong></span> 
     </span>
     <span class='ocr_line' id='line_1_7' title="bbox 164 1204 1184 1310; baseline -0.004 -16"><span class='ocrx_word' id='word_1_39' title='bbox 164 1229 270 1294; x_wconf 84' lang='lat' dir='ltr'><strong>faciles</strong></span> <span class='ocrx_word' id='word_1_40' title='bbox 292 1226 470 1308; x_wconf 85' lang='lat' dir='ltr'><strong>voluptates,</strong></span> <span class='ocrx_word' id='word_1_41' title='bbox 493 1231 525 1288; x_wconf 93' lang='lat' dir='ltr'><strong>ut</strong></span> <span class='ocrx_word' id='word_1_42' title='bbox 548 1204 613 1290; x_wconf 70' lang='lat' dir='ltr'><strong>uisu</strong></span> <span class='ocrx_word' id='word_1_43' title='bbox 639 1223 771 1286; x_wconf 86' lang='lat' dir='ltr'><strong>destruct</strong></span> <span class='ocrx_word' id='word_1_44' title='bbox 794 1223 965 1286; x_wconf 76' lang='lat' dir='ltr'><strong>castitatem.</strong></span> <span class='ocrx_word' id='word_1_45' title='bbox 1007 1225 1106 1290; x_wconf 80' lang='lat' dir='ltr'><strong>Aures</strong></span> <span class='ocrx_word' id='word_1_46' title='bbox 1128 1245 1184 1310; x_wconf 84' lang='lat' dir='ltr'><strong>per</strong></span> 
     </span>
     <span class='ocr_line' id='line_1_8' title="bbox 164 1335 1184 1420; baseline -0.008 -10"><span class='ocrx_word' id='word_1_47' title='bbox 164 1361 277 1410; x_wconf 88' lang='lat' dir='ltr'><strong>canora</strong></span> <span class='ocrx_word' id='word_1_48' title='bbox 301 1341 414 1412; x_wconf 80' lang='lat' dir='ltr'><strong>musica</strong></span> <span class='ocrx_word' id='word_1_49' title='bbox 431 1337 458 1414; x_wconf 80' lang='lat'><strong>³)</strong></span> <span class='ocrx_word' id='word_1_50' title='bbox 481 1343 619 1420; x_wconf 89' lang='lat' dir='ltr'><strong>temptat,</strong></span> <span class='ocrx_word' id='word_1_51' title='bbox 653 1344 686 1400; x_wconf 89' lang='lat' dir='ltr'><strong>ut</strong></span> <span class='ocrx_word' id='word_1_52' title='bbox 708 1337 775 1399; x_wconf 87' lang='lat' dir='ltr'><strong>soni</strong></span> <span class='ocrx_word' id='word_1_53' title='bbox 798 1335 939 1400; x_wconf 85' lang='lat' dir='ltr'><strong>dulcioris</strong></span> <span class='ocrx_word' id='word_1_54' title='bbox 963 1336 1064 1402; x_wconf 89' lang='lat' dir='ltr'><strong>auditu</strong></span> <span class='ocrx_word' id='word_1_55' title='bbox 1086 1339 1184 1404; x_wconf 81' lang='lat' dir='ltr'><strong>solvat</strong></span> 
     </span>
     <span class='ocr_line' id='line_1_9' title="bbox 165 1447 1184 1533; baseline -0.009 -12"><span class='ocrx_word' id='word_1_56' title='bbox 165 1465 202 1524; x_wconf 31' lang='lat' dir='ltr'><strong>ct,</strong></span> <span class='ocrx_word' id='word_1_57' title='bbox 218 1455 330 1520; x_wconf 87' lang='lat' dir='ltr'><strong>molliat</strong></span> <span class='ocrx_word' id='word_1_58' title='bbox 345 1452 543 1518; x_wconf 79' lang='lat' dir='ltr'><strong>Christianum</strong></span> <span class='ocrx_word' id='word_1_59' title='bbox 566 1450 710 1532; x_wconf 82' lang='lat' dir='ltr'><strong>vigorem.</strong></span> <span class='ocrx_word' id='word_1_60' title='bbox 747 1447 891 1532; x_wconf 82' lang='lat' dir='ltr'><strong>linguam</strong></span> <span class='ocrx_word' id='word_1_61' title='bbox 914 1449 1046 1512; x_wconf 86' lang='lat' dir='ltr'><strong>conuitio</strong></span> <span class='ocrx_word' id='word_1_62' title='bbox 1059 1447 1086 1528; x_wconf 83' lang='lat'><strong>⁴)</strong></span> <span class='ocrx_word' id='word_1_63' title='bbox 1108 1467 1184 1533; x_wconf 87' lang='lat' dir='ltr'><strong>pro.-</strong></span> 
     </span>
     <span class='ocr_line' id='line_1_10' title="bbox 157 1559 1183 1648; baseline -0.004 -16"><span class='ocrx_word' id='word_1_64' title='bbox 157 1576 263 1648; x_wconf 88' lang='lat' dir='ltr'><strong>.vocat,</strong></span> <span class='ocrx_word' id='word_1_65' title='bbox 293 1583 410 1630; x_wconf 88' lang='lat' dir='ltr'><strong>manum</strong></span> <span class='ocrx_word' id='word_1_66' title='bbox 434 1563 548 1625; x_wconf 89' lang='lat' dir='ltr'><strong>iniuriis</strong></span> <span class='ocrx_word' id='word_1_67' title='bbox 570 1559 787 1624; x_wconf 79' lang='lat' dir='ltr'><strong>lacessentibus</strong></span> <span class='ocrx_word' id='word_1_68' title='bbox 811 1559 846 1622; x_wconf 90' lang='lat' dir='ltr'><strong>ad</strong></span> <span class='ocrx_word' id='word_1_69' title='bbox 869 1560 1065 1640; x_wconf 86' lang='lat' dir='ltr'><strong>petulantiam·</strong></span> <span class='ocrx_word' id='word_1_70' title='bbox 1083 1563 1183 1628; x_wconf 85' lang='lat' dir='ltr'><strong>caedis</strong></span> 
     </span>
     <span class='ocr_line' id='line_1_11' title="bbox 163 1675 1184 1766; baseline -0.004 -20"><span class='ocrx_word' id='word_1_71' title='bbox 163 1683 300 1766; x_wconf 57' lang='lat' dir='ltr'><strong>instigem</strong></span> <span class='ocrx_word' id='word_1_72' title='bbox 331 1684 362 1744; x_wconf 86' lang='lat' dir='ltr'><strong>ut</strong></span> <span class='ocrx_word' id='word_1_73' title='bbox 387 1677 587 1742; x_wconf 76' lang='lat' dir='ltr'><strong>fraudatorem</strong></span> <span class='ocrx_word' id='word_1_74' title='bbox 611 1675 715 1754; x_wconf 83' lang='lat' dir='ltr'><strong>faciat,</strong></span> <span class='ocrx_word' id='word_1_75' title='bbox 742 1675 826 1738; x_wconf 86' lang='lat' dir='ltr'><strong>lucra</strong></span> <span class='ocrx_word' id='word_1_76' title='bbox 850 1677 972 1758; x_wconf 89' lang='lat' dir='ltr'><strong>opponit</strong></span> <span class='ocrx_word' id='word_1_77' title='bbox 995 1678 1119 1756; x_wconf 77' lang='lat' dir='ltr'><strong>iniusta3</strong></span> <span class='ocrx_word' id='word_1_78' title='bbox 1153 1684 1184 1742; x_wconf 92' lang='lat' dir='ltr'><strong>ut</strong></span> 
     </span>
     <span class='ocr_line' id='line_1_12' title="bbox 166 1788 1184 1876; baseline -0.005 -17"><span class='ocrx_word' id='word_1_79' title='bbox 166 1797 291 1859; x_wconf 87' lang='lat' dir='ltr'><strong>animam</strong></span> <span class='ocrx_word' id='word_1_80' title='bbox 313 1794 438 1876; x_wconf 87' lang='lat' dir='ltr'><strong>pecunia</strong></span> <span class='ocrx_word' id='word_1_81' title='bbox 462 1791 567 1872; x_wconf 89' lang='lat' dir='ltr'><strong>capiat,</strong></span> <span class='ocrx_word' id='word_1_82' title='bbox 590 1788 699 1870; x_wconf 82' lang='lat' dir='ltr'><strong>ingerit</strong></span> <span class='ocrx_word' id='word_1_83' title='bbox 722 1789 892 1871; x_wconf 87' lang='lat' dir='ltr'><strong>perniciosa</strong></span> <span class='ocrx_word' id='word_1_84' title='bbox 915 1790 1100 1870; x_wconf 79' lang='lat' dir='ltr'><strong>conpendia3</strong></span> <span class='ocrx_word' id='word_1_85' title='bbox 1124 1792 1184 1854; x_wconf 88' lang='lat' dir='ltr'><strong>ho·</strong></span> 
     </span>
    </p>
   </div>
   <div class='ocr_carea' id='block_1_4' title="bbox 65 1949 1183 2032">
    <p class='ocr_par' dir='ltr' id='par_1_4' title="bbox 65 1949 1183 2032">
     <span class='ocr_line' id='line_1_13' title="bbox 65 1949 1183 2032; baseline -0.021 -15"><span class='ocrx_word' id='word_1_86' title='bbox 65 2013 67 2017; x_wconf 80' lang='grc'>,</span> <span class='ocrx_word' id='word_1_87' title='bbox 165 1963 266 2032; x_wconf 74' lang='lat' dir='ltr'><strong>aliquid</strong></span> <span class='ocrx_word' id='word_1_88' title='bbox 283 1961 338 2013; x_wconf 77' lang='lat' dir='ltr'><strong>doe·</strong></span> <span class='ocrx_word' id='word_1_89' title='bbox 359 1975 382 2025; x_wconf 73' lang='lat' dir='ltr'><strong>p.</strong></span> <span class='ocrx_word' id='word_1_90' title='bbox 402 1973 440 2019; x_wconf 91' lang='lat' dir='ltr'><strong>c.,</strong></span> <span class='ocrx_word' id='word_1_91' title='bbox 466 1952 506 2004; x_wconf 78' lang='lat' dir='ltr'><strong>lle</strong></span> <span class='ocrx_word' id='word_1_92' title='bbox 532 1951 576 2004; x_wconf 86' lang='lat' dir='ltr'><strong>dat</strong></span> <span class='ocrx_word' id='word_1_93' title='bbox 600 1949 1096 2020; x_wconf 67' lang='lat' dir='ltr'><strong>mtpam(iraet1taap.)a„‚„0,</strong></span> <span class='ocrx_word' id='word_1_94' title='bbox 1133 1954 1183 2006; x_wconf 68' lang='grc' dir='ltr'><strong>ι..</strong></span> 
     </span>
    </p>
   </div>
   <div class='ocr_carea' id='block_1_5' title="bbox 165 2039 1208 4028">
    <p class='ocr_par' dir='ltr' id='par_1_5' title="bbox 165 2039 1186 2288">
     <span class='ocr_line' id='line_1_14' title="bbox 165 2039 1184 2110; baseline -0.006 -10"><span class='ocrx_word' id='word_1_95' title='bbox 165 2049 277 2100; x_wconf 76' lang='lat' dir='ltr'><strong>ctionum</strong></span> <span class='ocrx_word' id='word_1_96' title='bbox 298 2051 399 2096; x_wconf 73' lang='lat' dir='ltr'><strong>satem</strong></span> <span class='ocrx_word' id='word_1_97' title='bbox 418 2039 484 2096; x_wconf 80' lang='lat' dir='ltr'><strong>circ.</strong></span> <span class='ocrx_word' id='word_1_98' title='bbox 504 2042 617 2110; x_wconf 76' lang='lat' dir='ltr'><strong>aliquem</strong></span> <span class='ocrx_word' id='word_1_99' title='bbox 635 2042 693 2094; x_wconf 77' lang='lat' dir='ltr'><strong>dec.</strong></span> <span class='ocrx_word' id='word_1_100' title='bbox 712 2059 746 2107; x_wconf 72' lang='lat' dir='ltr'><strong>p,</strong></span> <span class='ocrx_word' id='word_1_101' title='bbox 765 2054 830 2108; x_wconf 83' lang='lat' dir='ltr'><strong>quac</strong></span> <span class='ocrx_word' id='word_1_102' title='bbox 849 2041 874 2090; x_wconf 88' lang='lat' dir='ltr'><strong>io</strong></span> <span class='ocrx_word' id='word_1_103' title='bbox 893 2040 1075 2092; x_wconf 84' lang='lat' dir='ltr'><strong>recentioribus</strong></span> <span class='ocrx_word' id='word_1_104' title='bbox 1093 2055 1184 2094; x_wconf 75' lang='lat' dir='ltr'><strong>oxen-</strong></span> 
     </span>
     <span class='ocr_line' id='line_1_15' title="bbox 166 2122 1186 2202; baseline -0.01 -15"><span class='ocrx_word' id='word_1_105' title='bbox 166 2134 279 2202; x_wconf 86' lang='lat' dir='ltr'><strong>pleribus</strong></span> <span class='ocrx_word' id='word_1_106' title='bbox 298 2138 379 2185; x_wconf 84' lang='lat' dir='ltr'><strong>exstat</strong></span> <span class='ocrx_word' id='word_1_107' title='bbox 399 2137 425 2182; x_wconf 86' lang='lat' dir='ltr'><strong>et</strong></span> <span class='ocrx_word' id='word_1_108' title='bbox 443 2142 499 2180; x_wconf 89' lang='lat' dir='ltr'><strong>cum</strong></span> <span class='ocrx_word' id='word_1_109' title='bbox 512 2125 609 2178; x_wconf 84' lang='lat' dir='ltr'><strong>Graeco</strong></span> <span class='ocrx_word' id='word_1_110' title='bbox 628 2131 756 2192; x_wconf 77' lang='grc' dir='ltr'><em>περιπατεῖ</em></span> <span class='ocrx_word' id='word_1_111' title='bbox 766 2125 842 2188; x_wconf 67' lang='grc' dir='ltr'><em>ζητῶν</em></span> <span class='ocrx_word' id='word_1_112' title='bbox 855 2122 908 2172; x_wconf 77' lang='grc' dir='ltr'>τινα·</span> <span class='ocrx_word' id='word_1_113' title='bbox 920 2132 1046 2176; x_wconf 72' lang='grc' dir='ltr'><em>καταπιεῖν</em></span> <span class='ocrx_word' id='word_1_114' title='bbox 1059 2130 1186 2198; x_wconf 68' lang='lat' dir='ltr'><strong>congruit,</strong></span> 
     </span>
     <span class='ocr_line' id='line_1_16' title="bbox 166 2211 673 2288; baseline -0.022 -14"><span class='ocrx_word' id='word_1_115' title='bbox 166 2239 181 2274; x_wconf 88' lang='lat' dir='ltr'><strong>c</strong></span> <span class='ocrx_word' id='word_1_116' title='bbox 201 2218 312 2288; x_wconf 78' lang='lat' dir='ltr'><strong>Belgicis</strong></span> <span class='ocrx_word' id='word_1_117' title='bbox 330 2215 405 2268; x_wconf 89' lang='lat' dir='ltr'><strong>codd.</strong></span> <span class='ocrx_word' id='word_1_118' title='bbox 425 2214 521 2267; x_wconf 85' lang='lat' dir='ltr'><strong>inuexit</strong></span> <span class='ocrx_word' id='word_1_119' title='bbox 540 2211 673 2264; x_wconf 84' lang='lat' dir='ltr'><strong>Pamclius.</strong></span> 
     </span>
    </p>

    <p class='ocr_par' dir='ltr' id='par_1_6' title="bbox 166 2300 1208 4028">
     <span class='ocr_line' id='line_1_17' title="bbox 235 2300 1186 2374; baseline -0.005 -16"><span class='ocrx_word' id='word_1_120' title='bbox 235 2307 265 2358; x_wconf 91' lang='lat' dir='ltr'><strong>ll.</strong></span> <span class='ocrx_word' id='word_1_121' title='bbox 291 2307 320 2374; x_wconf 86' lang='lat' dir='ltr'><strong>i)</strong></span> <span class='ocrx_word' id='word_1_122' title='bbox 338 2307 442 2358; x_wconf 83' lang='lat' dir='ltr'><strong>clausis</strong></span> <span class='ocrx_word' id='word_1_123' title='bbox 461 2300 507 2353; x_wconf 86' lang='lat' dir='ltr'><strong>Bb.</strong></span> <span class='ocrx_word' id='word_1_124' title='bbox 538 2302 715 2355; x_wconf 61' lang='lat' dir='ltr'><strong>oleastrorum</strong></span> <span class='ocrx_word' id='word_1_125' title='bbox 733 2314 779 2366; x_wconf 88' lang='lat' dir='ltr'><strong>pro</strong></span> <span class='ocrx_word' id='word_1_126' title='bbox 798 2315 945 2367; x_wconf 83' lang='lat' dir='ltr'><strong>murorum,</strong></span> <span class='ocrx_word' id='word_1_127' title='bbox 966 2301 1034 2368; x_wconf 88' lang='lat' dir='ltr'><strong>quod</strong></span> <span class='ocrx_word' id='word_1_128' title='bbox 1054 2318 1068 2354; x_wconf 88' lang='lat' dir='ltr'><strong>e</strong></span> <span class='ocrx_word' id='word_1_129' title='bbox 1088 2301 1186 2354; x_wconf 82' lang='lat' dir='ltr'><strong>duobus</strong></span> 
     </span>
     <span class='ocr_line' id='line_1_18' title="bbox 166 2385 1186 2458; baseline -0.01 -9"><span class='ocrx_word' id='word_1_130' title='bbox 166 2395 242 2449; x_wconf 76' lang='lat' dir='ltr'><strong>codd.</strong></span> <span class='ocrx_word' id='word_1_131' title='bbox 268 2398 404 2458; x_wconf 81' lang='lat' dir='ltr'><strong>receperat</strong></span> <span class='ocrx_word' id='word_1_132' title='bbox 423 2387 559 2451; x_wconf 79' lang='lat' dir='ltr'><strong>Betucius,</strong></span> <span class='ocrx_word' id='word_1_133' title='bbox 585 2401 660 2456; x_wconf 83' lang='lat' dir='ltr'><strong>quoru</strong></span> <span class='ocrx_word' id='word_1_134' title='bbox 686 2393 789 2438; x_wconf 76' lang='lat' dir='ltr'><strong>secutus</strong></span> <span class='ocrx_word' id='word_1_135' title='bbox 814 2394 854 2438; x_wconf 89' lang='lat' dir='ltr'><strong>cst</strong></span> <span class='ocrx_word' id='word_1_136' title='bbox 872 2385 1011 2450; x_wconf 75' lang='lat' dir='ltr'><strong>Boethius,</strong></span> <span class='ocrx_word' id='word_1_137' title='bbox 1037 2388 1086 2438; x_wconf 84' lang='lat' dir='ltr'><strong>iam</strong></span> <span class='ocrx_word' id='word_1_138' title='bbox 1105 2385 1186 2440; x_wconf 81' lang='lat' dir='ltr'><strong>Gold-</strong></span> 
     </span>
     <span class='ocr_line' id='line_1_19' title="bbox 169 2473 1187 2548; baseline -0.01 -13"><span class='ocrx_word' id='word_1_139' title='bbox 169 2484 271 2536; x_wconf 77' lang='lat' dir='ltr'><strong>lerator</strong></span> <span class='ocrx_word' id='word_1_140' title='bbox 294 2478 406 2532; x_wconf 75' lang='lat' dir='ltr'><strong>nstituit</strong></span> <span class='ocrx_word' id='word_1_141' title='bbox 430 2476 508 2545; x_wconf 84' lang='lat' dir='ltr'><strong>irlque</strong></span> <span class='ocrx_word' id='word_1_142' title='bbox 532 2481 633 2526; x_wconf 88' lang='lat' dir='ltr'><strong>tuentur</strong></span> <span class='ocrx_word' id='word_1_143' title='bbox 650 2473 724 2526; x_wconf 85' lang='lat' dir='ltr'><strong>codd.</strong></span> <span class='ocrx_word' id='word_1_144' title='bbox 744 2474 793 2548; x_wconf 86' lang='lat' dir='ltr'><strong>mci</strong></span> <span class='ocrx_word' id='word_1_145' title='bbox 812 2489 908 2526; x_wconf 88' lang='lat' dir='ltr'><strong>omncs.</strong></span> <span class='ocrx_word' id='word_1_146' title='bbox 946 2473 1006 2526; x_wconf 85' lang='lat' dir='ltr'><strong>Tum</strong></span> <span class='ocrx_word' id='word_1_147' title='bbox 1025 2485 1048 2530; x_wconf 83' lang='lat' dir='ltr'><strong>ct</strong></span> <span class='ocrx_word' id='word_1_148' title='bbox 1067 2491 1116 2528; x_wconf 92' lang='lat' dir='ltr'><strong>om.</strong></span> <span class='ocrx_word' id='word_1_149' title='bbox 1136 2475 1187 2540; x_wconf 66' lang='lat' dir='ltr'><strong>lib,</strong></span> 
     </span>
     <span class='ocr_line' id='line_1_20' title="bbox 170 2560 1186 2636; baseline -0.013 -10"><span class='ocrx_word' id='word_1_150' title='bbox 170 2575 259 2626; x_wconf 76' lang='lat' dir='ltr'><strong>allitus</strong></span> <span class='ocrx_word' id='word_1_151' title='bbox 278 2580 412 2636; x_wconf 83' lang='lat' dir='ltr'><strong>perperam</strong></span> <span class='ocrx_word' id='word_1_152' title='bbox 433 2563 536 2616; x_wconf 81' lang='lat' dir='ltr'><strong>cxlailset</strong></span> <span class='ocrx_word' id='word_1_153' title='bbox 547 2561 595 2627; x_wconf 83' lang='lat' dir='ltr'><strong>Ba,</strong></span> <span class='ocrx_word' id='word_1_154' title='bbox 613 2561 671 2612; x_wconf 84' lang='lat' dir='ltr'><strong>dein</strong></span> <span class='ocrx_word' id='word_1_155' title='bbox 688 2564 722 2615; x_wconf 76' lang='lat' dir='ltr'><strong>ari</strong></span> <span class='ocrx_word' id='word_1_156' title='bbox 736 2564 866 2633; x_wconf 72' lang='lat' dir='ltr'><strong>inferiora</strong></span> <span class='ocrx_word' id='word_1_157' title='bbox 878 2560 910 2611; x_wconf 82' lang='lat' dir='ltr'>W</span> <span class='ocrx_word' id='word_1_158' title='bbox 923 2570 949 2613; x_wconf 88' lang='lat' dir='ltr'><strong>et</strong></span> <span class='ocrx_word' id='word_1_159' title='bbox 959 2571 1128 2632; x_wconf 69' lang='lat' dir='ltr'><strong>perurentes·</strong></span> <span class='ocrx_word' id='word_1_160' title='bbox 1139 2561 1186 2614; x_wconf 86' lang='lat' dir='ltr'><strong>lla.</strong></span> 
     </span>
     <span class='ocr_line' id='line_1_21' title="bbox 170 2647 1187 2724; baseline -0.006 -16"><span class='ocrx_word' id='word_1_161' title='bbox 170 2659 201 2724; x_wconf 81' lang='lat'><strong>2)</strong></span> <span class='ocrx_word' id='word_1_162' title='bbox 221 2659 292 2724; x_wconf 74' lang='lat' dir='ltr'><strong>faris</strong></span> <span class='ocrx_word' id='word_1_163' title='bbox 311 2670 326 2706; x_wconf 88' lang='lat' dir='ltr'><strong>a</strong></span> <span class='ocrx_word' id='word_1_164' title='bbox 345 2670 378 2706; x_wconf 86' lang='lat' dir='ltr'><strong>m.</strong></span> <span class='ocrx_word' id='word_1_165' title='bbox 397 2669 434 2722; x_wconf 86' lang='lat' dir='ltr'><strong>pr.</strong></span> <span class='ocrx_word' id='word_1_166' title='bbox 453 2651 510 2717; x_wconf 86' lang='lat' dir='ltr'><strong>llo,</strong></span> <span class='ocrx_word' id='word_1_167' title='bbox 534 2653 633 2706; x_wconf 82' lang='lat' dir='ltr'><strong>s&#39;rsts&#39;ees</strong></span> <span class='ocrx_word' id='word_1_168' title='bbox 652 2664 699 2718; x_wconf 90' lang='lat' dir='ltr'><strong>pro</strong></span> <span class='ocrx_word' id='word_1_169' title='bbox 716 2653 803 2704; x_wconf 82' lang='lat' dir='ltr'><strong>s’ttices</strong></span> <span class='ocrx_word' id='word_1_170' title='bbox 821 2648 859 2699; x_wconf 87' lang='lat' dir='ltr'><strong>W.</strong></span> <span class='ocrx_word' id='word_1_171' title='bbox 880 2649 936 2702; x_wconf 82' lang='lat' dir='ltr'><strong>llals</strong></span> <span class='ocrx_word' id='word_1_172' title='bbox 956 2657 983 2702; x_wconf 82' lang='lat' dir='ltr'><strong>ot</strong></span> <span class='ocrx_word' id='word_1_173' title='bbox 1001 2647 1063 2702; x_wconf 80' lang='lat' dir='ltr'><strong>Bab.</strong></span> <span class='ocrx_word' id='word_1_174' title='bbox 1101 2649 1187 2703; x_wconf 85' lang='lat' dir='ltr'><strong>Statim</strong></span> 
     </span>
     <span class='ocr_line' id='line_1_22' title="bbox 170 2735 1188 2805; baseline -0.001 -15"><span class='ocrx_word' id='word_1_175' title='bbox 170 2746 320 2796; x_wconf 64' lang='lat' dir='ltr'><strong>emmaum</strong></span> <span class='ocrx_word' id='word_1_176' title='bbox 332 2740 373 2790; x_wconf 82' lang='lat' dir='ltr'><strong>W.</strong></span> <span class='ocrx_word' id='word_1_177' title='bbox 391 2739 431 2792; x_wconf 85' lang='lat' dir='ltr'><strong>lla</strong></span> <span class='ocrx_word' id='word_1_178' title='bbox 451 2747 477 2790; x_wconf 85' lang='lat' dir='ltr'><strong>et</strong></span> <span class='ocrx_word' id='word_1_179' title='bbox 494 2753 532 2805; x_wconf 86' lang='lat' dir='ltr'><strong>pr.</strong></span> <span class='ocrx_word' id='word_1_180' title='bbox 544 2737 584 2789; x_wconf 83' lang='lat' dir='ltr'><strong>lle</strong></span> <span class='ocrx_word' id='word_1_181' title='bbox 601 2738 789 2804; x_wconf 78' lang='lat' dir='ltr'><strong>permutatione</strong></span> <span class='ocrx_word' id='word_1_182' title='bbox 807 2735 951 2804; x_wconf 77' lang='lat' dir='ltr'><strong>frequente.</strong></span> <span class='ocrx_word' id='word_1_183' title='bbox 987 2736 1025 2788; x_wconf 80' lang='lat' dir='ltr'><strong>Gi.</strong></span> <span class='ocrx_word' id='word_1_184' title='bbox 1044 2737 1077 2789; x_wconf 80' lang='lat' dir='ltr'><strong>ad</strong></span> <span class='ocrx_word' id='word_1_185' title='bbox 1096 2736 1188 2791; x_wconf 82' lang='lat' dir='ltr'><strong>Donat.</strong></span> 
     </span>
     <span class='ocr_line' id='line_1_23' title="bbox 172 2820 1188 2894; baseline -0.002 -17"><span class='ocrx_word' id='word_1_186' title='bbox 172 2843 227 2894; x_wconf 83' lang='lat' dir='ltr'><strong>esp.</strong></span> <span class='ocrx_word' id='word_1_187' title='bbox 246 2825 265 2877; x_wconf 93' lang='lat' dir='ltr'><strong>l.</strong></span> <span class='ocrx_word' id='word_1_188' title='bbox 285 2833 338 2877; x_wconf 82' lang='lat' dir='ltr'><strong>mot.</strong></span> <span class='ocrx_word' id='word_1_189' title='bbox 356 2826 381 2877; x_wconf 88' lang='grc'><strong>8.</strong></span> <span class='ocrx_word' id='word_1_190' title='bbox 402 2832 429 2876; x_wconf 83' lang='lat' dir='ltr'><strong>et</strong></span> <span class='ocrx_word' id='word_1_191' title='bbox 448 2839 504 2890; x_wconf 90' lang='lat' dir='ltr'><strong>cap.</strong></span> <span class='ocrx_word' id='word_1_192' title='bbox 524 2820 566 2872; x_wconf 78' lang='lat' dir='ltr'><strong>Vl.</strong></span> <span class='ocrx_word' id='word_1_193' title='bbox 585 2831 637 2874; x_wconf 86' lang='lat' dir='ltr'><strong>mot.</strong></span> <span class='ocrx_word' id='word_1_194' title='bbox 656 2823 682 2872; x_wconf 81' lang='lat' dir='ltr'><strong>l.</strong></span> <span class='ocrx_word' id='word_1_195' title='bbox 728 2822 757 2889; x_wconf 89' lang='grc'><strong>3)</strong></span> <span class='ocrx_word' id='word_1_196' title='bbox 776 2821 812 2872; x_wconf 87' lang='lat' dir='ltr'><strong>lta</strong></span> <span class='ocrx_word' id='word_1_197' title='bbox 832 2821 907 2873; x_wconf 80' lang='lat' dir='ltr'><strong>codd.</strong></span> <span class='ocrx_word' id='word_1_198' title='bbox 927 2820 1024 2874; x_wconf 81' lang='lat' dir='ltr'><strong>Bonas.</strong></span> <span class='ocrx_word' id='word_1_199' title='bbox 1045 2822 1085 2872; x_wconf 87' lang='lat' dir='ltr'><strong>W.</strong></span> <span class='ocrx_word' id='word_1_200' title='bbox 1105 2823 1188 2875; x_wconf 81' lang='lat' dir='ltr'><strong>Macri.</strong></span> 
     </span>
     <span class='ocr_line' id='line_1_24' title="bbox 172 2905 1188 2979; baseline -0.009 -10"><span class='ocrx_word' id='word_1_201' title='bbox 172 2914 215 2968; x_wconf 77' lang='lat' dir='ltr'><strong>ua.</strong></span> <span class='ocrx_word' id='word_1_202' title='bbox 235 2913 259 2966; x_wconf 85' lang='grc' dir='ltr'><strong>Δ</strong></span> <span class='ocrx_word' id='word_1_203' title='bbox 278 2921 303 2966; x_wconf 82' lang='lat' dir='ltr'><strong>ct</strong></span> <span class='ocrx_word' id='word_1_204' title='bbox 321 2910 497 2979; x_wconf 82' lang='lat' dir='ltr'><strong>septendecim</strong></span> <span class='ocrx_word' id='word_1_205' title='bbox 515 2915 576 2960; x_wconf 79' lang='lat' dir='ltr'><strong>vett.</strong></span> <span class='ocrx_word' id='word_1_206' title='bbox 596 2906 727 2958; x_wconf 85' lang='lat' dir='ltr'><strong>Balasisni</strong></span> <span class='ocrx_word' id='word_1_207' title='bbox 752 2921 800 2957; x_wconf 88' lang='lat' dir='ltr'><strong>ana</strong></span> <span class='ocrx_word' id='word_1_208' title='bbox 825 2922 881 2957; x_wconf 88' lang='lat' dir='ltr'><strong>cam</strong></span> <span class='ocrx_word' id='word_1_209' title='bbox 907 2905 965 2956; x_wconf 84' lang='lat' dir='ltr'><strong>cdd.</strong></span> <span class='ocrx_word' id='word_1_210' title='bbox 987 2909 1062 2976; x_wconf 85' lang='lat' dir='ltr'><strong>antiq.</strong></span> <span class='ocrx_word' id='word_1_211' title='bbox 1082 2918 1188 2975; x_wconf 79' lang='lat' dir='ltr'><strong>excepta</strong></span> 
     </span>
     <span class='ocr_line' id='line_1_25' title="bbox 171 2991 1189 3054; baseline -0.004 0"><span class='ocrx_word' id='word_1_212' title='bbox 171 3002 236 3054; x_wconf 83' lang='lat' dir='ltr'><strong>Das.</strong></span> <span class='ocrx_word' id='word_1_213' title='bbox 272 2998 370 3052; x_wconf 75' lang='lat' dir='ltr'><strong>Laudat</strong></span> <span class='ocrx_word' id='word_1_214' title='bbox 388 2998 453 3050; x_wconf 83' lang='lat' dir='ltr'><strong>hauc</strong></span> <span class='ocrx_word' id='word_1_215' title='bbox 470 2995 606 3048; x_wconf 83' lang='lat' dir='ltr'><strong>lectionem</strong></span> <span class='ocrx_word' id='word_1_216' title='bbox 626 2995 701 3046; x_wconf 86' lang='lat' dir='ltr'><strong>otiam</strong></span> <span class='ocrx_word' id='word_1_217' title='bbox 719 2997 756 3048; x_wconf 89' lang='lat' dir='ltr'><strong>lo.</strong></span> <span class='ocrx_word' id='word_1_218' title='bbox 776 2995 852 3046; x_wconf 75' lang='lat' dir='ltr'><strong>Fred-</strong></span> <span class='ocrx_word' id='word_1_219' title='bbox 874 2991 1189 3050; x_wconf 59' lang='lat' dir='ltr'><strong>&amp;praesumtionem</strong></span> 
     </span>
     <span class='ocr_line' id='line_1_26' title="bbox 170 3077 1189 3155; baseline -0.007 -13"><span class='ocrx_word' id='word_1_220' title='bbox 170 3089 224 3142; x_wconf 80' lang='lat' dir='ltr'><strong>tib.</strong></span> <span class='ocrx_word' id='word_1_221' title='bbox 237 3087 268 3142; x_wconf 91' lang='lat' dir='ltr'><strong>ll.</strong></span> <span class='ocrx_word' id='word_1_222' title='bbox 287 3103 342 3155; x_wconf 89' lang='lat' dir='ltr'><strong>cap.</strong></span> <span class='ocrx_word' id='word_1_223' title='bbox 356 3085 381 3138; x_wconf 79' lang='lat'><strong>2.</strong></span> <span class='ocrx_word' id='word_1_224' title='bbox 401 3102 425 3153; x_wconf 90' lang='lat' dir='ltr'><strong>p.</strong></span> <span class='ocrx_word' id='word_1_225' title='bbox 440 3084 489 3136; x_wconf 77' lang='lat'><strong>117</strong></span> <span class='ocrx_word' id='word_1_226' title='bbox 510 3096 616 3150; x_wconf 82' lang='lat' dir='ltr'><strong>eamque</strong></span> <span class='ocrx_word' id='word_1_227' title='bbox 634 3082 729 3149; x_wconf 83' lang='lat' dir='ltr'><strong>primus</strong></span> <span class='ocrx_word' id='word_1_228' title='bbox 747 3081 845 3148; x_wconf 85' lang='lat' dir='ltr'><strong>recepit</strong></span> <span class='ocrx_word' id='word_1_229' title='bbox 857 3077 990 3142; x_wconf 62' lang='lat' dir='ltr'><strong>Balesium</strong></span> <span class='ocrx_word' id='word_1_230' title='bbox 1006 3097 1055 3149; x_wconf 69' lang='lat' dir='ltr'><strong>per</strong></span> <span class='ocrx_word' id='word_1_231' title='bbox 1067 3096 1189 3136; x_wconf 82' lang='lat' dir='ltr'><strong>canorem</strong></span> 
     </span>
     <span class='ocr_line' id='line_1_27' title="bbox 170 3165 1190 3235; baseline -0.005 -9"><span class='ocrx_word' id='word_1_232' title='bbox 170 3178 301 3233; x_wconf 63' lang='lat' dir='ltr'><strong>amicans</strong></span> <span class='ocrx_word' id='word_1_233' title='bbox 325 3173 391 3226; x_wconf 84' lang='lat' dir='ltr'><strong>malo</strong></span> <span class='ocrx_word' id='word_1_234' title='bbox 415 3170 510 3223; x_wconf 83' lang='lat' dir='ltr'><strong>lrabeat</strong></span> <span class='ocrx_word' id='word_1_235' title='bbox 529 3169 585 3222; x_wconf 88' lang='lat' dir='ltr'><strong>cod.</strong></span> <span class='ocrx_word' id='word_1_236' title='bbox 606 3169 742 3235; x_wconf 78' lang='lat' dir='ltr'><strong>lloyssiac.</strong></span> <span class='ocrx_word' id='word_1_237' title='bbox 762 3177 788 3220; x_wconf 89' lang='lat' dir='ltr'><strong>et</strong></span> <span class='ocrx_word' id='word_1_238' title='bbox 806 3168 848 3218; x_wconf 83' lang='lat' dir='ltr'><strong>ed.</strong></span> <span class='ocrx_word' id='word_1_239' title='bbox 868 3165 977 3235; x_wconf 72' lang='lat' dir='ltr'><strong>Rigalt.;</strong></span> <span class='ocrx_word' id='word_1_240' title='bbox 1002 3184 1190 3235; x_wconf 69' lang='lat' dir='ltr'><strong>percussorem</strong></span> 
     </span>
     <span class='ocr_line' id='line_1_28' title="bbox 171 3253 1190 3332; baseline -0.008 -14"><span class='ocrx_word' id='word_1_241' title='bbox 171 3268 277 3322; x_wconf 79' lang='lat' dir='ltr'><strong>musica</strong></span> <span class='ocrx_word' id='word_1_242' title='bbox 295 3263 356 3332; x_wconf 80' lang='lat' dir='ltr'><strong>(sic)</strong></span> <span class='ocrx_word' id='word_1_243' title='bbox 375 3277 412 3329; x_wconf 95' lang='lat' dir='ltr'><strong>pr.</strong></span> <span class='ocrx_word' id='word_1_244' title='bbox 431 3258 567 3327; x_wconf 77' lang='lat' dir='ltr'><strong>legebatur</strong></span> <span class='ocrx_word' id='word_1_245' title='bbox 585 3258 610 3308; x_wconf 89' lang='lat' dir='ltr'><strong>in</strong></span> <span class='ocrx_word' id='word_1_246' title='bbox 626 3256 676 3322; x_wconf 84' lang='lat' dir='ltr'><strong>lib,</strong></span> <span class='ocrx_word' id='word_1_247' title='bbox 694 3257 719 3308; x_wconf 93' lang='lat' dir='ltr'><strong>in</strong></span> <span class='ocrx_word' id='word_1_248' title='bbox 738 3269 790 3324; x_wconf 86' lang='lat' dir='ltr'><strong>quo</strong></span> <span class='ocrx_word' id='word_1_249' title='bbox 809 3271 828 3308; x_wconf 92' lang='lat' dir='ltr'><strong>r.</strong></span> <span class='ocrx_word' id='word_1_250' title='bbox 845 3270 877 3306; x_wconf 91' lang='lat' dir='ltr'><strong>m.</strong></span> <span class='ocrx_word' id='word_1_251' title='bbox 890 3253 992 3330; x_wconf 77' lang='lat' dir='ltr'><strong>scripsit</strong></span> <span class='ocrx_word' id='word_1_252' title='bbox 1002 3271 1052 3326; x_wconf 76' lang='lat' dir='ltr'><strong>per</strong></span> <span class='ocrx_word' id='word_1_253' title='bbox 1065 3271 1190 3310; x_wconf 81' lang='lat' dir='ltr'><strong>concrum</strong></span> 
     </span>
     <span class='ocr_line' id='line_1_29' title="bbox 171 3340 1189 3418; baseline -0.013 -12"><span class='ocrx_word' id='word_1_254' title='bbox 171 3354 319 3416; x_wconf 76' lang='lat' dir='ltr'><strong>musiacas,</strong></span> <span class='ocrx_word' id='word_1_255' title='bbox 345 3348 414 3418; x_wconf 83' lang='lat' dir='ltr'><strong>quod</strong></span> <span class='ocrx_word' id='word_1_256' title='bbox 437 3346 564 3415; x_wconf 82' lang='lat' dir='ltr'><strong>reperitur</strong></span> <span class='ocrx_word' id='word_1_257' title='bbox 587 3346 613 3397; x_wconf 88' lang='lat' dir='ltr'><strong>io</strong></span> <span class='ocrx_word' id='word_1_258' title='bbox 631 3342 669 3396; x_wconf 85' lang='lat' dir='ltr'><strong>Bb</strong></span> <span class='ocrx_word' id='word_1_259' title='bbox 688 3350 715 3396; x_wconf 84' lang='lat' dir='ltr'><strong>et</strong></span> <span class='ocrx_word' id='word_1_260' title='bbox 733 3344 759 3395; x_wconf 90' lang='lat' dir='ltr'><strong>in</strong></span> <span class='ocrx_word' id='word_1_261' title='bbox 777 3342 838 3395; x_wconf 80' lang='lat' dir='ltr'><strong>call.</strong></span> <span class='ocrx_word' id='word_1_262' title='bbox 858 3340 923 3394; x_wconf 84' lang='lat' dir='ltr'><strong>llas.</strong></span> <span class='ocrx_word' id='word_1_263' title='bbox 944 3341 1052 3411; x_wconf 84' lang='lat' dir='ltr'><strong>aliisquo</strong></span> <span class='ocrx_word' id='word_1_264' title='bbox 1071 3342 1189 3411; x_wconf 89' lang='lat' dir='ltr'><strong>complu-</strong></span> 
     </span>
     <span class='ocr_line' id='line_1_30' title="bbox 173 3429 1191 3499; baseline -0.01 -7"><span class='ocrx_word' id='word_1_265' title='bbox 173 3440 250 3492; x_wconf 87' lang='lat' dir='ltr'><strong>ribus.</strong></span> <span class='ocrx_word' id='word_1_266' title='bbox 280 3436 369 3490; x_wconf 83' lang='lat' dir='ltr'><strong>Statim</strong></span> <span class='ocrx_word' id='word_1_267' title='bbox 385 3439 416 3490; x_wconf 85' lang='lat' dir='ltr'><strong>irs</strong></span> <span class='ocrx_word' id='word_1_268' title='bbox 433 3437 495 3490; x_wconf 85' lang='lat' dir='ltr'><strong>sossi</strong></span> <span class='ocrx_word' id='word_1_269' title='bbox 513 3435 645 3490; x_wconf 73' lang='lat' dir='ltr'><strong>dulcioris</strong></span> <span class='ocrx_word' id='word_1_270' title='bbox 663 3434 756 3486; x_wconf 71' lang='lat' dir='ltr'><strong>auditu</strong></span> <span class='ocrx_word' id='word_1_271' title='bbox 768 3430 799 3483; x_wconf 81' lang='grc' dir='ltr'><strong>Α.</strong></span> <span class='ocrx_word' id='word_1_272' title='bbox 831 3429 893 3482; x_wconf 81' lang='lat' dir='ltr'><strong>lum</strong></span> <span class='ocrx_word' id='word_1_273' title='bbox 907 3431 1056 3486; x_wconf 70' lang='lat' dir='ltr'><strong>clotarium</strong></span> <span class='ocrx_word' id='word_1_274' title='bbox 1073 3432 1191 3499; x_wconf 76' lang='lat' dir='ltr'><strong>ciperem</strong></span> 
     </span>
     <span class='ocr_line' id='line_1_31' title="bbox 174 3513 1190 3585; baseline -0.014 -5"><span class='ocrx_word' id='word_1_275' title='bbox 174 3525 233 3580; x_wconf 80' lang='lat' dir='ltr'><strong>edd.</strong></span> <span class='ocrx_word' id='word_1_276' title='bbox 253 3524 422 3578; x_wconf 63' lang='lat' dir='ltr'><strong>Maeuianam</strong></span> <span class='ocrx_word' id='word_1_277' title='bbox 446 3521 629 3575; x_wconf 81' lang='lat' dir='ltr'><strong>antecedentes</strong></span> <span class='ocrx_word' id='word_1_278' title='bbox 654 3526 680 3572; x_wconf 84' lang='lat' dir='ltr'><strong>ot</strong></span> <span class='ocrx_word' id='word_1_279' title='bbox 704 3517 858 3570; x_wconf 81' lang='lat' dir='ltr'><strong>llorclliana.</strong></span> <span class='ocrx_word' id='word_1_280' title='bbox 904 3517 935 3585; x_wconf 84' lang='lat' dir='ltr'><strong>t)</strong></span> <span class='ocrx_word' id='word_1_281' title='bbox 958 3514 993 3567; x_wconf 87' lang='lat' dir='ltr'><strong>lta</strong></span> <span class='ocrx_word' id='word_1_282' title='bbox 1012 3514 1069 3567; x_wconf 89' lang='lat' dir='ltr'><strong>llbc</strong></span> <span class='ocrx_word' id='word_1_283' title='bbox 1095 3524 1121 3566; x_wconf 88' lang='lat' dir='ltr'><strong>et</strong></span> <span class='ocrx_word' id='word_1_284' title='bbox 1139 3513 1190 3580; x_wconf 86' lang='lat' dir='ltr'><strong>Ba;</strong></span> 
     </span>
     <span class='ocr_line' id='line_1_32' title="bbox 174 3605 1189 3678; baseline -0.012 -12"><span class='ocrx_word' id='word_1_285' title='bbox 174 3614 270 3678; x_wconf 83' lang='lat' dir='ltr'><strong>actori,</strong></span> <span class='ocrx_word' id='word_1_286' title='bbox 288 3621 316 3666; x_wconf 92' lang='lat' dir='ltr'><strong>ut</strong></span> <span class='ocrx_word' id='word_1_287' title='bbox 334 3612 394 3666; x_wconf 83' lang='lat' dir='ltr'><strong>alal.</strong></span> <span class='ocrx_word' id='word_1_288' title='bbox 414 3611 506 3663; x_wconf 81' lang='lat' dir='ltr'><strong>Manat.</strong></span> <span class='ocrx_word' id='word_1_289' title='bbox 525 3617 552 3662; x_wconf 80' lang='lat' dir='ltr'><strong>st</strong></span> <span class='ocrx_word' id='word_1_290' title='bbox 570 3608 741 3678; x_wconf 82' lang='lat' dir='ltr'><strong>posteriores,</strong></span> <span class='ocrx_word' id='word_1_291' title='bbox 761 3607 896 3668; x_wconf 60' lang='lat' dir='ltr'><strong>convictu</strong></span> <span class='ocrx_word' id='word_1_292' title='bbox 914 3606 948 3658; x_wconf 76' lang='lat' dir='ltr'><strong>ad</strong></span> <span class='ocrx_word' id='word_1_293' title='bbox 965 3605 1109 3658; x_wconf 78' lang='lat' dir='ltr'><strong>convitium</strong></span> <span class='ocrx_word' id='word_1_294' title='bbox 1127 3609 1189 3654; x_wconf 85' lang='lat' dir='ltr'><strong>vett.</strong></span> 
     </span>
     <span class='ocr_line' id='line_1_33' title="bbox 174 3691 1191 3765; baseline -0.006 -15"><span class='ocrx_word' id='word_1_295' title='bbox 174 3699 250 3765; x_wconf 83' lang='lat' dir='ltr'><strong>call.‚</strong></span> <span class='ocrx_word' id='word_1_296' title='bbox 274 3702 309 3754; x_wconf 81' lang='lat' dir='ltr'><strong>cal</strong></span> <span class='ocrx_word' id='word_1_297' title='bbox 324 3703 474 3756; x_wconf 74' lang='lat' dir='ltr'><strong>cmeicirsoa</strong></span> <span class='ocrx_word' id='word_1_298' title='bbox 490 3696 589 3750; x_wconf 79' lang='lat' dir='ltr'><strong>Erum.</strong></span> <span class='ocrx_word' id='word_1_299' title='bbox 610 3701 637 3747; x_wconf 85' lang='lat' dir='ltr'><strong>ct</strong></span> <span class='ocrx_word' id='word_1_300' title='bbox 654 3692 729 3746; x_wconf 80' lang='lat' dir='ltr'><strong>Grau.</strong></span> <span class='ocrx_word' id='word_1_301' title='bbox 766 3691 806 3744; x_wconf 76' lang='lat' dir='ltr'><strong>lte</strong></span> <span class='ocrx_word' id='word_1_302' title='bbox 825 3692 950 3759; x_wconf 85' lang='lat' dir='ltr'><strong>scriptura</strong></span> <span class='ocrx_word' id='word_1_303' title='bbox 969 3704 1027 3742; x_wconf 85' lang='lat' dir='ltr'><strong>voc.</strong></span> <span class='ocrx_word' id='word_1_304' title='bbox 1046 3691 1191 3744; x_wconf 61' lang='lat' dir='ltr'><strong>noscam</strong></span> 
     </span>
     <span class='ocr_line' id='line_1_34' title="bbox 174 3774 1208 3854; baseline -0.01 -15"><span class='ocrx_word' id='word_1_305' title='bbox 174 3795 249 3854; x_wconf 81' lang='lat' dir='ltr'><strong>pert</strong></span> <span class='ocrx_word' id='word_1_306' title='bbox 274 3800 324 3854; x_wconf 86' lang='lat' dir='ltr'><strong>pro</strong></span> <span class='ocrx_word' id='word_1_307' title='bbox 346 3803 361 3840; x_wconf 87' lang='lat' dir='ltr'><strong>c</strong></span> <span class='ocrx_word' id='word_1_308' title='bbox 384 3786 437 3839; x_wconf 85' lang='lat' dir='ltr'><strong>vid.</strong></span> <span class='ocrx_word' id='word_1_309' title='bbox 456 3784 543 3837; x_wconf 84' lang='lat' dir='ltr'><strong>adnot.</strong></span> <span class='ocrx_word' id='word_1_310' title='bbox 560 3781 593 3834; x_wconf 81' lang='lat' dir='ltr'><strong>ad</strong></span> <span class='ocrx_word' id='word_1_311' title='bbox 612 3780 731 3834; x_wconf 77' lang='lat' dir='ltr'><strong>Ambros.</strong></span> <span class='ocrx_word' id='word_1_312' title='bbox 750 3778 783 3830; x_wconf 87' lang='lat' dir='ltr'><strong>‹le</strong></span> <span class='ocrx_word' id='word_1_313' title='bbox 802 3775 885 3830; x_wconf 87' lang='lat' dir='ltr'><strong>ellico.</strong></span> <span class='ocrx_word' id='word_1_314' title='bbox 904 3791 928 3842; x_wconf 85' lang='lat' dir='ltr'><strong>p.</strong></span> <span class='ocrx_word' id='word_1_315' title='bbox 947 3775 1007 3828; x_wconf 81' lang='lat'><strong>265.</strong></span> <span class='ocrx_word' id='word_1_316' title='bbox 1043 3774 1105 3828; x_wconf 84' lang='lat' dir='ltr'><strong>Tum</strong></span> <span class='ocrx_word' id='word_1_317' title='bbox 1121 3777 1208 3846; x_wconf 56' lang='lat' dir='ltr'><strong>proi</strong></span> 
     </span>
     <span class='ocr_line' id='line_1_35' title="bbox 174 3863 1190 3941; baseline -0.015 -11"><span class='ocrx_word' id='word_1_318' title='bbox 174 3884 276 3930; x_wconf 73' lang='lat' dir='ltr'><strong>mut</strong></span> <span class='ocrx_word' id='word_1_319' title='bbox 292 3873 325 3941; x_wconf 72' lang='grc' dir='ltr'><strong>Α,</strong></span> <span class='ocrx_word' id='word_1_320' title='bbox 342 3891 451 3929; x_wconf 69' lang='lat' dir='ltr'><strong>mass</strong></span> <span class='ocrx_word' id='word_1_321' title='bbox 468 3874 493 3924; x_wconf 88' lang='lat' dir='ltr'><strong>im</strong></span> <span class='ocrx_word' id='word_1_322' title='bbox 509 3870 548 3923; x_wconf 87' lang='lat' dir='ltr'><strong>llc</strong></span> <span class='ocrx_word' id='word_1_323' title='bbox 567 3877 688 3924; x_wconf 81' lang='lat' dir='ltr'><strong>mutatum</strong></span> <span class='ocrx_word' id='word_1_324' title='bbox 707 3875 748 3920; x_wconf 85' lang='lat' dir='ltr'><strong>est</strong></span> <span class='ocrx_word' id='word_1_325' title='bbox 765 3867 789 3920; x_wconf 85' lang='lat' dir='ltr'><strong>io</strong></span> <span class='ocrx_word' id='word_1_326' title='bbox 808 3882 914 3931; x_wconf 80' lang='lat' dir='ltr'><strong>munus,</strong></span> <span class='ocrx_word' id='word_1_327' title='bbox 933 3870 960 3916; x_wconf 90' lang='lat' dir='ltr'><strong>ut</strong></span> <span class='ocrx_word' id='word_1_328' title='bbox 977 3863 1070 3932; x_wconf 69' lang='lat' dir='ltr'><strong>legitur</strong></span> <span class='ocrx_word' id='word_1_329' title='bbox 1087 3864 1113 3916; x_wconf 92' lang='lat' dir='ltr'><strong>in</strong></span> <span class='ocrx_word' id='word_1_330' title='bbox 1131 3863 1190 3916; x_wconf 87' lang='lat' dir='ltr'><strong>cdd.</strong></span> 
     </span>
     <span class='ocr_line' id='line_1_36' title="bbox 175 3949 1192 4028; baseline -0.011 -14"><span class='ocrx_word' id='word_1_331' title='bbox 175 3968 235 4016; x_wconf 85' lang='lat' dir='ltr'><strong>autc</strong></span> <span class='ocrx_word' id='word_1_332' title='bbox 253 3959 345 4014; x_wconf 76' lang='lat' dir='ltr'><strong>Manat.</strong></span> <span class='ocrx_word' id='word_1_333' title='bbox 365 3967 392 4014; x_wconf 82' lang='lat' dir='ltr'><strong>et</strong></span> <span class='ocrx_word' id='word_1_334' title='bbox 410 3976 452 4028; x_wconf 89' lang='lat' dir='ltr'><strong>ap.</strong></span> <span class='ocrx_word' id='word_1_335' title='bbox 472 3958 568 4014; x_wconf 86' lang='lat' dir='ltr'><strong>llorell.</strong></span> <span class='ocrx_word' id='word_1_336' title='bbox 604 3956 632 4014; x_wconf 88' lang='lat' dir='ltr'><strong>lo</strong></span> <span class='ocrx_word' id='word_1_337' title='bbox 651 3972 722 4028; x_wconf 76' lang='lat' dir='ltr'><strong>seqq.</strong></span> <span class='ocrx_word' id='word_1_338' title='bbox 740 3969 787 4023; x_wconf 90' lang='lat' dir='ltr'><strong>pro</strong></span> <span class='ocrx_word' id='word_1_339' title='bbox 805 3955 902 4026; x_wconf 69' lang='lat' dir='ltr'><strong>imperit</strong></span> <span class='ocrx_word' id='word_1_340' title='bbox 920 3949 957 4008; x_wconf 79' lang='lat' dir='ltr'><strong>Bb</strong></span> <span class='ocrx_word' id='word_1_341' title='bbox 982 3950 1060 4006; x_wconf 79' lang='lat' dir='ltr'><strong>tabet</strong></span> <span class='ocrx_word' id='word_1_342' title='bbox 1080 3951 1192 4010; x_wconf 61' lang='grc' dir='ltr'><strong>Μηδία</strong></span> 
     </span>
    </p>
   </div>
   <div class='ocr_carea' id='block_1_6' title="bbox 0 0 1437 4676">
    <p class='ocr_par' dir='ltr' id='par_1_7' title="bbox 0 0 1437 4676">
     <span class='ocr_line' id='line_1_37' title="bbox 0 0 1437 4676; baseline 0 0"><span class='ocrx_word' id='word_1_343' title='bbox 0 0 1437 4676; x_wconf 95' lang='lat' dir='ltr'><strong> </strong></span> 
     </span>
    </p>
   </div>
  </div>
 </body>
</html>
