2882 4692
747 355 787 418 to

257 514 390 596 plurimis
414 515 490 578 vitre
513 514 622 595 prioris
647 511 799 576 erroribus
824 513 981 594 inplicatus
1003 514 1145 591 tenebar,
1169 515 1276 594 qulbus

258 630 343 692 exsui
362 647 422 718 ⁴me
451 644 542 710 posse
570 644 630 690 uon
662 625 834 704 crederem,
865 629 908 688 sic
937 628 1014 688 vitiis
1046 627 1276 692 adhaerentibus

258 742 468 806 obsecundans
492 761 583 818 eram,
607 739 818 821 desperatione
836 739 991 802 meliorato
1009 743 1091 804 malis
1106 745 1182 806 rucis
1197 745 1277 807 uelut

259 859 315 921 iarn
348 858 477 939 propriis
510 875 545 918 ac
578 855 745 918 vernaculis
779 861 807 916 et
842 853 986 916 iavcbarn.
1031 855 1090 919 Sed
1121 863 1277 938 postqum

260 971 357 1034 undae
373 967 401 1046 ²)
433 969 579 1052 geuetalis
603 968 712 1032 arixilio
737 969 900 1048 superioris
923 971 992 1031 aevi
1015 969 1081 1032 labe
1104 969 1224 1034 detersa
1246 972 1278 1033 in

260 1086 408 1167 expiatum
442 1090 547 1166 pectus
581 1101 615 1146 ac
649 1101 755 1164 purum
791 1080 921 1162 desuper
954 1100 989 1144 se
1026 1084 1125 1148 lumen
1162 1084 1278 1164 infudit,

260 1207 415 1280 postquam
447 1198 571 1260 caelitus
602 1198 705 1277 spiritu
736 1196 843 1258 hausta
871 1195 902 1257 in
926 1214 1035 1260 novun
1059 1217 1106 1260 roe
1129 1199 1281 1262 bunnam

260 1314 395 1376 nativitas
428 1287 559 1373 secunda
593 1311 760 1391 reparavit,
796 1311 899 1372 anirum
933 1312 962 1374 in
993 1312 1112 1375 rnodarn
1142 1314 1278 1394 protinus

181 1467 185 1474 -
260 1426 436 1489 confirmare
459 1443 493 1486 se
517 1424 615 1504 dubia,
639 1433 742 1507 patere
766 1419 876 1503 clausa,
899 1426 1002 1488 lucere
1026 1428 1204 1506 tenebrosa,
1229 1426 1279 1490 ia·

261 1539 398 1603 cultatem
429 1539 500 1600 dare
530 1538 610 1620 quod
639 1538 721 1620 prius
745 1537 864 1600 diiiicile
888 1538 1060 1617 videbatur;
1097 1542 1164 1623 geri
1188 1557 1279 1622 posse

261 1757 413 1824 differretur
430 1758 569 1821 interitus,
592 1764 615 1807 et
633 1764 802 1823 reponerent.
841 1753 880 1804 lle
900 1769 980 1820 apere
1000 1763 1026 1805 et
1044 1755 1200 1824 eleemosyn.
1221 1773 1278 1825 cap.

261 1841 324 1894 lilii.
339 1844 362 1894 in
376 1843 431 1894 lin:
452 1847 621 1913 operantibus
637 1845 787 1911 praemium
801 1845 949 1912 pollicitus,
968 1847 1279 1912 suppliciamentum

262 1933 436 1984 comnaiuatue
455 1936 611 1986 aentmdam
629 1947 707 1984 auam
725 1933 847 1999 protulit,
866 1933 929 1999 qaid
946 1934 1115 1986 iudicaturus
1133 1936 1171 1986 ait
1185 1943 1209 1986 ct
1221 1942 1281 1986 ante

168 2021 173 2028 “
260 2021 405 2086 praedixit.
444 2018 482 2070 lie
503 2018 572 2070 bouc
595 2019 700 2092 pptient.
721 2035 776 2086 cap.
797 2018 826 2069 tt.
846 2035 867 2070 e.
889 2017 945 2069 line
974 2034 1022 2072 aee
1044 2021 1201 2087 rependisse
1223 2021 1284 2072 ini-⁴

262 2106 440 2168 uriconium,
459 2110 507 2160 aad
525 2109 646 2160 oaeiauar
664 2109 874 2176 adducimuper
886 2089 1084 2160 albuneam.
1116 2105 1156 2158 Ad
1170 2105 1282 2160 Decreta.

263 2206 317 2258 cap.
338 2190 400 2242 lllll.
421 2209 442 2246 c.
463 2194 518 2246 fin:
546 2187 579 2248 a!
600 2205 726 2265 appareat
751 2198 778 2247 in
796 2196 1031 2262 aspritudinem
1049 2195 1165 2248 nicaea
1183 2196 1284 2248 erlbac

261 2315 378 2378 forsitan
397 2325 421 2369 et
439 2319 580 2371 metictas
599 2325 668 2370 aare:
706 2314 745 2367 lic
764 2313 840 2367 habet
858 2291 928 2369 etum
946 2319 1066 2385 favebam
1080 2319 1144 2378 (iam
1158 2332 1171 2366 a
1185 2332 1235 2367 ree.
1250 2331 1282 2367 m.

262 2402 460 2469 superscripto).
497 2399 630 2456 Proelia
650 2417 700 2469 rng.
720 2399 966 2452 librillanotatunr
986 2404 1077 2468 astet}
1098 2402 1168 2454 cuius
1187 2403 1283 2469 depra-

263 2489 371 2540 vationis
390 2481 532 2555 exemplum
552 2488 644 2556 iegitur
663 2489 687 2538 in
707 2485 747 2538 liu
766 2496 793 2538 et
811 2485 857 2552 Bra,
878 2489 902 2537 in
924 2488 1012 2556 quibus
1032 2497 1114 2540 exstat
1132 2491 1282 2556 offavebam.

264 2573 378 2625 baluzius
404 2590 418 2625 c
445 2575 594 2643 quibusdam
620 2574 690 2626 libris
717 2583 779 2626 vett.
807 2575 911 2642 protulit
935 2574 1111 2643 probavitque
1131 2573 1283 2646 opacabant,

264 2645 300 2710 Bb
326 2669 351 2712 et
376 2662 434 2712 edd.
455 2661 518 2712 llav.
539 2671 614 2730 etque
634 2661 732 2713 Erasrn.
758 2662 818 2714 dant
845 2666 1003 2732 affamina,
1030 2659 1125 2714 bloroll.
1147 2668 1172 2712 at
1190 2659 1283 2714 Pamel.

264 2748 431 2816 adfavebam,
462 2747 502 2799 lid
523 2757 548 2798 et
567 2748 588 2798 Α
607 2752 727 2818 favebam
747 2765 794 2800 une
815 2766 869 2810 aurp
890 2748 947 2801 edd.
968 2749 1021 2799 rcll.
1067 2748 1096 2810 2)
1121 2753 1213 2803 muudi
1230 2764 1283 2815 ,pro

263 2837 348 2888 undae
368 2833 417 2886 tib.
454 2835 524 2887 idem
549 2835 613 2888 liber
635 2839 761 2908 punctalis
787 2839 810 2888 in
836 2852 923 2905 apogr.
950 2851 1002 2902 pn,
1034 2837 1059 2885 iu
1084 2834 1126 2887 alt.
1150 2839 1282 2906 penitalis,

264 2989 374 3045 moxque
402 2935 494 3031 lgmbe
522 2977 571 3040 (sic
599 2992 654 3029 curo
683 2977 798 3029 ineunula
826 2993 857 3028 ex
884 2989 969 3027 rasura
999 2974 1107 3042 relicta).
1145 2977 1283 3037 Serenum,

264 3062 332 3130 quod
357 3071 415 3129 post
438 3075 531 3135 pectus
557 3063 709 3116 addiderunt
734 3062 852 3114 baluzius
879 3071 905 3113 er
923 3059 1109 3126 Goldbcrniaa‚
1139 3076 1188 3116 cnr.
1208 3060 1284 3113 codd.

264 3152 343 3201 nostri
367 3166 456 3203 omnes
482 3159 508 3203 et
536 3151 594 3204 edd.
620 3151 674 3204 rell.
711 3149 795 3214 Quare
822 3151 937 3216 expunxi.
983 3151 1119 3218 [impiatae
1144 3155 1171 3200 ot
1196 3165 1285 3216 patruo

237 3223 239 3230 ’
264 3237 397 3304 coniungit
418 3237 512 3288 Noster
531 3239 605 3288 etiarn
625 3237 688 3289 inira
709 3255 763 3304 cap¹
784 3238 808 3286 i.
829 3239 889 3287 circ.
910 3235 950 3287 lin.
987 3233 1149 3298 Beioudaes,
1171 3232 1239 3302 quod
1258 3235 1285 3284 in

265 3321 304 3374 ilia
324 3323 442 3374 omissum
464 3332 517 3386 eet,
540 3340 592 3376 rec.
612 3340 644 3375 m.
664 3323 842 3390 superscripsit
860 3323 885 3373 in
906 3321 951 3372 ilc.
988 3318 1014 3370 ln
1034 3335 1106 3388 seqq.
1126 3329 1184 3388 pou
1200 3315 1284 3390 repa-

264 3413 335 3463 ravit
359 3410 384 3460 in
410 3409 466 3462 cod.
487 3409 527 3462 bib
547 3411 640 3462 desinit
661 3408 834 3476 apographum
853 3423 891 3474 pr.
930 3406 1009 3458 Alteri
1033 3409 1201 3474 praemittitur
1225 3409 1284 3476 epi-

177 3505 184 3522 *
265 3494 366 3547 stolium
386 3496 447 3548 illud
467 3496 559 3550 Donati
580 3497 611 3547 ed
631 3495 793 3564 Cypriacam,
813 3495 881 3563 quod
900 3509 913 3544 e
932 3493 987 3544 cod.
999 3492 1137 3545 'Canubium
1158 3495 1183 3546 iu
1202 3493 1286 3547 luceru

265 3581 370 3648 protulit
386 3587 521 3638 Panaeliua
542 3601 566 3650 p.
584 3585 606 3634 i.
645 3581 717 3634 Cani.
737 3585 834 3638 balus-
855 3580 912 3631 Not.
932 3579 1031 3645 pilio.
1069 3579 1175 3633 lurcrso
1195 3579 1286 3632 ordino

265 3673 421 3736 cucumare
438 3674 561 3739 protinus
580 3669 656 3722 babet
675 3668 722 3732 lib,
741 3678 881 3738 coeperant
899 3671 1055 3736 casanae
1074 3669 1120 3734 (ita
1140 3669 1216 3719 etiarn
1237 3665 1287 3734 lla)

265 3755 359 3806 omisso
379 3772 410 3809 aa
423 3754 474 3818 lib,
493 3759 630 3810 temdrcaa
648 3765 789 3824 comeant
804 3755 845 3806 cd.
858 3753 922 3804 liar.
953 3751 1015 3804 lum
1028 3757 1181 3823 faenum
1192 3769 1287 3822 saper·

266 3841 361 3907 scripto
388 3840 420 3892 ab
447 3857 499 3892 rec.
526 3858 558 3892 ro.
582 3845 735 3910 facilitatem
757 3841 803 3892 tie.
839 3839 888 3892 Pro
911 3844 1053 3910 putabatur
1079 3839 1116 3890 iio
1140 3843 1286 3894 viduatur.

267 3923 331 3975 Dein
348 3935 375 3980 ut
393 3936 465 3980 earet
484 3943 532 3982 om.
548 3928 578 3979 Α.
616 3926 703 3979 Sutia
722 3931 833 3996 npnaeai
851 3925 937 3977 scribit
953 3923 993 3976 lib
1006 3939 1114 3994 nonque
1126 3936 1150 3978 at
1163 3929 1204 3980 dei
1215 3943 1286 3980 aeae.
