2834 4686
601 465 664 535 257

119 627 247 709 inplevit
269 635 299 692 et
322 627 415 692 iactis.
461 627 498 692 lit
512 628 571 709 'qui
588 625 628 703 ¹²)
658 627 695 691 ad
721 627 784 692 boc
815 626 1008 693 descendisse
1033 645 1068 691 se
1091 625 1140 690 di·

119 747 216 821 xernt
240 749 272 805 ut
294 743 476 806 voluntatem
500 742 592 824 patris
616 739 746 822 iaceret,
770 743 848 806 inter
870 749 970 806 cetere
994 741 1140 825 magnalia

120 861 151 918 et
183 854 326 918 mirabilia
357 857 517 934 virtulum,
553 854 659 935 quibus
684 853 795 918 indicia
829 855 947 919 divinae
980 855 1140 919 mniestetis
1237 843 1245 857 ’

119 967 286 1049 expressit,
318 973 471 1049 palernam
495 984 616 1047 quoque
639 967 810 1047 patientiam
834 967 1011 1030 tolerantiae
1033 974 1140 1030 tenore

119 1081 260 1145 servavit.
304 1080 406 1144 Omnis
430 1080 562 1160 deniqne
584 1087 667 1144 ectus
693 1077 699 1160 Ι
725 1080 789 1143 eius
814 1079 849 1142 ab
873 1081 939 1163 ipso
963 1081 1059 1144 statim
1083 1080 1140 1142 ad·
1155 1102 1193 1143 ne

10 1189 23 1258 ’.
120 1199 212 1257 ventu
234 1193 376 1277 patientia
398 1193 508 1254 comite
530 1192 666 1274 signatur
685 1189 744 1271 ¹³),
781 1191 860 1272 qnod
883 1193 1006 1274 primum
1031 1192 1069 1255 de
1092 1193 1140 1255 ille

119 1306 296 1370 sublimitate
319 1304 441 1367 caelesti
465 1303 500 1366 ad
524 1309 644 1366 terrena
668 1302 857 1366 descendens
882 1321 941 1368 non
965 1311 1141 1388 aspernatur

119 1420 168 1484 dei
191 1418 268 1484 lilius
287 1434 411 1482 carnem
434 1415 561 1479 bominis
585 1413 781 1493 induerem,
815 1432 881 1476 cum
909 1423 1051 1497 peccator
1075 1419 1140 1500 ipse

119 1553 180 1599 non
205 1539 306 1613 esset,
338 1532 435 1594 aliena
464 1534 588 1611 peccata
616 1533 746 1610 portare.
792 1527 1001 1592 inmortalitate
1022 1530 1140 1595 interim

118 1649 217 1729 posita
241 1645 306 1710 lieri
328 1662 363 1708 se
387 1648 416 1706 et
436 1637 474 1719 ¹⁴)
504 1641 659 1704 mortalem
689 1641 815 1721 patitur,
848 1646 880 1703 ut
910 1641 1055 1706 innocens
1084 1661 1140 1726 pro

119 1758 291 1820 nocentium
307 1755 404 1818 salute
418 1754 589 1836 perimetur.
622 1751 765 1814 Dominus
781 1751 979 1833 baptizatore
995 1775 1085 1820 servo
1101 1756 1141 1836 ¹⁵)

120 1876 149 1932 et
173 1870 327 1936 remissam
350 1874 542 1949 peccatorum
572 1866 695 1930 daturus
720 1865 785 1947 ipse
809 1883 869 1928 non
892 1866 1071 1952 dedignatur
1092 1871 1140 1933 ln-

122 2000 213 2046 vacro
237 1981 476 2065 regenerationis
501 1997 611 2062 corpus
635 1971 766 2046 abluere.
810 1979 922 2044 Diebus
946 1985 1139 2067 quodraginta

192 2260 236 2324 12)
256 2262 291 2313 Et
310 2261 356 2328 pari
375 2257 414 2308 W.
434 2255 534 2308 llebed.
554 2255 624 2322 ban,
644 2258 704 2308 item
725 2257 766 2308 ed.
785 2257 895 2324 Manet,
914 2268 939 2313 et
958 2265 1020 2329 qnia
1039 2263 1096 2313 cod.
1118 2263 1140 2316 Α

119 2363 142 2399 c.
162 2347 253 2398 ceteris
273 2346 354 2397 editis.
393 2345 451 2396 bloi
469 2359 515 2412 prc
534 2347 669 2398 mirabilia
689 2346 735 2411 (ite
750 2343 866 2398 baluzius
879 2355 903 2396 et
917 2362 930 2397 a
944 2353 1009 2398 corr.
1024 2364 1056 2399 m.
1073 2349 1139 2416 blei,

119 2452 256 2523 mirabilia
275 2469 335 2534 (sic)
356 2465 406 2537 bnt
426 2467 465 2518 W.
487 2466 550 2518 bled.
571 2463 615 2519 Bu.
635 2465 658 2517 Α
677 2475 703 2518 et
722 2467 779 2519 edd.
800 2466 855 2520 rell.
875 2467 996 2520 exhibent
1017 2473 1137 2524 admiro-

118 2559 192 2624 tetta,
213 2556 281 2624 qnod
300 2557 324 2606 in
338 2555 376 2608 lle
395 2572 443 2623 per
460 2572 510 2608 ree.
531 2555 689 2607 immutatum
705 2563 745 2606 est
758 2556 783 2607 iu
796 2558 938 2620 attrahitis,
958 2555 1041 2618 codex
1053 2566 1137 2610 eutem

119 2641 177 2694 Ver.
194 2643 285 2695 scribit
302 2644 443 2712 mopnolia.
482 2640 518 2692 lte
537 2639 632 2693 Noster
651 2639 730 2707 Epist.
749 2639 798 2692 Vll.
818 2659 843 2709 p.
863 2642 893 2694 15
912 2645 937 2694 in
956 2644 1012 2698 lim:
1033 2647 1139 2699 divinae

11 2721 12 2736 ¹
118 2733 266 2783 maiestatis
284 2733 365 2783 entite
382 2731 530 2798 mapnetia,
555 2727 636 2795 Epist.
656 2726 739 2778 blllll.
762 2743 787 2795 p.
808 2729 856 2780 ao:
883 2735 1139 2800 meynele'o'de'ce'nee

12 2811 13 2834 ¹
117 2817 302 2882 protectionic,
333 2814 365 2864 de
384 2813 441 2864 eelc
462 2821 488 2864 et
506 2811 586 2864 livore
606 2827 663 2878 cap.
682 2812 723 2864 tv,
743 2813 800 2866 dn:
826 2819 1006 2870 obtrectantes
1023 2835 1136 2886 mayne-

118 2901 205 2966 tiiue,
231 2915 295 2968 puae
314 2902 359 2952 iile
377 2903 503 2967 faciebat,
527 2897 606 2965 Epist.
627 2896 676 2947 tv,
695 2913 721 2962 p.
740 2898 775 2948 82
793 2897 870 2949 inira:
897 2903 988 2968 ipram
1006 2906 1139 2956 &morum

119 2987 251 3056 mecentio
269 2995 293 3039 et
310 2988 445 3038 mirabilia
463 3001 569 3038 summe
586 2986 732 3052 piceientem.
769 2982 835 3035 Dedi
858 2987 934 3052 igitur
957 2994 1089 3057 mepnnttn
1114 3001 1139 3044 ct

118 3074 268 3136 mirabitin3
297 3087 353 3128 nam
379 3081 403 3125 et
426 3075 478 3124 m‘r
497 3073 559 3124 enta
583 3071 662 3137 primo
688 3069 822 3138 legebatur
846 3073 921 3124 etinm
943 3076 968 3124 in
987 3074 1035 3126 llb.
1073 3075 1138 3128 Dein

119 3158 177 3208 edd.
196 3167 277 3223 vett,
298 3157 396 3210 Erasm.
416 3166 441 3210 et
511 3173 536 3209 v.
556 3157 650 3209 labent
668 3175 783 3212 enarum
801 3159 937 3224 virtutum,
957 3161 1048 3214 blenut.
1068 3163 1137 3216 Pam.

119 3254 145 3297 et
170 3247 326 3298 recentiores
351 3251 480 3300 virtutum
503 3263 626 3300 ruerunt.
664 3244 714 3296 Sed
740 3245 814 3297 codd.
833 3246 872 3298 W.
893 3247 990 3302 blebed.
1010 3248 1048 3302 lib
1072 3255 1138 3303 etA

119 3334 210 3384 merito
229 3347 278 3384 orn.
297 3351 426 3400 enarum,
453 3333 522 3402 quod
542 3332 651 3400 gloeeern
671 3335 753 3400 repit,
776 3334 853 3402 idque
872 3339 992 3403 expunxit
1010 3339 1059 3390 inm
1079 3339 1136 3391 blo·

118 3417 214 3472 relliue.
251 3419 279 3472 ln
297 3436 367 3489 seqq.
387 3419 422 3471 lie
442 3420 484 3471 dat
503 3423 619 3474 emeriti
644 3419 760 3472 sollemni
780 3435 878 3474 errore.
927 3423 971 3487 13)
992 3431 1084 3480 omnio
1104 3455 1135 3466 -

119 3515 196 3559 aetate
216 3533 249 3544 -
262 3535 293 3544 -
307 3535 341 3545 -—
362 3509 487 3578 eipnetnr
505 3507 580 3558 codd.
601 3505 641 3558 W.
662 3507 744 3559 blabd.
765 3506 824 3560 Bab.
846 3511 867 3560 lt
886 3519 911 3562 et
930 3527 975 3562 sex
993 3529 1035 3580 ep.
1055 3510 1136 3564 Dxcn.

118 3607 142 3644 c.
162 3592 203 3644 ed.
224 3591 301 3659 bion,
328 3596 387 3646 item
413 3611 427 3646 a
449 3611 482 3646 m.
503 3609 540 3661 pr.
561 3594 615 3659 blc3
643 3613 733 3650 omnes
752 3625 785 3633 -
806 3626 836 3637 -
858 3627 889 3636 -
909 3601 1051 3668 eipnentao·
1068 3600 1136 3668 eulg.

118 3676 255 3748 Perperene
275 3685 426 3752 eipnificont
444 3682 486 3735 ed.
507 3679 571 3733 Der.
593 3689 619 3732 et
637 3684 662 3734 in
685 3683 794 3736 eleusula
807 3694 935 3754 ,portaret
954 3683 1011 3736 blbd
1032 3693 1058 3738 et
1075 3684 1137 3740 liab.
1218 3753 1221 3760 .

14 3811 15 3834 p
119 3765 166 3831 11)
189 3778 213 3822 et
231 3782 281 3820 om.
303 3768 343 3819 llb
364 3776 390 3820 et
408 3770 438 3821 Α.
476 3765 575 3819 Dorisco
594 3778 624 3823 aet
640 3768 682 3820 bic
700 3769 765 3821 liber
783 3770 861 3822 babet
877 3776 1034 3840 perimitur,
1061 3775 1086 3824 iu
1106 3772 1137 3824 W

118 3861 145 3903 et
164 3852 202 3905 lla
222 3863 261 3906 eet
279 3866 438 3926 perornetur⁴
475 3853 592 3907 Correxit
615 3871 635 3910 r.
654 3871 687 3908 m.
706 3858 731 3908 in
750 3855 799 3910 llb.
847 3859 892 3925 15)
916 3879 932 3912 e
950 3875 1028 3913 eereo
1049 3863 1136 3930 bapti-

117 3949 204 3995 eutnr
222 3941 272 3994 lib.
309 3941 371 3994 lum
389 3946 507 3996 neminen
526 3942 594 3994 idern
611 3941 692 4009 liber,
720 3943 782 3998 lieb.
802 3944 842 3996 bld
862 3954 888 3996 et
906 3944 937 3997 tt.
975 3944 1074 3997 Deinde
1092 3949 1136 3999 te-

117 4032 218 4082 veebro
236 4027 258 4080 Α
279 4037 304 4080 et
322 4029 362 4082 ed.
384 4023 483 4081 ilore'll.

890 4119 929 4185 17
