2858 4688
722 403 784 468 tta

245 583 304 628 non
327 571 382 628 est.
428 564 459 628 Si
478 564 590 627 crimen
612 569 679 642 est‚·
691 561 760 644 qnid
776 558 803 638 ⁸)
820 577 879 625 non
897 558 1043 622 interficis
1055 559 1265 635 confitentem

212 651 216 662 .
243 679 270 741 si
293 678 403 740 crimen
427 681 487 741 non
512 685 578 757 est,-
607 676 678 757 quid
702 675 895 757 persequeris
912 653 1137 736 innocentem?
1181 672 1264 734 Tor-

244 792 330 872 queri
340 789 368 867 ⁴)
392 793 470 854 enirn
489 789 588 869 debui,
613 792 638 852 si
655 806 807 871 negarem.
846 787 876 850 Si
892 805 1016 868 paenam
1033 791 1111 848 tuam
1128 791 1264 847 metuens

170 891 171 897 ἵ
243 903 273 966 id
296 903 482 1002 quod'prius
505 902 619 966 iuerarn
642 908 672 964 et
703 900 783 982 quod
814 900 889 964 deos
920 906 989 963 tuoe
1019 917 1078 961 non
1110 899 1264 962 colueram

245 1016 400 1081 mendacio
424 1015 545 1078 iaiiente
568 1015 706 1094 celarem,
730 1021 799 1076 tuno
822 1011 1007 1093 torquendus
1031 1011 1169 1089 fuissem,
1192 1019 1265 1074 tunc

155 1177 157 1182 ,
244 1129 281 1194 ad
304 1129 526 1193 confessionem
550 1128 681 1191 criminis
705 1129 735 1188 vi
758 1126 870 1190 doloris
894 1123 1060 1207 adigendus
1073 1121 1111 1202 ⁵),
1134 1125 1211 1186 sicut
1232 1125 1264 1186 in

245 1242 468 1324 quaestionibus
499 1241 608 1304 ceteris
639 1244 819 1321 torquentur
841 1239 903 1316 rei,
936 1239 986 1319 qui
1009 1255 1043 1300 se
1066 1243 1178 1319 negant
1199 1237 1264 1298 cri-

244 1356 340 1435 mine,
364 1373 424 1436 quo
448 1361 642 1432 accusantur,
665 1354 779 1430 teneri,
809 1359 840 1416 ut
864 1350 1007 1415 facinoris
1030 1350 1156 1426 veritas,
1186 1369 1264 1432 quae

244 1467 343 1531 indice
371 1484 448 1532 voce
478 1482 537 1528 non
567 1466 731 1546 promitur,
767 1463 874 1527 dolore
904 1464 1041 1544 corporis
1072 1464 1263 1544 exprimatur.

244 1579 331 1642 Nunc
355 1598 428 1643 vero
452 1597 518 1642 cum
541 1585 649 1660 sponte
665 1575 692 1652 ⁶)
716 1577 861 1641 confitear
884 1583 914 1640 et
937 1579 1071 1656 clamem,
1096 1584 1126 1639 et
1148 1579 1264 1640 crebris

245 1712 282 1756 ao
308 1695 441 1776 repetitis
471 1692 631 1756 identidem
656 1693 779 1755 vocibus
804 1671 998 1756 Christianum
1022 1710 1070 1754 me
1092 1708 1161 1753 esse
1185 1709 1263 1754 con-

245 1812 349 1885 tester,
372 1806 441 1888 quid
464 1813 610 1869 tormenta
634 1806 777 1868 admoves
801 1806 951 1870 confitenti
974 1811 1004 1866 et
1027 1805 1102 1868 deos
1118 1810 1187 1868 tuos
1202 1821 1262 1866 non

245 1919 275 1980 in
298 1917 405 1980 abditis
429 1923 458 1980 et
480 1919 605 1980 secretis
627 1918 720 1996 iocis,
751 1917 805 1980 sed
829 1918 942 1998 palan,
972 1917 1026 1978 sed
1049 1916 1184 1999 publice,
1207 1917 1262 1980 sed

244 2030 274 2092 in
298 2029 364 2093 foro
387 2032 454 2110 ipso
479 2031 699 2114 magistratibus
723 2038 752 2093 et
774 2030 961 2113 praesidibus
986 2030 1173 2102 audientibus
1204 2029 1264 2092 de-

244 2143 378 2218 struenti,
405 2148 438 2203 ut
459 2141 516 2205 etei
538 2161 642 2223 parum
666 2142 763 2205 iuerat
785 2143 870 2224 quod
890 2143 919 2204 in
944 2162 990 2204 me
1013 2144 1096 2225 prius
1120 2145 1263 2207 crimine-

244 2255 323 2316 baris
347 2257 485 2334 creverit,
509 2255 588 2338 quod
608 2262 638 2316 et
657 2257 759 2318 odisse
778 2262 807 2319 et
822 2257 929 2337 punire
943 2255 1009 2338 pius
1027 2256 1147 2335 debeas,
1170 2256 1263 2337 quod,

244 2359 311 2431 dum
335 2387 382 2431 me
406 2368 602 2432 Christianum
632 2368 743 2431 celebri
773 2370 842 2432 ioco
865 2375 895 2431 et
916 2371 1028 2453 populo
1052 2370 1263 2432 circumstante
1363 2409 1366 2414 -
1425 2361 1426 2384 ¹

313 2556 343 2622 3)
362 2572 412 2610 cur
424 2555 464 2606 bib
483 2561 510 2604 et
524 2561 589 2606 vett.
609 2553 667 2606 edd.
687 2555 822 2608 cibemur.
837 2556 1009 2626 atqueGrav,
1028 2539 1133 2626 quarum
1152 2558 1220 2610 baec
1235 2561 1261 2610 in

243 2655 293 2708 urg.
314 2644 390 2709 puid3
417 2658 470 2694 aon
494 2655 508 2690 a
534 2655 554 2691 a.
575 2655 607 2692 rc.
626 2643 822 2709 superscriptum
846 2645 871 2694 iu
890 2643 937 2696 bic.
975 2643 1059 2695 Verba
1078 2647 1206 2712 proxime:
1235 2649 1263 2700 ai

243 2731 343 2782 merea
359 2743 412 2780 που
430 2737 485 2794 ert,
515 2731 578 2796 quid
599 2733 770 2798 percoquam
793 2731 976 2784 innocentem?
994 2737 1044 2781 om.
1065 2729 1116 2794 Bb;
1146 2749 1196 2785 eur
1213 2746 1261 2797 pro

243 2817 305 2883 pora
327 2812 404 2865 babet
427 2815 502 2865 etiarn
521 2813 545 2866 b.
564 2814 580 2865 Ι.
603 2815 643 2867 ed.
664 2813 726 2867 Dav.
769 2815 830 2885 Turn
849 2817 1094 2885 acquiescente.
1138 2820 1168 2879 d)
1186 2822 1260 2872 Tor-

243 2917 321 2969 quere
339 2901 396 2953 edd.
410 2901 499 2954 Venet.
514 2911 540 2954 et
553 2902 643 2967 iinon,
662 2921 786 2974 asparem
800 2918 847 2971 pro
862 2907 974 2957 celerem
987 2903 1018 2953 W
1032 2911 1059 2955 et
1071 2901 1120 2955 bia.
1156 2905 1184 2966 5)
1197 2907 1261 2957 odi-

308 2999 324 3027 fl

242 3043 334 3110 pendis
354 3039 416 3091 binc.
453 3039 514 3092 Tum
532 3045 560 3096 in
580 3046 780 3112 quaestionibus
799 3047 895 3096 cetaria
915 3047 1006 3108 (ceteri
1023 3043 1095 3111 bibd)
1109 3043 1148 3092 W.
1162 3041 1260 3093 biebcd.

244 3124 296 3177 Bab
316 3135 342 3178 et
360 3127 398 3191 A,
416 3126 495 3195 vulgo
513 3132 542 3181 in
561 3133 655 3184 ceteris
675 3133 880 3197 quaestionibus.
919 3129 975 3182 biox
993 3145 1107 3196 pronora.
1127 3147 1157 3183 ee
1175 3129 1208 3181 al.
1228 3146 1261 3181 m.

243 3214 420 3280 superscripsit
438 3215 462 3264 in
483 3212 534 3278 Bb,
563 3219 674 3282 crimine
700 3230 713 3265 e
740 3218 839 3267 crimen
864 3225 963 3268 enatum
989 3225 1028 3267 eet
1052 3217 1075 3267 in
1096 3215 1145 3266 Mb.
1183 3213 1260 3266 Penio

243 3307 302 3365 poet
325 3302 423 3355 indicia
442 3299 479 3365 Α,
508 3319 572 3355 coeo
594 3316 643 3352 om.
666 3297 711 3350 bb.
748 3297 817 3350 idem
843 3301 908 3354 iiber
932 3320 989 3358 cum
1015 3303 1074 3355 edd.
1098 3310 1159 3353 vett.
1184 3300 1262 3354 babet

242 3439 413 3504 promittitur.
452 3436 551 3489 Deinde
570 3440 753 3506 exprimitur.-
776 3439 804 3503 6)
825 3399 967 3510 :bosporum
984 3441 1034 3507 bib,
1054 3460 1103 3512 pao
1123 3451 1213 3511 rpcntc
1231 3442 1260 3493 Α.

243 3520 313 3573 idem
332 3528 474 3592 confitetur.
512 3521 599 3573 Statim
619 3532 644 3576 et
662 3529 781 3578 edomans
801 3530 903 3580 crebris
923 3525 975 3592 Bb,
999 3529 1059 3580 item
1078 3527 1207 3580 bioreiiiue
1225 3545 1262 3581 cc

243 3611 358 3675 optimis,
378 3617 406 3660 ut
424 3611 466 3673 ait,
485 3611 563 3662 tibris
582 3625 661 3663 mauu
680 3613 800 3681 scriptia.
837 3611 885 3665 Pru
902 3617 1041 3668 identidem
1053 3612 1091 3665 Bb
1104 3616 1260 3668 identidem.

244 3691 304 3744 Tum
323 3704 347 3748 et
365 3702 424 3746 ante
443 3697 505 3764 quid
520 3692 552 3758 A,
572 3699 616 3764 qui
631 3693 677 3761 bb,
697 3701 766 3766 quod
783 3715 797 3750 a
817 3716 849 3753 m.
869 3716 907 3767 pr.
921 3701 970 3753 bib.
1006 3701 1122 3753 Proxime
1140 3718 1193 3754 noar
1210 3715 1260 3751 om.

244 3780 283 3830 W.
320 3781 381 3833 Tum
406 3785 617 3837 nimocensis
641 3783 811 3838 exhibetbib.
849 3785 906 3837 bion
924 3791 1029 3855 feceram
1047 3787 1084 3852 A,
1110 3791 1192 3856 suerit
1209 3786 1260 3838 ttb.

243 3865 344 3920 Deinde
366 3866 619 3934 ementiendo,
648 3875 716 3940 quod
740 3888 789 3924 om.
808 3872 839 3924 A.
875 3871 991 3925 Proxime
1016 3877 1083 3944 quod
1107 3877 1175 3944 quod
1198 3875 1261 3926 dum

245 3952 396 4008 acribiam.
433 3953 460 4004 in
478 3968 549 4023 seqq.
569 3957 593 4006 in
612 3955 653 4006 bid
673 3956 768 4025 iegitur
786 3962 1002 4027 praecentione,
1027 3961 1097 4011 utin
1119 3959 1177 4010 edd.
1196 3965 1259 4010 vett.
