2868 4700
595 481 638 548 ³7

92 640 156 702 erit
185 639 349 717 omnibus,
380 640 463 703 sicut
491 636 573 718 eim)
606 642 733 705 illorum
751 644 823 724 seit.
867 643 1066 726 Adinplantur
1076 644 1119 731 ¹¹)

94 772 309 834 quaecumque
331 753 484 833 praedicta
507 762 593 834 sunt,
616 763 647 818 et
663 755 917 838 adpropinquante
933 759 989 821 iern
1006 761 1120 824 saeculi

93 866 154 929 fine
177 866 332 932 hominurn
354 869 468 949 puriter
490 888 525 932 ac
548 875 716 951 temporum
740 872 932 950 probationes
961 881 1117 936 venerunt

93 982 192 1064 Magis
216 1000 251 1043 ac
274 983 370 1066 magis
380 979 421 1059 ¹²)
444 983 621 1046 adversario
648 985 803 1047 saeviente
826 1003 915 1046 error
937 984 1026 1063 fallit,
1057 1005 1118 1050 ex·

66 1098 173 1160 stollit
194 1102 317 1178 stupor,
339 1096 417 1159 livor
439 1097 587 1175 incendit,
614 1098 760 1179 cupiditas
785 1105 944 1177 excaecat,
976 1099 1118 1180 depravat

93 1203 238 1292 inpietas,
267 1209 407 1290 superbie
437 1209 532 1289 indat,
559 1207 709 1274 discordia
743 1218 921 1293 exasperat,
951 1212 995 1274 ire
1023 1231 1116 1294 prae-

96 1324 206 1405 cipitat

561 1431 638 1500 XV.

183 1549 252 1612 Non
275 1554 373 1611 ternen
396 1546 493 1633 ποεῖ)
515 1556 636 1614 moveat
658 1556 708 1612 aut
730 1549 830 1612 turbet
852 1550 1009 1613 multorum
1026 1551 1115 1614 nimia

94 1671 125 1726 et
147 1664 272 1744 abrupta
294 1662 434 1746 perfidia,
466 1663 521 1726 sed
551 1667 650 1746 potius
674 1662 761 1726 fidem
796 1669 929 1726 nostram
959 1681 1114 1745 praenun-

58 1787 82 1830 ¹⁰
93 1781 185 1842 tiatae
217 1779 263 1840 rei
293 1778 422 1846 ,veritate
452 1776 638 1840 corroboret
683 1777 720 1839 Ut
753 1775 908 1858 quidsm²)
937 1776 1011 1839 tetes
1044 1795 1114 1840 esse

94 1898 270 1974 coeperunt,
287 1893 356 1970 quia
370 1889 445 1953 haec
461 1896 528 1952 ente
541 1890 691 1970 praedicte
704 1896 782 1966 sunt,
798 1890 839 1950 ita
851 1891 944 1951 ceteri
956 1889 1064 1952 iratres
1077 1893 1113 1954 ab

94 2003 242 2066 eiusmodi
258 2012 394 2084 caveant,
411 2005 479 2085 quia
496 2011 526 2066 et
541 2002 615 2066 haec
627 2009 694 2066 ante
706 2002 858 2083 praedicta
870 2008 938 2064 sunt
949 2004 1113 2067 instruente

94 2117 216 2181 domino
241 2123 271 2178 et
293 2116 426 2179 dicente:
461 2115 522 2179 Vos
545 2124 647 2178 antem
669 2122 793 2187 cavete,·
824 2132 893 2174 cccc
915 2117 1070 2193 praedixi
1085 2114 1113 2194 ³)

92 2232 183 2294 vobis
198 2231 312 2293 omnio.
351 2225 495 2309 vestet),
518 2247 641 2310 quaeso,
657 2246 713 2290 vos
729 2225 875 2290 eiusmodi
890 2227 1035 2307 homines,
1052 2238 1113 2295 eta

167 2385 212 2447 10)
232 2394 256 2439 et
274 2400 323 2436 om.
341 2383 382 2435 W.
400 2381 445 2435 Ba.
464 2382 495 2436 Α.
534 2383 581 2448 11)
601 2387 749 2453 implentur
768 2382 797 2435 d.
829 2381 895 2434 Dein
914 2383 1022 2451 puncti.
1054 2384 1113 2439 Mos

94 2478 286 2543 appropinquat
303 2469 348 2524 Ba.
384 2469 445 2522 Turn
464 2482 489 2526 et
505 2487 551 2540 pro
571 2491 602 2526 ae
620 2474 650 2526 Α.
680 2472 729 2525 Pro
747 2472 817 2541 vulg.
836 2476 990 2541 pretatione
1007 2488 1112 2525 suasore

92 2560 204 2628 Bigattie
229 2575 261 2612 ex
277 2558 336 2611 Ver.
355 2560 442 2627 recepi
466 2563 642 2628 probationes.
678 2561 800 2613 tiendose
818 2561 840 2612 Α
859 2559 936 2611 habet
955 2565 1112 2630 protaeione

91 2665 126 2701 ne
143 2653 280 2701 venerunt.
318 2644 362 2706 12)
382 2648 419 2700 Et
436 2649 523 2714 snnpn's
542 2663 573 2698 ac
591 2651 676 2716 inopis
695 2647 737 2697 dat
755 2646 802 2698 Bb.

163 2731 217 2784 XV.
245 2732 274 2801 1)
292 2750 341 2786 eos
360 2732 390 2784 Α.
427 2731 497 2784 idern
522 2743 597 2802 atque
622 2739 711 2788 tnrtet.
749 2735 805 2787 Mox
828 2746 949 2789 nostram
970 2753 989 2788 r.
1012 2753 1044 2790 rn.
1064 2755 1110 2789 su-

91 2822 242 2890 perscripsit
265 2821 290 2870 in
315 2818 365 2871 Mb.
408 2819 469 2871 Turn
493 2826 693 2888 praenuntiatae
720 2822 798 2886 (mate
824 2829 1036 2889 praenuntiatam
1062 2824 1109 2887 Ba)

91 2917 164 2962 recte
183 2907 223 2957 W.
238 2907 277 2957 dia
297 2914 322 2957 et
340 2923 361 2958 a.
374 2923 411 2974 pr.
432 2924 463 2959 nr.
483 2907 535 2972 Mb,
554 2908 632 2976 idque
650 2917 803 2976 receperunt
823 2911 872 2960 iarn
886 2909 1001 2973 Gravius,
1022 2911 1110 2961 Manu-

91 2997 152 3059 tius,
172 2994 308 3046 Penreiius.
339 2993 410 3060 Vuig.
424 2993 517 3061 tegitur
527 2999 737 3063 praenuntiante,
757 2998 781 3046 in
795 2994 833 3046 Bb
845 3001 1018 3050 renuntiante.
1053 2997 1109 3049 Ver.

91 3079 268 3135 etBenevent.
282 3080 402 3133 exhibent
412 3063 595 3150 praeconditas,
609 3083 676 3150 quod
692 3081 814 3150 Rigattius
828 3083 937 3149 explieat
947 3099 1014 3136 voce
1025 3103 1108 3152 prec-

90 3243 207 3304 nomtm,
221 3235 356 3306 πρόγνωσις.
387 3239 415 3303 2)
428 3171 685 3306 utquommqnirtam
699 3241 835 3308 tquomodo
847 3239 880 3290 ab
893 3256 913 3291 r.
927 3256 959 3292 nr.
970 3246 1109 3307 superscr.)

91 3326 147 3391 tib,
175 3335 205 3379 nt
229 3328 351 3395 queniam
375 3328 480 3394 quidam
504 3322 534 3374 A.
570 3323 635 3376 Dein
661 3329 728 3378 tates
751 3340 800 3375 orn.
819 3322 856 3375 Bb
883 3333 909 3376 et
927 3325 957 3379 Α.
993 3327 1110 3380 luserunt

90 3413 132 3466 hic
147 3411 203 3464 Bab
222 3429 247 3465 v.
264 3416 385 3482 satiares,
404 3410 472 3480 quod
490 3410 600 3480 glossam
619 3414 691 3479 sepit.
724 3411 821 3464 Verba:
842 3417 902 3482 puin
920 3425 943 3465 et
962 3415 1024 3476 (sic)
1044 3420 1109 3468 inae

90 3511 150 3556 ante
166 3503 304 3568 praedicte
321 3510 393 3564 aurit,
412 3503 448 3552 ita
461 3533 493 3542 -
509 3532 540 3542 -
555 3533 587 3542 -
601 3511 710 3554 enecant
722 3515 742 3551 r.
756 3517 786 3552 rn.
801 3516 857 3552 eum
869 3507 1018 3556 corroboret
1036 3504 1106 3571 iungi

89 3589 143 3641 ruit
151 3590 177 3640 iu
187 3587 237 3640 ub.
262 3587 361 3639 Desunt
370 3589 395 3638 in
404 3587 436 3637 W
445 3588 538 3640 verba:
551 3591 590 3640 ita
602 3591 682 3640 ceteri
692 3593 792 3655 fratrea
804 3616 834 3626 -
844 3616 878 3626 -
889 3617 920 3626 —
931 3617 966 3626 —
973 3593 1108 3657 praedicta

88 3687 160 3732 euru.
192 3674 290 3726 Eodem
308 3673 348 3725 Mc
365 3691 381 3726 a
399 3691 430 3727 m.
449 3692 469 3727 r.
489 3677 514 3728 in
534 3692 583 3744 mg.
603 3674 687 3726 habet.
721 3673 783 3725 Tum
801 3679 948 3728 instruente
967 3685 990 3729 et
1008 3679 1107 3728 dicente

89 3767 194 3819 domino
213 3762 301 3814 scribit
319 3761 369 3814 dib.
411 3761 466 3814 Vid.
486 3761 562 3814 Marc.
582 3761 624 3827 13,
644 3761 685 3814 23.
722 3761 750 3819 3)
770 3763 1004 3831 praedicanerit.
1042 3760 1106 3812 Dein

88 3855 186 3915 omnin,
206 3849 276 3918 qued
296 3864 310 3899 a
330 3864 350 3900 r.
370 3865 402 3900 nr.
421 3851 618 3917 superscriptum
640 3851 715 3901 estin
730 3849 777 3914 tic,
798 3849 863 3900 idem
878 3848 978 3898 omittit.
1014 3847 1042 3906 4)
1060 3848 1106 3898 Vi-

88 3942 167 4008 pilate
186 3935 234 3989 Bb.
272 3935 335 3988 Tum
354 3953 413 4001 eos,
430 3941 547 4004 fratres,
568 3939 699 3990 eiusmodi
715 3939 833 3990 homines
851 3934 900 3997 dic,
919 3934 1029 3998 itemque
1048 3932 1107 3985 edd.

88 4022 162 4078 Grau.
187 4023 278 4078 Belus.
305 4021 394 4076 Goldh.
437 4021 466 4076 ln
489 4022 531 4075 Mb
558 4039 583 4076 v.
608 4028 708 4094 fratres
733 4037 754 4074 r.
779 4038 812 4074 m.
839 4018 1021 4087 superscripsit.
1057 4017 1106 4070 Pro
