2834 4686
191 535 343 604 nativitate
376 545 405 603 ct
435 537 504 624 lege
534 537 631 603 divina
661 537 698 601 ad
728 536 945 602 similitudinem
977 537 1026 603 dei
1057 537 1150 623 patris
1178 507 1210 604 et

190 653 298 718 cunuti
320 651 524 735 respondeant
545 651 673 718 adunati.
715 649 820 736 cogita
843 654 897 717 sub
923 652 1018 718 oculis
1031 647 1057 731 ²)
1081 671 1137 719 nos
1161 653 1209 718 dei

189 774 287 848 smne,
313 773 468 850 spectante
491 785 526 830 ac
549 765 696 830 iudicante
718 767 786 849 ipso
809 766 1048 842 conversationis
1071 785 1107 830 ac
1125 768 1209 830 ‘vitae

190 887 310 945 nostrae
340 880 487 945 curricula
519 881 700 961 decurrere,
733 881 894 964 pervenire
918 900 974 947 nos
996 887 1068 946 tunc
1092 879 1208 945 demum

188 1009 297 1075 posse,
320 998 352 1068 ut
374 1011 442 1056 eum
466 992 569 1057 videre
592 993 762 1076 contingat,
789 992 814 1055 si
838 992 933 1076 ipsum
957 1011 1035 1058 nunc
1057 994 1209 1058 videntem

188 1105 370 1170 delectemus
401 1105 515 1170 actibus
545 1107 674 1186 nostris,
706 1105 732 1169 si
760 1122 816 1169 nos
839 1105 948 1190 dignos
971 1107 1067 1192 gratia
1091 1108 1156 1173 eiua
1179 1114 1209 1172 et

187 1217 369 1302 indulgentia
392 1218 607 1301 praebeamus,
636 1215 962 1311 dimidiari-semper
983 1218 1014 1282 in
1036 1239 1152 1307 regno,
1178 1222 1207 1285 in

187 1331 246 1396 hoc
268 1331 378 1400 mundo
401 1339 470 1396 ante
492 1317 671 1413 placeamus.

187 1553 253 1607 quc
272 1545 331 1606 post
349 1541 487 1594 nativitate
505 1537 585 1606 vuigc
603 1537 719 1601 additur,
745 1551 795 1587 cm.
815 1534 889 1588 codd.
910 1535 960 1587 mei
984 1549 1089 1601 omnes,
1117 1537 1207 1590 decem

187 1639 228 1693 ap.
249 1623 330 1678 Ozoa.
348 1633 375 1676 et
392 1633 512 1694 quattuor
529 1624 681 1678 flaciniaci-
708 1623 806 1677 idcirco
832 1638 888 1674 eam
900 1635 968 1675 -αιιι
990 1609 1104 1676 Reuthie
1128 1625 1207 1678 cmit-

187 1709 290 1768 taadam
307 1713 403 1780 putavi.
450 1712 479 1776 t)
498 1715 551 1766 eut
568 1713 663 1766 osidae
680 1707 727 1761 Ba.
761 1707 860 1777 Recepi
886 1706 980 1760 deiude
1002 1723 1055 1764 m
1076 1711 1119 1766 dei
1135 1719 1208 1767 atera

187 1813 219 1851 ex
235 1799 312 1851 cedd.
326 1798 366 1850 W.
380 1798 445 1851 diac.
458 1796 541 1851 uua
559 1806 585 1850 at
602 1797 671 1850 libris
689 1805 749 1849 ante
761 1795 892 1849 Beluaium
910 1796 997 1862 editis,
1017 1794 1059 1850 dai
1072 1810 1123 1851 atde
1135 1805 1207 1852 atara

187 1885 286 1938 habent·
298 1885 366 1938 itud.
386 1883 472 1937 Belua„
491 1883 584 1937 Rcuth.
603 1891 628 1937 et
646 1882 750 1948 Gadda,
768 1886 810 1936 dai
827 1893 901 1937 atace
915 1897 967 1936 aar
987 1881 1030 1932 dat
1046 1879 1094 1934 Ba.
1129 1881 1206 1935 Paule

187 1980 246 2041 post
269 1975 381 2027 decurre
403 1971 450 2024 ida.
487 1968 587 2022 deinde
611 1975 666 2023 aaa
687 1984 702 2020 a
725 1967 763 2020 flu
786 1968 867 2021 abeat.
904 1967 973 2020 idam
997 1967 1063 2022 iiber
1086 1969 1111 2020 in
1134 1980 1206 2038 seqq.

187 2073 321 2128 perperam
346 2057 434 2110 scribit
458 2066 520 2112 tune
542 2059 671 2112 virtudem
688 2085 721 2095 —
744 2073 777 2110 ac
794 2057 906 2110 actaea.
942 2053 1002 2107 dcx.
1024 2058 1125 2126 prattse
1147 2057 1208 2111 etue

187 2157 213 2202 et
228 2143 541 2216 iadatpanticeexhibeut
559 2142 592 2193 W
611 2150 640 2195 et
655 2143 715 2196 edd.
733 2151 795 2196 vett.
815 2158 837 2195 e.
856 2141 964 2207 lereti,
985 2143 1089 2212 pretinm
1101 2145 1164 2197 οιίιυ
1178 2140 1207 2194 in

188 2257 313 2328 contextu·
332 2257 358 2302 et
381 2251 408 2301 in
431 2264 482 2318 mg.
506 2264 521 2300 a
544 2264 565 2300 r.
584 2264 618 2300 m.
636 2257 662 2303 et
684 2249 833 2317 diligentiae
850 2245 900 2297 ub.
937 2245 1000 2298 Tum
1023 2221 1065 2301 0⁸¹⁰
1079 2247 1208 2316 placituri

187 2387 220 2397 -
241 2387 272 2401 ..
291 2329 313 2358 ⁸⁸
330 2358 360 2408 ιη
377 2358 427 2408 ωε
445 2355 541 2408 mundo
560 2355 588 2418 (e
607 2359 633 2404 et
650 2355 678 2408 ci
695 2351 728 2404 ab
746 2367 767 2403 r.
782 2367 814 2402 ιιι.
829 2349 969 2418 superacr.)
988 2350 1013 2400 in
1032 2347 1125 2401 eodem
1143 2348 1207 2401 libro

188 2448 278 2494 exstat.
