2868 4700
684 367 727 443 ts

657 619 750 686 xtx.

282 765 447 830 confessor
463 771 523 842 est}
547 765 602 828 sed
622 771 691 847 post
707 765 928 830 confessionem
944 768 1106 849 periculum
1123 767 1216 830 maius

193 885 256 958 est,
288 880 356 960 quie
376 876 399 957 ¹)
428 880 494 960 plus
525 878 715 942 adversarius
746 887 928 960 provocatus
952 887 1005 943 est.
1052 879 1217 945 confessor

115 1051 118 1056 .
193 998 254 1068 est;
278 991 375 1070 hoc²)
399 994 494 1075 magis
519 999 600 1054 sture
623 993 801 1056 debetcum
826 993 937 1056 domini
960 995 1137 1079 evangelio,
1161 1012 1216 1075 per

193 1105 382 1188 evangelium
404 1106 531 1190 glorium
561 1113 740 1170 consecutus
772 1126 788 1169 u
818 1107 948 1172 domino.
998 1108 1056 1171 Coi
1078 1105 1105 1186 3)
1135 1110 1215 1170 mot·

152 1231 166 1272 ⁵
193 1227 256 1282 tum
278 1220 382 1296 detur,
406 1220 530 1284 muttum
553 1221 714 1298 quaeritur
726 1217 754 1297 ⁴)
778 1220 817 1282 ob
834 1240 889 1294 co;
920 1229 950 1284 et
979 1223 1030 1284 coi
1056 1223 1131 1302 ptos
1161 1222 1215 1283 di-

190 1332 320 1412 oeitotis
354 1332 561 1407 adscribitur,
597 1333 669 1412 plus
707 1333 744 1394 de
779 1334 833 1396 ttto
872 1335 1011 1415 ociqitor
1044 1335 1213 1398 servitutis.

192 1443 288 1506 Nemo
322 1463 379 1525 per
406 1443 595 1507 'confessoris
626 1446 795 1526 exemplum
824 1452 944 1526 pereat,
978 1466 1066 1510 nemo
1095 1448 1213 1510 iniusti-

192 1556 279 1636 tiam,
311 1575 399 1619 nemo
431 1556 634 1633 insolentium,
666 1575 753 1619 nemo
778 1554 805 1632 ὁ)
837 1557 990 1639 perfidiam
1020 1558 1058 1622 de
1089 1558 1215 1622 confes-

161 1721 164 1724 .
194 1671 274 1734 soris
305 1671 437 1734 moribus
467 1669 570 1732 discut.
627 1668 791 1733 confessor
823 1676 869 1732 cst
892 1666 938 1748 6);
970 1672 1007 1734 sit
1037 1672 1154 1734 humilis
1186 1679 1215 1734 et

153 1784 326 1864 requietus,
358 1784 395 1846 sit
417 1782 446 1844 in
469 1789 537 1844 ectu
560 1799 616 1844 suo
639 1791 707 1844 eum
729 1782 882 1865 disciplina
905 1783 1077 1862 modestus,
1108 1791 1139 1847 ut
1162 1786 1213 1866 qui

192 1895 300 1958 christi
324 1879 484 1958 ooniessor
507 1893 629 1973 dieitur,
654 1894 811 1973 Christum,
834 1913 922 1975 quem
947 1895 1116 1974 confitetur,
1139 1897 1210 1960 imi·

191 2015 277 2072 tetur.
309 2010 396 2072 .Nom
420 2029 485 2072 cum
508 2009 586 2072 dicut
616 2009 665 2070 ille
683 2002 729 2084 ⁷):
763 2007 824 2082 Oui
853 2029 886 2072 se
917 2010 1039 2072 extollit
1066 2011 1209 2075 bumilia-

194 2179 395 2188 —n--a--n-un

297 2224 301 2250 i

261 2275 322 2330 xm.
344 2278 370 2344 1)
391 2281 436 2348 qui
454 2277 494 2330 bie
514 2288 540 2331 et
558 2277 589 2344 Α,
608 2297 689 2350 quere
707 2275 754 2330 Bb.
791 2277 818 2342 2)
837 2281 880 2334 tie
899 2277 921 2330 A
940 2279 1050 2347 itemque
1072 2277 1129 2329 edd.
1149 2281 1209 2329 vett.

191 2383 213 2418 c.
233 2365 337 2429 Remb.;
365 2371 414 2419 boo
438 2377 524 2420 sutem
549 2377 589 2420 cst
607 2377 680 2420 sture
699 2385 760 2420 cum
779 2370 913 2437 eostrqots'o
933 2365 1019 2418 scribit
1036 2365 1092 2429 bic,
1116 2366 1210 2434 inquo

192 2452 256 2504 abr.
270 2469 302 2503 m.
322 2469 396 2520 supra
416 2452 458 2504 liu.
479 2453 561 2505 additu
581 2463 638 2505 sunt
656 2454 734 2506 hece:
754 2455 785 2506 al.
805 2458 848 2508 bio
867 2458 952 2525 moqs's
973 2465 1046 2508 storo
1063 2454 1133 2507 debet
1150 2469 1211 2508 oum

190 2543 290 2594 &missi
308 2543 451 2608 coostqcls'o.
488 2538 516 2590 ln
534 2540 573 2590 Me
591 2527 700 2609 legitur>
728 2545 775 2595 boo
795 2545 879 2613 moqs's
899 2552 948 2607 ost,
967 2547 1016 2596 boc
1034 2545 1119 2611 moqis
1138 2549 1211 2594 storo

190 2629 262 2679 dubet
280 2633 348 2688 etc.;
368 2627 392 2676 in
413 2623 461 2674 bid.
481 2643 540 2678 cum
559 2629 600 2678 dot
618 2643 718 2696 seseq,
739 2627 797 2677 dein
818 2642 864 2694 pro
883 2642 930 2696 por
948 2631 1113 2698 oosroyctt'um
1131 2627 1156 2676 in
1172 2623 1209 2676 Bb

188 2731 238 2778 por
255 2729 321 2767 outo.
358 2713 388 2778 3)
401 2717 442 2765 Ait
460 2716 528 2765 euim
540 2715 679 2766 dominus.-
699 2717 750 2767 Oui
763 2729 777 2764 e
790 2713 834 2764 ms.
849 2712 985 2779 ramerius,
1007 2729 1115 2782 eumque
1128 2713 1209 2764 secuti

190 2808 248 2870 sunt
266 2799 376 2852 editores
394 2794 558 2866 posteriores.
595 2798 622 2850 ln
640 2797 677 2850 Bb
697 2801 823 2853 scribitur:
853 2805 891 2854 ait
916 2805 985 2855 onim
1003 2804 1077 2855 deus.
1113 2799 1209 2850 Eodem

190 2888 215 2937 iu
234 2902 284 2937 uuo
303 2895 355 2938 vet.
369 2887 426 2937 cod.
441 2887 573 2938 invenerat
591 2885 728 2952 Mercibus,
750 2890 792 2956 qui
812 2890 837 2938 in
857 2897 974 2940 contextu
993 2903 1040 2956 pro
1059 2890 1124 2940 deus
1143 2885 1210 2937 mule

190 2972 267 3024 hebet
280 2976 379 3027 dicens.
410 2972 499 3024 Areil.
518 2988 581 3024 vero
594 2972 665 3024 libris
679 2982 706 3025 et
724 2975 823 3040 scriptis
843 2981 868 3025 et
886 2975 960 3025 editis
978 2973 1041 3025 heec
1060 2971 1139 3026 verba
1151 2987 1209 3024 me·

191 3059 350 3111 ritoobsuut.
381 3058 445 3111 Silet
455 3057 585 3114 Buluzius.
617 3057 736 3111 Ceterum
749 3060 799 3113 vid.
812 3059 872 3112 bue.
887 3061 929 3124 12,
942 3059 984 3112 48.
1021 3061 1050 3127 4)
1070 3068 1210 3129 quaeretur

191 3147 246 3198 bisc
264 3155 290 3197 et
309 3163 321 3198 e
341 3163 404 3198 corr.
425 3163 457 3199 m.
477 3145 512 3198 Ba
537 3163 559 3197 c.
579 3146 637 3198 edd.
663 3145 823 3198 baluzianum
849 3146 1067 3199 antecedentibus.
1103 3144 1161 3196 blox
1185 3153 1209 3199 et

189 3251 239 3286 om.
260 3233 301 3284 ttb
327 3249 384 3286 cum
408 3235 454 3286 Bb.
490 3232 552 3285 Tum
579 3237 747 3288 adscribitur
771 3233 810 3286 W.
837 3234 901 3286 biob¹
927 3229 973 3286 ua:
996 3233 1088 3285 bieuut.
1109 3231 1207 3284 bioreii.

189 3330 343 3390 ceteraeque
361 3322 417 3373 cdd.
437 3323 602 3388 recentiores,
622 3325 770 3376 ascribitur
788 3321 833 3373 ssb.
853 3321 898 3374 Mc.
918 3320 940 3372 Α
959 3323 1068 3389 itemque
1087 3319 1145 3371 edd.
1161 3315 1207 3370 SP.

190 3406 281 3460 Venet.
310 3407 333 3458 t.
359 3408 383 3459 2,
408 3407 488 3461 Kuun.
517 3417 542 3460 et
560 3409 664 3472 memb..
690 3410 853 3462 asscribitur
879 3407 928 3459 Md.
953 3425 975 3460 o.
1001 3408 1058 3460 edd.
1085 3407 1206 3458 Deveutr.

191 3493 286 3546 Erusm.
306 3503 382 3562 etque
401 3493 474 3547 Grau.
511 3495 575 3547 Dein
594 3494 616 3545 Α
634 3499 664 3549 de
683 3513 711 3549 so
731 3487 861 3564 oxiqetur.
893 3494 958 3547 Dum
975 3495 1000 3548 irr
1020 3495 1117 3547 Grueeo
1136 3499 1206 3546 textu

150 3583 160 3590 ’
190 3580 291 3650 legatur
309 3610 342 3618 -
362 3610 393 3621 —
413 3578 474 3630 noto*
493 3579 647 3645 ζητηθήσεται
671 3577 726 3647 παρ’
744 3577 825 3642 αὐτοῦ,
846 3611 876 3620 -
899 3611 929 3621 -
949 3579 1113 3648 περισσότερον
1136 3573 1207 3639 αἰτῆ-

191 3685 270 3718 socom
288 3664 377 3729 αὐτόν,
402 3673 451 3736 e'go
472 3670 574 3738 quidem
593 3671 696 3720 omnino
714 3667 879 3737 praetulerim
897 3671 1047 3738 scripturam
1067 3671 1209 3733 quaeretur

193 3785 222 3794 -
243 3785 275 3796 -
295 3759 327 3809 ds
344 3771 372 3808 oo
391 3761 521 3826 exiqctur.
564 3756 593 3820 5)
613 3754 668 3808 Om
688 3754 734 3807 Bb.
771 3755 829 3807 btox
846 3759 868 3807 Α
886 3757 977 3808 vitiose
997 3752 1205 3818 consessoribus.

190 3843 218 3910 6)
238 3846 386 3912 consessor
411 3853 452 3895 est
476 3845 578 3897 certost
602 3841 645 3894 ua.
682 3841 709 3894 In
734 3858 804 3911 seqq.
823 3845 976 3895 moderatos
999 3851 1045 3905 pro
1069 3838 1206 3891 modtettts

191 3930 278 3983 scribit
295 3927 343 3980 bie.
383 3927 472 3981 Statim
489 3933 544 4004 boe
557 3944 603 3996 pro
622 3940 651 3984 ot
669 3933 715 3998 qui
731 3927 778 3981 Bb.
814 3929 843 3994 7)
862 3926 922 3980 buc.
943 3925 985 3990 18,
1005 3924 1045 3976 tt.
