2904 4692
751 413 812 482 i2d
927 437 931 445 ·

272 593 386 640 norum.
432 573 496 640 Nisi
518 577 718 658 praecesserit
741 593 853 659 pugna,
877 593 936 639 non
956 580 1056 656 potest
1072 591 1142 640 esee
1157 561 1292 637 victorin.

272 689 344 754 Cum
368 687 456 754 buerit
478 691 508 752 in
530 705 650 772 pugnae
674 690 894 772 congressione
917 687 1041 750 victoria
1053 681 1090 764 ³),
1113 694 1184 749 tune
1206 686 1293 749 detur

273 803 460 866 vincentibus
490 807 520 863 et
550 820 672 866 corono.
719 801 909 864 Gubernator
924 797 951 876 ⁸)
981 801 1011 861 in
1043 805 1218 881 tempestate
1242 788 1293 860 di-

273 917 424 994 noscitur3
459 917 487 978 in
520 918 583 978 acie
615 917 699 978 rnites
732 916 882 997 probatur.
928 914 1057 978 Delicatn
1089 915 1206 976 iuctntio
1237 921 1292 992 est,

273 1047 338 1090 curn
361 1026 525 1108 periculum
549 1046 607 1091 non
632 1035 696 1102 est;
729 1025 909 1112 conflictatio
942 1028 970 1089 in
995 1026 1131 1088 adversis
1153 1027 1293 1107 probatio

274 1145 319 1203 est
347 1138 462 1200 virtutis
480 1135 516 1210 ⁶).
563 1137 679 1216 Arbor,
712 1157 789 1219 quoe
820 1137 876 1200 nite
908 1138 1008 1201 radice
1040 1138 1159 1200 tundata
1192 1134 1292 1217 est⁶),

273 1252 370 1312 ventis
394 1250 629 1312 incumbentibus
653 1268 713 1313 nou
737 1257 890 1327 movetur3
925 1254 964 1312 ει
985 1252 1087 1328 navis,
1119 1269 1197 1332 quae
1223 1251 1294 1315 furti

274 1382 411 1446 conpage
432 1364 556 1427 solidata
581 1365 644 1444 est,
675 1365 811 1447 pulsatur
832 1364 987 1444 ductibus,
1018 1383 1076 1428 nee
1099 1364 1228 1442 foratum
1264 1373 1295 1428 et

275 1476 394 1559 quando
418 1495 488 1538 urea
512 1477 615 1559 fruges
640 1479 736 1568 terit„
755 1483 864 1540 ventos
887 1495 980 1562 grene
1007 1478 1092 1541 tortia
1117 1484 1146 1540 et
1168 1477 1292 1541 robusta
1319 1563 1327 1572 .
1434 1531 1435 1551 ,

275 1593 483 1666 contemnunt,
516 1589 621 1650 inanes
648 1588 754 1669 paleae
782 1588 852 1651 flatu
877 1596 1014 1670 portento
1036 1591 1198 1671 rapiuntur.
1244 1590 1294 1654 Sic

275 1709 306 1764 et
336 1699 489 1782 apostotus
520 1699 628 1762 Paulus
658 1705 727 1781 post
757 1699 929 1782 naufragia,
960 1700 1191 1784 pontianello,
1226 1709 1295 1785 post

275 1815 373 1878 caruis
397 1820 426 1876 ει
450 1811 585 1892 eorporis
609 1809 696 1873 muita
720 1816 750 1872 et
762 1805 787 1882 1)
810 1812 913 1893 gravia
937 1818 1162 1884 tormenta-non
1180 1815 1295 1894 vexari,

275 1926 328 1991 sed
353 1925 506 1988 emendari
527 1942 562 1987 ue
585 1925 655 1988 dicit
674 1923 821 2002 adversis,
844 1930 885 2002 ut,
909 1923 978 1987 duru
993 1925 1117 2008 gravius
1135 1925 1294 2009 adfligitur,

275 2067 482 2082 ,,,,.-.....-.

1190 2114 1295 2165 requirar

275 2150 369 2217 addit.)
388 2156 470 2202 exstat
488 2149 513 2198 iu
533 2146 581 2198 ttb.
619 2146 647 2210 ³)
668 2151 735 2202 Onne
751 2151 835 2215 fuerit
850 2163 939 2218 pnpnn
957 2152 1172 2219 conprensionem

275 2239 389 2292 victorin
407 2233 446 2302 (r.
465 2237 588 2303 sequitur
604 2251 619 2285 a
637 2250 656 2284 r.
678 2250 709 2284 un.
730 2234 885 2300 superant),
913 2243 975 2286 tunc
999 2237 1106 2288 dabitur
1127 2240 1295 2292 vincentibus

276 2341 374 2378 corona
392 2320 496 2374 exbibet
509 2319 559 2384 bib,
578 2329 603 2373 et
620 2323 788 2388 vincentibus
803 2337 900 2374 corona
915 2321 1017 2388 ponitur
1029 2323 1054 2371 iu
1068 2319 1130 2373 Bab.
1166 2323 1195 2390 4)
1213 2308 1294 2374 Prae*-

276 2410 380 2460 mittitur
396 2425 457 2460 nana
477 2407 502 2457 in
521 2405 580 2457 edd.
600 2413 679 2470 retu,
703 2407 727 2455 iu
746 2405 844 2458 Erram.
865 2405 937 2458 Grau.
959 2406 1054 2459 ttorett.
1075 2416 1100 2460 et
1119 2407 1208 2462 uolut.
1245 2407 1294 2462 Pro

276 2514 337 2549 nam
357 2511 371 2546 e
391 2493 489 2545 duobus
508 2492 584 2544 codd.
604 2491 719 2544 baluzius
738 2493 810 2544 dedit
827 2497 907 2548 nonin
925 2509 1034 2563 eumque
1052 2504 1156 2548 secutur
1168 2503 1207 2547 eat
1220 2495 1294 2548 Rou-

276 2582 350 2632 tbtus.
389 2579 440 2630 Sed
466 2587 582 2629 neutrum
608 2577 703 2629 habent
721 2581 769 2630 mei
789 2580 864 2631 codd.
885 2589 912 2632 et
930 2581 988 2633 edd.
1009 2581 1102 2633 Manat.
1122 2581 1215 2634 Parnei.
1235 2581 1295 2652 urg.

277 2676 353 2734 atque
369 2664 449 2717 Oxou.
470 2665 547 2732 idque
566 2673 652 2728 recte;
672 2667 763 2718 omissa
783 2669 848 2718 euim
868 2671 1052 2720 coniunctionis
1071 2669 1192 2737 particula
1211 2673 1295 2722 oratio

277 2754 379 2822 gravius
393 2761 466 2804 sonat
478 2767 508 2802 ac
523 2750 680 2816 sollemnior,
700 2767 765 2803 voce
779 2760 862 2805 autern
876 2748 955 2809 travia
969 2756 1035 2808 berre
1048 2771 1136 2808 carcre
1151 2772 1295 2825 possumus.

279 2839 376 2891 Deinde
400 2847 549 2906 tempestate
574 2846 719 2905 corruptum
745 2840 769 2890 in
788 2845 951 2910 temptatione
968 2844 993 2894 in
1012 2845 1042 2897 Α.
1079 2843 1195 2899 Formam
1213 2848 1295 2898 dino-

277 2932 363 2982 scitur
381 2943 427 2994 pro
445 2927 614 2996 dinnoscitur
625 2926 798 2994 praebuerunt
810 2929 885 2980 codd.
900 2945 1000 2994 omncs,
1019 2945 1103 2993 neque
1116 2931 1189 2983 aliter
1201 2931 1296 2998 legitur

214 2999 218 3004 ¹
278 3017 302 3066 in
322 3013 508 3081 exemplaribus
527 3012 634 3078 Erermt,
654 3014 766 3079 Monuni,
785 3015 905 3080 bionoldi,
925 3016 1037 3081 Panaetii,
1056 3017 1166 3086 bigetun.
1209 3021 1238 3085 5)
1257 3018 1294 3075 itu

278 3116 323 3170 pro
343 3100 410 3169 vulg.
430 3105 554 3155 veritatis
573 3117 588 3152 c
607 3101 687 3155 tribue
707 3118 765 3153 rusa.
785 3103 905 3154 Boethius
925 3107 1084 3172 conspirante
1103 3105 1214 3156 editione
1229 3104 1295 3156 Dav.

277 3185 339 3238 ltern
359 3184 433 3237 Gruv.
453 3188 477 3237 in
497 3185 627 3257 Castigare.
672 3188 701 3254 6)
726 3187 843 3244 atta-cat
865 3195 956 3245 radice
979 3195 1090 3260 fundato
1109 3192 1138 3242 Α.
1175 3191 1202 3243 ln
1220 3206 1293 3259 seqq.

161 3298 163 3314 ν
276 3275 393 3326 solidata
412 3273 512 3335 (antido
532 3275 596 3326 male
615 3273 755 3343 nigrinus,
776 3274 933 3329 Oxonicnser
952 3286 978 3330 ct
998 3277 1127 3342 baluzius)
1148 3276 1295 3344 raptoribus

279 3358 352 3409 codd.
373 3365 399 3410 et
418 3362 592 3426 superioribus
611 3361 685 3412 editis
704 3364 813 3414 restituit
831 3367 878 3414 iem
890 3363 1025 3430 Beothius,
1043 3381 1119 3435 quem
1136 3375 1238 3417 secutus
1255 3373 1296 3416 est

279 3441 369 3495 Goidb.
414 3444 576 3498 Concordem
603 3449 678 3498 etiam
709 3451 758 3500 mei
785 3450 850 3502 libri.
895 3451 1067 3519 Metapborice
1094 3457 1173 3506 utitur
1201 3453 1296 3506 Noster

278 3531 358 3582 verbo
376 3535 495 3586 solidare
513 3531 560 3598 Ep.
574 3533 626 3584 XV.
648 3551 673 3602 p.
688 3535 723 3612 26
740 3544 766 3586 ει
786 3537 818 3586 de
838 3537 930 3589 cuthei.
952 3539 1015 3590 ecci.
1036 3541 1096 3592 uuit.
1116 3557 1171 3608 cap.
1188 3542 1206 3594 1.
1226 3559 1250 3610 p.
1269 3543 1294 3594 6.

280 3618 346 3670 Ante
363 3622 488 3688 potantur
506 3635 526 3669 r.
547 3635 578 3670 nr.
599 3623 623 3672 in
643 3620 681 3671 bic
700 3638 773 3690 supra
793 3624 891 3675 addidit
910 3643 976 3679 cum.
1016 3623 1129 3680 Proxime
1150 3640 1242 3683 ventos
1261 3659 1295 3670 -

280 3713 445 3758 contemnunt
470 3705 586 3771 imperita
612 3722 698 3760 munus
723 3709 873 3776 depravavit
893 3713 918 3762 in
938 3720 1013 3765 cento
1033 3741 1064 3750 -
1086 3718 1253 3771 continentur
1270 3720 1295 3770 iu

279 3788 337 3841 eod.
358 3787 414 3853 tib,
441 3801 624 3862 contempnunt
648 3795 709 3846 dant
727 3793 772 3848 bb.
793 3796 841 3847 bid.
863 3798 882 3849 Α
903 3807 928 3849 et
947 3799 987 3850 ed.
1008 3797 1071 3850 Der.
1109 3800 1170 3852 Tunr
1189 3813 1213 3855 et
1229 3805 1296 3874 paru

278 3891 325 3944 pro
344 3885 420 3929 uentu
439 3875 485 3930 tta.
531 3879 559 3941 7)
579 3890 602 3934 ει
620 3898 639 3931 r.
660 3898 691 3932 ur.
712 3886 887 3950 superscripsit
907 3886 930 3935 in
950 3883 1000 3936 bib.
1038 3885 1103 3940 Dein
1128 3907 1180 3942 non
1198 3897 1298 3945 uexari

279 3975 310 4017 ao
327 3960 404 4012 babet
422 3961 466 4014 ba.
504 3963 591 4018 Statim
609 3973 747 4024 emundari
766 3971 794 4022 Α.
833 3969 910 4023 Onriai
932 3975 959 4026 in
983 3981 1042 4026 oute
1067 3977 1190 4031 aduersis
1214 3991 1296 4044 prue-
