2904 4692
541 437 694 502 *65

164 603 246 659 sunt.
297 594 333 656 Si
365 597 419 677 qui
442 593 479 673 ¹⁴)
513 597 663 660 dilsaerit
693 597 855 674 mundum,
890 617 953 662 sau
984 607 1033 662 est
1061 600 1182 665 raritas

161 709 266 805 patris
284 709 316 770 ia
332 709 400 785 itia,
424 709 500 789 quia
523 727 611 770 omae
634 706 717 788 quad
738 707 772 769 irs
794 707 908 770 musto
931 715 986 785 sst,
1011 711 1181 790 οοησαρίε-
1290 762 1293 770 .

166 823 269 884 cratia
293 822 399 884 aarais
421 829 469 883 ast
490 828 520 882 st
542 820 796 898 coucupiscentia
818 820 976 882 acuatum
1002 830 1033 883 at
1055 822 1183 886 ambitio

165 935 302 1011 saecuti,
335 953 415 1015 quas
437 953 501 998 aas
524 943 570 996 est
593 941 744 1011 apatrs,
778 932 835 994 ssd
863 952 904 994 ea
927 937 1184 1013 coucupiscentia

165 1047 288 1124 mundi,
313 1054 344 1109 et
363 1049 497 1110 muudus
520 1046 669 1111 transibit
690 1054 720 1107 st
741 1036 1000 1125 aauwpisaeutia
1022 1049 1109 1121 eius,·
1131 1050 1185 1128 qui

167 1169 268 1224 autam
288 1159 402 1238 fecerit
423 1161 613 1224 voluntatem
636 1139 698 1236 dri,
722 1170 825 1222 maaet
846 1162 879 1222 iu
903 1170 1080 1239 aeteruum,
1104 1181 1184 1243 qua·

166 1274 256 1336 mado
289 1282 319 1336 st
349 1277 426 1337 deus
459 1282 562 1336 maaet
594 1273 628 1335 irr
661 1280 827 1336 aeteruum.
878 1275 935 1348 Oui
968 1277 998 1337 in
1031 1281 1184 1339 aeternum

167 1407 289 1452 munere
311 1388 458 1467 volumus,
483 1387 540 1467 dei,
565 1388 615 1467 qui
636 1394 777 1452 aeternus
801 1394 856 1466 ast,
879 1377 1185 1453 voiuntatem'iuaere

168 1499 311 1563 debemus
331 1495 378 1574 ¹⁵).
424 1499 566 1562 Voluntas
590 1505 701 1568 sutem,
716 1498 764 1562 dei
788 1506 851 1576 est,
883 1517 970 1580 quum
991 1497 1029 1579 16)
1052 1501 1186 1566 Christus

168 1620 198 1674 et
221 1612 320 1675 docuit
343 1618 373 1674 et
396 1610 474 1673 iecit.
521 1610 672 1673 Humilitss
702 1611 732 1671 in
764 1610 1013 1689 conversations,
1044 1613 1186 1676 stabilitus

169 1701 285 1805 infide,
308 1723 489 1790 verecundis
512 1725 676 1801 insertis,
699 1725 728 1786 in
753 1723 837 1788 iustis
855 1719 895 1802 ¹⁷)
919 1726 1039 1805 iustitia,
1062 1725 1091 1787 in
1109 1745 1186 1809 ape-

169 1839 251 1901 ribus
274 1838 494 1916 misericordia,
522 1840 551 1901 in
576 1837 706 1901 moribus
729 1837 900 1920 disciplina,
925 1840 1062 1902 iniurium
1086 1839 1187 1904 iuuere

170 1969 229 2016 non
254 1967 344 2014 nosse
368 1957 397 2013 st
421 1949 525 2012 iactum
548 1967 640 2030 posse
664 1949 803 2026 tolerare,
831 1967 896 2010 cum
921 1949 1060 2014 iratribus
1083 1970 1186 2033 paoem

170 2070 285 2144 tenere,
308 2064 395 2126 deum
419 2070 481 2126 totu
506 2062 598 2126 corde
622 2061 758 2144 diligere,
782 2081 881 2124 amare
897 2063 926 2124 in
942 2063 992 2127 iiio
1009 2064 1088 2145 quod
1105 2071 1188 2146 puter

170 2272 221 2317 nat.
241 2263 296 2330 17.)
315 2261 343 2314 G.
380 2260 442 2312 Tum
460 2277 508 2314 uss
527 2279 559 2315 u
577 2261 634 2324 Mu,
659 2272 723 2316 suat
741 2276 790 2312 om.
811 2260 840 2312 Α.
886 2262 933 2328 tt)
951 2260 988 2311 itu
1008 2259 1036 2313 G.
1057 2261 1087 2311 W
1106 2272 1133 2315 st
1150 2277 1187 2330 pr.

170 2351 218 2414 ua,
236 2354 264 2404 ei
282 2353 343 2420 quis
363 2347 431 2416 vulg.
465 2348 520 2398 Vid.
541 2350 571 2400 sd
587 2348 677 2408 Darat.
698 2365 753 2415 sup.
767 2347 830 2400 thi.
850 2357 903 2400 uat-
919 2349 941 2399 1.
975 2348 1009 2400 itu
1024 2350 1098 2400 stium
1113 2349 1188 2400 codd.

170 2436 201 2487 W
220 2445 247 2488 st
259 2435 294 2488 Bu
313 2437 338 2487 iu
357 2435 422 2488 libra
441 2436 475 2486 ds
494 2435 648 2487 mortalitate
667 2451 721 2502 cup.
734 2433 808 2500 111111.
823 2442 849 2486 st
861 2434 893 2486 de
906 2434 984 2487 habit.
999 2437 1063 2502 virg·
1077 2451 1133 2502 cup.
1148 2433 1188 2486 Vl.

169 2541 194 2591 p.
210 2523 268 2575 133.
288 2523 345 2574 aad.
364 2522 425 2590 Sug.
463 2521 510 2573 Pro
530 2526 632 2577 raritas
652 2530 733 2574 axutst
752 2525 855 2576 ditastis
874 2524 899 2573 iu
919 2521 959 2573 W.
979 2520 1036 2573 dat.
1058 2519 1092 2572 s·
1112 2522 1189 2589 ituru-

170 2626 221 2678 qus
241 2612 266 2661 in
286 2610 345 2662 edd.
367 2618 428 2662 vett.
449 2617 475 2660 st
494 2607 589 2660 ttoreu.
626 2608 687 2660 Tum
707 2612 735 2662 iss
754 2627 783 2662 sa
802 2607 896 2660 hubent
914 2606 948 2658 Bc
968 2607 1072 2660 esttcd.
1109 2610 1191 2662 Omns

170 2711 220 2748 our.
240 2695 286 2748 Bb.
325 2694 390 2748 Dsiu
409 2707 449 2752 ast
467 2698 496 2748 iss
513 2698 609 2748 munda
627 2695 716 2747 scribit
734 2693 765 2746 A.
803 2692 879 2746 Voce.
899 2697 992 2748 caruis
1011 2704 1052 2748 sst
1073 2705 1097 2748 ut
1120 2712 1188 2750 sarr-

170 2786 335 2852 rupisusutia
354 2783 446 2834 desunt
466 2784 491 2832 in
505 2778 532 2831 G.
563 2784 614 2836 ttst
635 2789 692 2848 post
710 2784 802 2834 umis
820 2782 845 2831 iu
858 2780 899 2832 Me
917 2795 936 2832 r.
951 2797 983 2832 m.
1001 2784 1189 2849 superscripsit.

171 2869 220 2920 Pro
242 2888 259 2921 u
275 2878 352 2938 pam
369 2867 464 2936 legitur
482 2871 513 2921 da
529 2877 604 2936 patro
622 2870 647 2918 iu
666 2867 720 2929 Mu,
748 2871 851 2922 tusculi
871 2883 918 2933 pro
937 2871 1029 2921 muudi
1046 2869 1071 2918 iu
1092 2867 1130 2920 W.
1150 2867 1189 2918 diu

172 2961 198 3008 et
216 2951 260 3006 Bu.
296 2957 433 3008 drausiiit
452 2961 554 3004 uastum
573 2961 612 3003 est
632 2970 646 3004 s
665 2956 792 3006 tramittit
810 2954 835 3003 iu
854 2952 903 3015 die,
921 2957 1046 3006 transivit
1064 2953 1141 3005 hibet
1159 2956 1190 3018 A,

171 3045 269 3095 trmsit
287 3057 302 3092 s
322 3056 387 3092 uurr.
400 3040 450 3092 111.
486 3039 544 3090 Mox
562 3050 649 3094 rursus
667 3055 717 3090 om.
734 3037 782 3102 11,
800 3047 853 3089 tum
873 3040 914 3092 risi
931 3043 1090 3092 astruuntur
1108 3040 1152 3092 dut
1170 3039 1192 3092 0

173 3137 199 3180 st
217 3130 242 3180 iu
262 3144 334 3197 seqq.
356 3127 447 3180 verbu:
467 3130 593 3196 quarrada
613 3138 637 3181 st
655 3131 719 3181 daus
732 3131 858 3182 manain
870 3136 1005 3182 armum
1017 3127 1192 3180 desiderantur

173 3218 197 3267 in
216 3215 246 3268 11.
294 3215 338 3278 ts)
357 3213 454 3267 Desunt
473 3214 537 3266 huss
555 3215 579 3266 in
599 3214 655 3276 its3
682 3225 723 3268 ost
742 3214 774 3267 ub
793 3215 825 3267 ul.
846 3231 877 3266 m.
898 3215 1095 3282 superscriptum
1116 3215 1192 3268 habet

173 3301 219 3355 11.
265 3300 330 3353 bein
358 3303 473 3354 ordinem
500 3303 537 3353 sic
564 3303 666 3354 invertit
692 3305 730 3354 tt:
756 3306 847 3370 scurra
873 3305 1032 3356 uoluntatem
1059 3305 1189 3358 dodamin.
1279 3339 1284 3346 .

173 3391 219 3454 16)
237 3393 397 3444 autumnum
414 3393 456 3444 ta·
472 3399 497 3443 st
515 3408 592 3458 quum
610 3389 659 3454 dit,
678 3400 703 3443 st
722 3408 799 3459 quum
817 3391 876 3441 item
896 3388 936 3453 W,
955 3407 1006 3458 qua
1025 3388 1054 3440 A.
1092 3387 1191 3442 Driude

173 3488 195 3530 st
220 3481 310 3532 duruit
334 3486 358 3531 at
380 3480 444 3546 sarit
462 3475 501 3527 W.
521 3476 568 3528 diu.
589 3475 624 3528 Bu
647 3485 672 3530 st
691 3478 749 3534 add.¹
770 3485 832 3528 vett.
852 3493 874 3528 c.
895 3475 991 3529 Erusm.
1011 3485 1087 3546 utque
1107 3476 1190 3542 Grau,

174 3567 263 3624 duruit
280 3573 304 3618 st
321 3567 384 3632 [aad
402 3565 453 3632 (pr.
472 3575 496 3619 at
514 3567 577 3628 orn.)
598 3563 664 3629 dibi,
688 3575 711 3618 at
728 3567 791 3631 fodit
809 3573 833 3617 st
850 3567 941 3618 duruit
958 3563 1027 3630 vulg.
1065 3561 1139 3614 Cani.
1158 3564 1192 3614 ds

173 3650 231 3702 nto
250 3659 275 3702 st
294 3651 375 3702 livars
394 3665 450 3718 cup.
465 3650 612 3720 {Xgibiqus
632 3651 718 3702 adnot.
734 3650 773 3700 12.
813 3650 857 3717 17)
875 3653 904 3704 ia
920 3653 1003 3720 [uatis
1021 3649 1053 3701 ui.
1067 3665 1099 3701 m.
1115 3665 1190 3716 supr·

174 3735 269 3789 addidit
287 3739 313 3789 iu
333 3736 371 3790 W.
410 3737 487 3791 Paulo
506 3747 565 3806 post
582 3742 711 3793 iniurium
729 3733 815 3792 taam
834 3735 920 3789 scribit
938 3735 974 3788 Bu
999 3745 1025 3788 st
1047 3749 1092 3805 pra
1109 3755 1192 3792 ausus

175 3823 231 3878 1111
252 3832 277 3876 st
296 3830 318 3876 Α
337 3824 457 3877 exhibant
474 3843 562 3896 passa.
600 3825 674 3889 Quod
693 3826 806 3892 sequitur
825 3835 849 3878 st
867 3825 892 3874 in
912 3822 935 3875 Α
953 3825 1087 3888 omissum,
1107 3825 1132 3874 iu
1152 3824 1191 3876 111

147 3961 151 3969 ,
176 3927 273 3963 erasum
293 3921 340 3964 sst.
379 3911 443 3964 Dein
468 3916 582 3967 tatururs
604 3930 685 3981 possa
709 3911 822 3963 scribunt
843 3909 877 3962 Bc
897 3917 922 3962 st
942 3909 1015 3974 Med,
1043 3910 1191 3978 quibuscum

176 3999 324 4065 conspirant
342 3999 398 4052 edd.
418 4008 482 4051 rstt.
503 4017 525 4051 c.
546 3997 644 4050 Erusm.
664 4006 690 4051 st
708 3998 784 4050 Grur.
821 3997 878 4049 dior
897 3983 1030 4051 dimisum
1051 4012 1098 4066 pro
1116 4001 1192 4052 hum

963 4083 983 4148 5
