2882 4692
233 635 378 694 acetrum.
432 629 469 694 Et
502 629 592 694 audet
623 633 777 716 quisquam
790 629 817 711 ³)
853 637 967 696 mutare
1002 639 1033 696 et
1066 639 1246 699 convertere

235 740 315 822 quod
338 739 413 804 deus
436 739 529 806 iecit?
573 741 677 808 Manus
691 740 719 822 ⁴)
742 744 800 809 deo
823 743 955 809 inferunt
977 747 1097 828 quando
1119 747 1149 812 id
1168 747 1248 830 quod

233 855 283 919 ille
307 854 444 920 formavit
465 853 631 920 reiorrbare
655 864 685 922 et
713 859 925 943 transfigurare
957 862 1157 943 contendunt,
1188 880 1247 925 ne-

233 971 363 1034 scientes
386 971 454 1052 quia
476 988 552 1052 opus
578 972 626 1036 dei
656 977 702 1036 est
730 991 819 1038 omne
849 973 929 1056 qnod
960 975 1249 1056 nascitur,'diaboli

208 1083 441 1167 equodcumqne
470 1091 605 1150 mutatur.
665 1085 696 1152 Si
726 1088 792 1169 quis
823 1088 966 1172 pingendi
997 1088 1106 1152 artifex
1136 1090 1249 1153 vultum

234 1198 358 1262 alicuius
381 1206 411 1262 et
432 1202 562 1282 speciem
585 1206 614 1263 et
627 1197 654 1279 ⁵)
677 1204 814 1283 corporis
831 1185 998 1285 qualitatem
1014 1203 1130 1268 aemulo
1146 1203 1249 1266 colore

234 1313 384 1396 signasset
406 1320 436 1377 et
456 1315 573 1398 signato
597 1315 656 1378 iam
678 1325 944 1400 consummatoque
967 1320 1126 1383 simulacro
1145 1334 1249 1382 uranus

234 1429 308 1494 alius
331 1428 477 1511 adferret,
508 1431 566 1494 ianr
588 1429 729 1512 formata,
761 1433 818 1496 iarn
839 1435 917 1514 pieta
940 1435 1025 1514 quasi
1048 1433 1172 1516 peritior
1195 1450 1250 1494 re-

237 1543 387 1626 formaret,
409 1543 510 1629 gravis
532 1545 642 1626 prioris
663 1544 783 1609 artificis
805 1546 912 1610 iniuria
935 1553 965 1610 et
986 1547 1063 1611 insta
1082 1544 1250 1628 indignatio

199 1657 397 1721 rovideretur.
453 1657 498 1720 Tu
528 1664 558 1720 te
573 1652 600 1735 6)
630 1659 781 1722 existimas
810 1660 921 1740 inpune
951 1661 1078 1723 laturam
1106 1667 1165 1724 tarn
1201 1661 1252 1723 in-

238 1773 350 1855 probae
369 1771 541 1836 temeritatis
563 1771 723 1855 audaciam,
747 1773 795 1838 dei
817 1774 937 1839 artificis
959 1774 1129 1840 offensam?
1172 1775 1212 1839 Ut
1225 1769 1251 1852 7)

243 1969 451 1981 ——-......-

310 2088 340 2158 e)
368 2071 506 2159 accim
524 2092 615 2161 (quan
639 2091 672 2143 au
694 2090 728 2143 ar.
753 2107 786 2142 m.
812 2104 888 2158 supra
910 2089 982 2159 arn)
1005 2088 1046 2141 w.
1085 2089 1129 2160 ,1)
1153 2090 1252 2144 uenae

239 2179 377 2246 (superscr.
397 2177 429 2229 ab
449 2196 471 2233 r.
483 2197 515 2232 rn.
528 2180 628 2249 miuus)
643 2177 691 2232 bia.
720 2178 778 2230 idox
796 2181 842 2234 tuo
859 2180 888 2232 id
905 2180 973 2249 guod
986 2176 1025 2230 W.
1037 2176 1078 2230 Ma
1097 2184 1124 2228 et
1136 2175 1167 2243 B,
1190 2179 1256 2231 ittet

240 2268 308 2334 quod
335 2268 380 2320 itte
405 2266 463 2320 edd.
492 2266 657 2320 Manutiananr
686 2266 875 2320 antecedentes.
926 2263 990 2316 Tum
1018 2275 1042 2320 ct
1067 2269 1188 2335 furmure
1214 2263 1256 2316 Fr.

240 2351 320 2404 Euam.
340 2353 362 2404 1.
398 2351 480 2407 Paulo
498 2363 557 2424 poet
575 2359 642 2426 quod
654 2369 725 2426 ‘opus
744 2359 786 2411 dei
802 2366 843 2411 cat
855 2354 897 2406 bib
916 2362 941 2406 et
953 2356 1050 2409 diaboti
1067 2357 1135 2424 quod
1152 2357 1258 2408 additur

242 2439 322 2507 Neap.
364 2439 393 2507 5)
417 2451 442 2496 et
466 2459 516 2496 cm.
534 2442 581 2496 bic.
599 2448 630 2496 b
672 2443 738 2496 Dein
756 2447 955 2515 qualitatemque
973 2441 1060 2494 scribit
1078 2440 1124 2494 bic.
1161 2439 1257 2492 vitiose

243 2531 423 2598 significasset
440 2539 464 2583 et
482 2533 628 2600 significato
652 2528 711 2580 edd.
730 2528 774 2582 SP.
795 2529 885 2582 Venet
907 2528 1055 2594 2.1temt.‚
1079 2531 1257 2599 significasset

244 2624 268 2667 et
292 2618 450 2685 siginificatio
468 2617 559 2670 Venet.
579 2617 604 2670 1.
625 2625 651 2668 et
674 2617 754 2670 linnn.
799 2617 858 2670 btox
884 2627 1086 2687 consumptoque
1111 2618 1256 2670 simulacro

243 2699 285 2753 Fr.
304 2701 385 2754 Erum.
407 2702 445 2769 1.‚
471 2706 615 2759 simulacro
639 2703 704 2772 (nou
728 2705 903 2769 simulachro)
927 2705 989 2754 item
1007 2702 1047 2754 W.
1067 2698 1203 2754 natoue
1230 2708 1257 2751 ct

245 2789 302 2842 edd.
321 2799 382 2844 vett.
401 2809 423 2844 e.
442 2791 531 2844 Rcmb.
550 2791 626 2846 Grev.
644 2792 738 2844 Manut.
757 2792 825 2844 Pam.
845 2790 935 2843 Goldb
972 2789 1034 2842 Turn
1058 2794 1131 2845 atius
1155 2802 1204 2840 our.
1223 2786 1256 2853 A,

245 2880 272 2930 in
295 2878 335 2930 bic
359 2896 434 2948 supra
460 2895 483 2933 v.
503 2884 577 2936 atius
603 2897 627 2932 a.
645 2897 666 2933 r.
684 2896 719 2933 m.
736 2881 856 2948 scriptum
879 2879 973 2948 legitur
997 2881 1122 2932 climina-
1170 2874 1258 2928 Statim

245 2971 359 3037 adferre
376 2968 416 3020 W.
435 2968 509 3020 biabd
534 2977 560 3020 et
585 2968 626 3022 Fr.
645 2968 726 3024 Emm.
747 2971 770 3023 1.
790 2985 811 3020 e.
832 2967 872 3019 ed.
891 2965 1004 3032 biorelt.,
1029 2969 1136 3036 offerret
1154 2962 1182 3016 B.
1201 2963 1258 3015 Med

245 3063 271 3106 et
294 3055 352 3107 edd.
377 3064 439 3108 vett.
463 3054 553 3109 Rcmb.
572 3057 667 3110 Eraem.
687 3055 760 3110 Grav.
779 3054 888 3120 bierunt,
914 3057 1025 3125 traferret
1048 3053 1089 3119 A,
1113 3055 1175 3105 item
1199 3051 1257 3104 edd.

244 3141 366 3196 Daveutr.
384 3142 478 3196 Parnel.
490 3143 546 3213 Rig.
561 3143 607 3198 0¹.
621 3144 705 3196 baluz.
722 3143 810 3197 Goldh.
830 3144 1006 3195 consentiente
1026 3141 1050 3196 S.
1069 3141 1257 3211 Augustino

245 3229 277 3280 de
303 3230 382 3283 doctr.
408 3231 498 3284 Christ.
517 3232 557 3284 lV.
576 3233 617 3284 21.
643 3231 669 3285 T.
688 3231 729 3284 111.
750 3231 776 3283 P.
796 3231 814 3284 l.
833 3247 858 3299 p.
876 3229 918 3283 85.
937 3229 967 3281 E.
1011 3229 1084 3294 Quod
1109 3229 1186 3298 vulgo
1211 3244 1256 3281 sc·

245 3319 328 3386 quitur
351 3303 380 3373 {tt
404 3321 476 3372 omisi
502 3320 682 3389 praeeuntibus
706 3319 777 3372 libris
795 3319 834 3372 W.
854 3317 936 3370 Mbcd.
955 3317 984 3372 B.
1002 3315 1103 3387 Fregm.
1128 3315 1208 3368 Emm.
1232 3315 1256 3367 1.

245 3404 369 3475 editisque
399 3415 457 3460 aute
484 3407 597 3472 Erasm.;
628 3419 652 3462 ct
680 3425 726 3477 pro
752 3418 782 3463 ut
810 3407 897 3460 scribit
925 3405 972 3459 tta.
1018 3404 1089 3459 Prius
1112 3410 1166 3461 inm
1194 3421 1256 3457 cra-

243 3511 298 3548 sum
322 3495 348 3548 iu
366 3494 402 3562 B,
426 3499 527 3567 iamque
552 3495 628 3550 babet
649 3497 690 3574 cd.
708 3497 827 3552 Daveutr.
865 3497 943 3549 Voce.
963 3499 1016 3550 tom
1032 3499 1104 3566 picta
1122 3491 1154 3546 al.
1172 3510 1205 3545 ru.
1230 3493 1257 3544 in

245 3651 393 3707 Waddidit.
429 3654 457 3720 6)
475 3658 540 3710 Tute
552 3654 592 3708 W.
605 3653 672 3708 ban.
685 3655 714 3708 B.
744 3656 806 3709 'ium
824 3604 963 3739 continge
981 3653 1022 3707 Fr.
1040 3653 1120 3707 Ecum.
1140 3653 1163 3706 1.
1198 3649 1256 3704 idox

252 3744 420 3798 >audacium

279 3813 410 3866 ecdiciam
427 3810 457 3865 Α.
501 3811 530 3881 7)
557 3815 588 3868 tu
609 3817 679 3869 enim
702 3814 873 3884 Augustiu.
891 3813 908 3866 1.
928 3829 949 3866 c.
970 3820 996 3865 et
1014 3813 1050 3864 ita
1068 3811 1163 3862 Erasm.
1182 3806 1255 3860 Gran.

244 3896 341 3950 Mureti.
353 3897 420 3949 Pam.
434 3897 490 3967 Rig.
505 3895 550 3952 Orc
563 3897 649 3952 Balua.
664 3899 752 3952 Goidb.
783 3899 834 3953 Sed
851 3904 922 3954 cutm
940 3915 989 3952 om.
1005 3896 1046 3950 Fr.
1059 3897 1139 3949 Enim.
1153 3895 1177 3948 1.
1190 3892 1255 3946 bibe.

244 3983 347 4038 Aitern
365 3985 405 4038 ed.
419 3984 512 4040 biauut.
548 3989 579 4042 Ut
596 3991 624 4042 ai
642 3988 761 4040 exhibent
774 3987 815 4040 W.
827 3987 875 4042 bia.
887 3985 918 4056 tt,
937 3997 961 4043 et
977 3990 1006 4041 aa·
1017 3985 1057 4039 bie
1075 3992 1101 4038 et
1118 3982 1176 4035 edd.
1194 3988 1256 4035 vett.

244 4072 273 4126 br
289 4089 361 4144 seqq.
379 4091 445 4145 quoe
461 4083 525 4131 acret
542 4077 584 4133 dci
601 4075 718 4132 scribitur
737 4078 765 4130 in
782 4077 812 4132 Α.
