2858 4688
626 411 687 478 155

145 552 229 635 miles
251 570 282 634 in
305 568 419 647 castris,
442 569 610 633 innocentia
633 569 663 631 in
686 568 772 650 suro,
795 568 903 633 iustitia
926 569 956 632 in
978 567 1106 648 indicio,
1130 570 1160 632 in
1198 552 1200 556 ’

144 683 277 747 amicitiis
297 681 469 760 concordie,
491 681 521 744 in
537 682 648 745 artibus
663 683 780 763 peritia,
803 683 833 744 in
849 682 982 746 moribus
998 683 1160 764 disciplina.
1233 671 1238 676 ’

143 797 272 860 Putasne
303 801 335 860 tu
348 791 380 873 .⁶)
414 800 522 859 tantam
552 811 645 876 possa
675 795 868 860 substantiam
899 795 944 858 rei
976 795 1161 858 senescentis

144 904 310 987 exsistere,
346 916 486 989 quantum
512 908 595 990 prius
617 909 714 990 patuit
736 907 855 972 novella
879 905 976 970 adhuc
1000 913 1028 970 et
1052 915 1161 989 vegeta

143 1023 263 1086 iuventa
286 1020 427 1104 pollere?
451 1019 619 1083 diinuetur
649 1037 777 1084 neccsse
808 1029 856 1084 cst
886 1019 1028 1103 quidquid
1046 1013 1071 1094 7)
1101 1019 1161 1082 iine

142 1135 199 1196 iam
222 1132 370 1215 proximo·
384 1131 413 1192 in
437 1128 561 1192 occidue
586 1135 615 1191 ct
639 1135 771 1192 extrema
796 1129 942 1213 devergit.
988 1133 1038 1196 Sic
1060 1132 1105 1196 sci
1130 1133 1160 1196 in

142 1261 253 1310 neuneu
265 1240 297 1322 ⁸)
321 1258 377 1306 sun
400 1241 502 1305 radies
525 1223 622 1304 minus
645 1243 726 1306 clarc
750 1251 780 1306 et
802 1243 895 1326 igneo
921 1245 1083 1326 splendore
1113 1246 1161 1308 ia-

142 1348 275 1436 culatur,
309 1355 354 1418 sic
384 1353 552 1418 declinante
580 1355 637 1417 iem
661 1371 751 1418 eursu
776 1356 903 1418 exoletis
926 1357 1069 1421 cornibus
1091 1357 1161 1419 iuna

141 1477 296 1547 renuatur,
329 1467 491 1544 ctarbcr,
522 1483 599 1548 qnae
628 1465 726 1528 iuerat
754 1474 823 1528 ante
854 1467 956 1530 viridis
986 1473 1017 1530 et
1045 1467 1160 1546 sentitis,

140 1580 347 1646 arescentibus
370 1577 461 1640 ramis
484 1575 725 1659 inpostmodum
748 1577 841 1640 sterili
867 1585 1023 1642 senectute
1053 1579 1160 1645 deier-

141 1695 215 1773 mis,
244 1699 276 1755 et
298 1687 384 1768 icas,
407 1689 459 1772 qui
482 1689 700 1754 exundantibus
723 1690 806 1773 prius
828 1692 915 1754 venis
938 1692 1062 1776 largiter
1083 1711 1161 1776 prn-

140 1808 268 1888 bnebat,
300 1809 455 1868 senectute
486 1803 629 1866 deiciens
659 1805 711 1866 uir
740 1804 858 1868 modico
888 1805 1000 1868 sudore
1024 1805 1160 1869 demittat

141 1921 222 1984 iincc
243 1919 389 1982 sententia
419 1917 529 1980 mundo
556 1918 627 1980 data
651 1923 714 1995 est,
745 1917 819 1982 baec
843 1919 891 1980 dei
914 1919 964 1980 lea
987 1925 1052 1996 est,
1084 1927 1115 1981 ut
1132 1914 1159 1991 9)

142 2033 239 2098 omnia
270 2038 335 2094 crta
366 2030 504 2093 occidunt
533 2037 563 2093 et
592 2037 678 2092 auctu
707 2038 886 2108 senescant,
919 2039 948 2094 et
976 2030 1161 2094 infirmentur

141 2144 230 2208 inrtia
254 2153 285 2207 et
306 2161 414 2228 magna
438 2145 625 2220 minuantur,
649 2148 679 2206 et
700 2161 767 2206 cunr
790 2143 933 2208 infirmate
956 2149 987 2206 et
1010 2143 1159 2208 deminuta

141 2257 269 2336 inerint,
291 2256 438 2320 finiantur.

145 2522 193 2580 bid.
230 2521 291 2574 Turn
309 2525 338 2576 in
356 2524 452 2576 amicte
472 2520 519 2572 bia.
539 2517 576 2571 lib
596 2528 622 2571 et
639 2536 679 2588 pr.
693 2518 741 2572 lttb.
768 2519 808 2588 ,6)
827 2522 940 2574 Perenne
959 2537 997 2587 pr.
1012 2521 1053 2584 W,
1071 2525 1100 2574 in
1116 2535 1163 2588 pro
1227 2587 1230 2594 Ι

144 2620 172 2664 tu
190 2609 317 2684 batbctld.¹
348 2609 414 2661 Dein
434 2619 536 2663 tuntum
548 2605 597 2659 bnt.
636 2609 662 2659 ln
681 2601 753 2674 seqq.
772 2617 870 2676 quanda
888 2607 956 2658 idem
975 2607 1041 2660 liber
1058 2617 1084 2659 et
1102 2615 1162 2662 vett.

145 2696 205 2748 cdd.
227 2713 249 2747 c.
270 2695 370 2748 Erasm.
390 2696 464 2747 Grau.
486 2704 562 2762 atque
581 2694 679 2747 dioreii.
715 2693 834 2746 Proxime
857 2705 974 2764 venerata
997 2699 1104 2749 iuuenta
1122 2694 1162 2746 bid

146 2823 173 2865 et
185 2815 215 2866 Α.
248 2813 325 2865 Verb.
340 2819 438 2882 poliere
456 2823 597 2868 correctum
617 2829 632 2864 e
648 2816 772 2881 pollicere
791 2815 815 2864 iu
829 2813 879 2877 bie,
896 2779 1110 2896 petiieerssbabet
1123 2813 1162 2868 W.

145 2920 175 2982 7)
200 2916 235 2969 lta
255 2916 296 2968 dib
321 2917 498 2984 editionesqne
517 2917 610 2967 Manat.
634 2923 661 2965 et
680 2914 789 2978 Pamel.‚
817 2914 886 2981 vulg.
906 2919 1037 2984 qrrr'eqnid.
1075 2917 1163 2968 Statim

97 3035 99 3039 ·
144 3009 199 3060 a'uar
215 3008 302 3073 prima
321 3005 359 3070 A,
382 3011 434 3054 turn
453 3007 483 3056 r‘n
501 3004 610 3056 occiduo
631 3000 682 3064 Bra,
699 3010 724 3054 et
747 3003 858 3054 occidua
878 2998 932 3065 Bb,
957 3010 980 3054 et
998 3005 1029 3053 ire
1045 3013 1164 3056 extreme

146 3089 204 3143 edd.
225 3099 288 3142 vett.
308 3107 330 3142 c.
349 3089 447 3142 Erasm.
467 3088 541 3140 Grau.
561 3096 591 3138 et
607 3086 702 3138 Mureti.
749 3087 779 3152 8)
803 3103 899 3140 neenec
919 3086 980 3153 (ric)
999 3087 1047 3138 bia.
1085 3088 1165 3140 Deest

144 3183 237 3232 radice
261 3180 285 3230 in
304 3178 344 3240 Α,
370 3181 460 3232 derna
482 3186 508 3229 er
530 3179 624 3244 ianuar
647 3172 735 3224 scribit
759 3173 815 3237 bib,
842 3176 932 3230 ctarea
956 3190 993 3228 ce·
1016 3177 1092 3244 ignee
1117 3172 1162 3227 bb.

146 3265 211 3316 Dein
229 3269 272 3318 ric
291 3267 316 3316 in
335 3265 367 3314 W
386 3271 528 3314 correctum
548 3277 563 3312 e
581 3265 616 3316 ci.
654 3264 690 3315 Et
709 3267 768 3311 ante
787 3263 868 3314 nrbes·
886 3276 936 3312 can.
956 3260 996 3326 Α,
1022 3270 1098 3314 antea
1116 3265 1162 3316 ci-

145 3355 216 3405 ridie
235 3350 339 3402 exbibet
351 3351 382 3400 W
402 3351 471 3402 etin
490 3365 561 3417 seqq.
582 3363 638 3400 eum
655 3347 694 3398 bie
714 3355 739 3400 et
754 3345 805 3399 barb
823 3345 936 3402 erar-itia.
973 3345 1034 3400 'duur
1053 3351 1162 3403 esbun-

145 3440 270 3492 canutus
288 3437 340 3488 itan
374 3435 452 3488 Paulo
471 3444 528 3504 past
545 3439 596 3490 vr'rc
613 3435 638 3487 in
657 3438 678 3486 Α
698 3436 780 3489 decri.
816 3432 865 3486 Pro
884 3429 1002 3489 restittat
1019 3443 1089 3486 recte
1112 3437 1162 3488 de·-

145 3527 230 3577 etitlnt
253 3523 368 3576 scribunt
386 3523 417 3574 W
436 3532 462 3575 et
481 3523 536 3574 iiuc
560 3521 609 3588 (Ba
633 3523 711 3576 habet
732 3523 880 3586 cunibert).
917 3519 1079 3574 concordant
1103 3521 1162 3572 edd.

146 3611 238 3664 Manet.
259 3621 285 3664 et
303 3611 397 3664 Parnei.
441 3613 470 3679 9)
489 3623 513 3666 et
531 3621 560 3666 ut
578 3628 592 3662 a
611 3609 644 3662 m.
664 3626 701 3678 pr.
723 3608 771 3661 bib.
810 3609 907 3660 Vitiese
925 3613 1001 3662 berra
1020 3607 1077 3673 tta,
1104 3607 1162 3659 dein

145 3702 262 3754 occidant
281 3702 312 3750 Α.
348 3697 437 3749 Haurit
456 3697 520 3748 been
539 3713 570 3748 ex
588 3700 690 3750 Sciunt.
708 3693 820 3763 largarrth.
841 3696 897 3762 neb.
917 3693 948 3744 ΙΙ.
982 3692 1044 3746 Turn
1067 3703 1097 3746 rat
1114 3697 1161 3746 in·-

143 3793 282 3858 ssntmtnr·
299 3799 409 3853 moxque
426 3794 455 3839 ut
474 3801 535 3838 cun
554 3785 592 3824 -’
604 3811 638 3822 -
656 3785 785 3852 finientem·
802 3781 861 3832 edd.
879 3771 954 3845 neta,
973 3779 1069 3833 Eresm.
1088 3777 1161 3832 Gran.

145 3880 173 3926 nt
191 3872 287 3926 ttnrett.
323 3871 384 3924 Post
404 3888 499 3941 meysa
524 3872 606 3924 carnin
633 3870 726 3922 dmum
750 3870 775 3918 in
800 3867 822 3919 Α
847 3857 930 3934 usque
953 3866 984 3918 ad
1009 3870 1163 3920 minuantur·

145 3962 253 4030 munte
271 3965 341 4029 (nep.
357 3960 432 4028 sem).
470 3962 612 4014 mnata
630 3973 677 4026 pre
695 3959 825 4012 diminuta
841 3962 913 4008 reete
931 3953 1006 4006 codd.
1023 3951 1061 4004 bie
1080 3960 1107 4026 et
1125 3950 1162 4006 Bb
