2858 4688
621 383 679 450 idi

140 543 175 606 in
204 561 251 608 nne
281 561 346 606 non
377 543 527 608 morietur
558 543 593 606 in
625 550 793 606 aeternum.
846 543 878 608 Si
907 543 937 608 in
970 537 1116 612 Christum
1133 543 1161 626 ⁴)

141 653 307 734 credimus,
337 655 424 718 fidem
454 655 556 719 verbis
586 661 614 718 et
644 656 800 738 promissis
828 657 894 720 eius
918 659 1098 740 iubeamus,
1130 668 1159 728 et
1237 727 1240 735 ,

141 785 201 830 non
231 769 393 832 moriemur
424 769 453 830 in
483 776 656 846 eeternmn5
689 768 915 852 submistum,
946 789 1012 836 oum
1043 792 1102 854 quo
1131 780 1161 857 et

141 881 248 944 victuri
271 886 301 944 et
323 882 479 964 regnaturi
502 896 622 964 semper
645 899 757 961 sumus,
781 882 863 944 iaetu·
874 886 1035 954 securitate
1052 887 1160 950 venie-

141 1010 215 1056 mus.
261 993 348 1068 Quod
370 995 488 1057 interim
512 996 653 1059 morimur
670 994 716 1075 ⁵),
744 994 780 1058 ed
804 996 1040 1090 inmortalitatem
1065 1005 1160 1063 morte

105 1161 107 1164 .
140 1105 395 1188 transgredimur,
427 1125 484 1170 nec
514 1113 613 1188 potest
643 1109 703 1171 vitu
734 1113 855 1172 aeterne
885 1109 1069 1191 succedere,
1102 1111 1161 1174 nisi

140 1220 209 1284 binc
233 1221 393 1304 contigerit
416 1221 511 1284 exire.
556 1221 623 1284 Non
643 1227 689 1284 est
705 1223 802 1284 exitus
817 1223 875 1284 iste
887 1217 927 1300 ⁶),
950 1225 1003 1288 sed
1021 1226 1160 1289 transitus

141 1341 171 1396 et
193 1335 348 1416 temporati
372 1336 479 1397 itinere
496 1333 625 1399 decurso
642 1335 678 1397 ed
696 1343 818 1416 aeterne
836 1343 1051 1420 transgressus.
1086 1339 1159 1414 Quis

141 1465 201 1512 nnn
225 1446 260 1510 ed
284 1448 407 1514 meliore
426 1443 451 1524 ⁷)
477 1447 614 1526 festine13
650 1449 715 1529 quis
738 1466 798 1512 non
822 1451 927 1513 mutari
950 1457 979 1512 et
1001 1449 1160 1514 reformari

141 1561 178 1622 nd
195 1559 303 1623 Christi
326 1561 456 1648 speciem
481 1567 509 1622 et
533 1563 569 1624 ud
593 1550 730 1654 coelestis
752 1561 869 1643 gloriae
885 1562 1056 1644 dignitatem
1073 1564 1159 1626 citius

140 1679 289 1753 exoptet
317 1671 407 1736 Peuio
431 1672 567 1754 apostolo
589 1657 801 1754 praedicente:
824 1671 948 1746 Nostra
965 1684 1067 1741 autem
1083 1695 1159 1738 con·

139 1785 298 1862 aeremia,
321 1785 416 1866 inquit
431 1779 477 1865 8),
499 1786 533 1848 in
554 1787 653 1848 coelis
676 1794 738 1864 est,
762 1786 845 1848 unde
868 1793 898 1849 et
919 1788 1077 1850 dominum
1099 1809 1158 1853 eo·-

212 1997 240 2061 4)
265 2001 295 2050 in
319 1983 372 2066 ὦ
392 1991 445 2050 Mes
475 1997 502 2050 ln
529 2014 601 2068 seqq.
626 1997 745 2052 Boionius
770 2001 1018 2052 auctoritatem-sex
1044 2007 1158 2052 veterum

139 2083 257 2134 codicum
272 2092 372 2136 secutus
385 2087 420 2136 ita
433 2087 549 2152 scripsit:
569 2090 595 2139 ai
608 2089 682 2154 Mem
694 2113 724 2124 —
736 2089 861 2138 babemus
874 2096 898 2139 et
908 2103 961 2140 non
973 2090 1104 2140 inurimur·
1115 2115 1158 2152 -,

139 2171 173 2224 ad
193 2171 255 2225 Cirr.
276 2179 324 2224 etc.
361 2169 411 2223 Sed
430 2173 480 2222 mei
500 2171 593 2238 codd,
612 2180 638 2222 ut
658 2171 715 2224 edd.
735 2165 919 2223 antecedentes
937 2189 989 2226 orn.
1009 2177 1045 2227 si.
1082 2171 1159 2225 Caius

140 2256 197 2308 ioco
223 2259 247 2309 in
267 2256 307 2308 idb
333 2275 410 2327 supro
434 2267 548 2311 notatum
573 2267 613 2311 est
635 2263 661 2330 ff
681 2260 697 2312 i.
717 2275 740 2310 e.
760 2264 870 2328 fratres.
907 2258 956 2310 Pro
975 2264 1099 2314 babemus
1117 2258 1158 2310 W.

140 2342 229 2395 biabcd
250 2351 275 2394 et
294 2342 331 2404 Bb
345 2337 483 2414 'praestant
501 2349 654 2410 babeamus,
674 2345 732 2396 dein
750 2343 781 2395 W
800 2354 825 2396 et
844 2345 899 2396 dieb
918 2349 1071 2412 morientur,
1091 2345 1159 2414 quod

139 2448 154 2482 e
172 2425 303 2486 morimur
322 2439 463 2484 correctum
482 2440 522 2484 eet
542 2433 567 2483 in
586 2430 642 2498 Mc,
667 2429 703 2483 Be
723 2439 823 2496 eutem,
846 2431 885 2483 ttd
906 2433 970 2484 etA
993 2432 1053 2484 dant
1070 2435 1157 2486 mori-

139 2521 201 2572 turi.
238 2519 388 2573 Habeamus
407 2527 431 2570 et
449 2522 594 2572 moriemur
612 2521 673 2570 item
692 2513 817 2571 testentui
835 2517 893 2570 edd.
910 2517 1158 2572 serenatione.

138 2603 228 2657 Remb.
251 2615 277 2657 et
293 2605 391 2658 Eresnr.
411 2624 433 2658 c.
453 2606 568 2673 bioreil.,
596 2611 738 2662 babeamus
764 2614 790 2658 ct
811 2609 939 2661 morituri
957 2603 1076 2657 exhibent
1094 2603 1159 2658 Der.
1260 2665 1264 2670 ¹

139 2691 213 2746 Grsv.
235 2692 327 2745 bisunt.
348 2692 440 2745 Pemel.
461 2693 518 2762 urg.
539 2703 565 2746 et
584 2693 674 2760 Oxou,
696 2695 727 2748 ad
747 2710 810 2764 quos
828 2695 954 2746 accedunt
972 2691 1065 2745 Routb.
1084 2700 1159 2762 etque

140 2775 230 2828 Goldb.
268 2775 388 2829 Ceterum
401 2779 526 2831 Routhius
546 2781 625 2831 edidit
644 2789 670 2831 et
690 2780 815 2832 distinxit:
835 2783 986 2848 babeamus,
1005 2797 1059 2833 non
1071 2783 1159 2834 mori·

140 2867 197 2916 turi
213 2865 242 2915 in
262 2872 417 2931 aeternum‚·¹
438 2869 552 2919 additur.
590 2867 652 2917 Post
670 2881 744 2918 vocc.
764 2870 793 2919 in
812 2877 947 2932 aeteruum
966 2865 1004 2915 tta
1024 2867 1160 2931 interponit

140 2951 174 3001 ri.
216 2945 277 2997 Turn
302 2949 370 3015 prius
395 2958 418 3003 et
442 2964 491 3001 om.
518 2949 558 3000 W.
599 2947 699 3000 Fortius
726 2951 765 3002 dib
788 2947 875 3000 scribit
899 2953 1039 3018 reportaturi
1064 2966 1160 3002 sumus

140 3050 250 3103 semper.
287 3035 315 3102 5)
335 3041 465 3090 morinrur
483 3052 498 3086 a
517 3052 549 3085 m.
568 3051 623 3102 pr.‚
643 3051 657 3086 a
676 3051 695 3086 s.
715 3054 852 3088 moramur
871 3035 921 3099 bib,
940 3043 991 3085 turn
1011 3037 1160 3088 transimus

140 3157 170 3208 Α.
205 3148 308 3207 Deinde
327 3131 386 3209 trine
405 3133 559 3227 conti⁸perit
578 3157 627 3222 bia,
647 3160 805 3226 aontinperit
823 3155 854 3206 W
873 3163 899 3208 et
917 3155 972 3220 bic,
992 3158 1111 3224 ceperint
1128 3159 1159 3206 Δ.

140 3241 169 3303 6)
187 3245 239 3296 iste
256 3245 348 3296 amitus
367 3245 418 3296 iste
437 3243 498 3307 (sic)
519 3241 564 3294 Be.
609 3245 747 3309 utcontra
765 3244 840 3294 tacite
859 3242 957 3295 eddidit
975 3240 1093 3292 Bniuuius
1117 3242 1159 3292 iu·

140 3328 199 3379 vitis
225 3326 295 3396 libris
319 3328 418 3394 scriptis
443 3335 469 3379 et
493 3329 576 3380 editis.
619 3328 679 3380 Tum
706 3332 751 3398 pai
775 3345 814 3395 pr.
841 3327 890 3382 bib·
934 3330 1089 3398 Reformari
1113 3342 1160 3394 pro

140 3419 330 3482 transformari
348 3413 538 3482 titubaldum)
557 3417 654 3468 restitui
674 3432 689 3466 e
707 3415 783 3467 codd.
801 3423 826 3466 et
843 3417 935 3467 ceteris
949 3416 1041 3478 editis3
1059 3419 1160 3482 pieriae

141 3500 260 3552 exhibent
278 3501 309 3552 W
329 3510 354 3552 et
373 3499 409 3552 Bb
429 3517 450 3552 c.
471 3502 530 3553 edd.
545 3501 630 3554 Belus.
645 3501 737 3554 Routh.
755 3511 831 3571 etque
845 3501 945 3572 Geton„
964 3505 1065 3572 pratiae
1083 3500 1158 3550 codd.

141 3597 167 3640 et
186 3588 243 3640 edd.
262 3589 319 3640 reti.
357 3588 430 3650 Quod
451 3596 509 3654 post
528 3591 677 3658 dipnitatem
695 3587 773 3654 uulgo
792 3587 898 3639 infertur
916 3592 1007 3641 nertin
1032 3588 1085 3636 iure
1109 3601 1158 3636 orn.
1255 3657 1261 3664 x

140 3677 200 3726 Ver.
220 3674 260 3726 W.
281 3677 379 3728 biubcd.
401 3674 438 3726 ssb
458 3684 484 3726 et
502 3676 532 3728 Α.
569 3666 635 3726 'Dein
656 3678 759 3728 exobtet
776 3673 865 3724 scribit
883 3673 932 3738 bie,
952 3675 1069 3742 apostolo
1090 3689 1158 3740 puo-

141 3780 189 3832 pae
207 3763 285 3814 babet
303 3764 353 3814 bib.
392 3762 468 3814 Voce.
488 3773 512 3816 ct
531 3766 630 3816 dicante
648 3770 706 3829 post
727 3763 895 3830 praedicante
913 3776 926 3810 e
947 3757 1064 3822 baluzio,
1092 3757 1159 3807 unde

141 3853 246 3916 nescio,
267 3852 369 3902 adiecta
389 3851 461 3902 onriei
479 3849 659 3916 praeeuntibus
679 3847 749 3898 libris
769 3847 831 3896 meis
851 3845 983 3910 omnibus,
1009 3845 1029 3894 si
1049 3845 1159 3909 excipies

142 3935 172 3988 Α.
209 3938 267 3989 Vid.
287 3937 395 4004 Phiiipp.
415 3937 446 4001 3,
466 3936 509 3988 20.
554 3935 583 4003 8)
608 3937 693 4004 inquit
717 3935 742 3985 in
764 3929 802 3984 Bu
828 3931 908 3984 deest.
945 3931 1001 3982 iiox
1026 3933 1159 3984 suminam
