2904 4692
631 429 673 496 97

147 581 177 660 et
193 615 293 660 sermo
311 615 371 659 non
395 595 507 658 habens
531 593 658 656 fructum
682 593 849 672 promereri
866 590 953 654 deum
971 601 1029 654 nou
1054 598 1162 674 potest,

148 714 214 793 quia
240 710 318 774 uuita
343 715 389 773 est
412 707 587 789 operatione
618 702 774 767 secundus.
820 697 856 766 n
886 703 954 768 ideo
966 702 992 776 ⁴)
1017 707 1162 786 scriptura

149 825 246 888 diviua
279 823 396 886 instruit
427 815 590 903 diceus⁵):
621 815 713 881 Bono
743 826 790 879 est
821 819 924 880 oratio
948 837 1016 879 com
1044 819 1163 879 ieiunio

149 945 178 999 et
201 939 407 1018 eleemosyna.
452 934 525 998 Narn
550 927 646 1015 quit)
669 932 697 993 in
723 931 771 994 die
802 931 901 994 iudicii
924 931 1085 1011 praemium
1109 949 1163 1012 pro

150 1051 290 1133 operibus
315 1056 344 1111 et
367 1048 567 1128 eleemosynis
591 1043 762 1108 redditurus
794 1052 840 1107 est
872 1043 1104 1124 hudie‘quuque
1128 1043 1164 1106 ad

150 1147 316 1225 orationem
341 1179 407 1223 curn
441 1161 615 1241 operatione
639 1159 768 1222 venienti
800 1160 946 1241 benignus
970 1157 1088 1220 auditor
1112 1164 1165 1219 est.

149 1277 207 1341 Sic'
231 1259 400 1354 denique&
435 1271 591 1358 Cornelius
630 1273 766 1335 centurio
800 1289 866 1334 cunr
903 1277 1021 1349 oraret,
1061 1271 1166 1333 meruit

104 1415 106 1424 ’
149 1389 259 1466 audiri3
289 1388 342 1452 iuit
366 1387 442 1450 eninr
475 1386 586 1449 iaciens
609 1386 715 1449 multas
739 1386 944 1468 eleemosynas
974 1389 1003 1450 in
1027 1390 1115 1471 plebe
1139 1399 1167 1454 et

150 1479 269 1586 semper
293 1521 381 1566 orans
413 1499 509 1563 deum.
555 1494 676 1582 Huic⁸]
707 1501 785 1561 circa
814 1499 916 1562 boram
940 1519 1047 1565 nonam
1071 1505 1167 1567 oranti

151 1617 266 1702 adstitit
277 1616 402 1699 angelus
419 1613 618 1676 testimonium
635 1610 765 1674 reddens
782 1614 827 1674 sui
844 1614 944 1695 operis
962 1622 991 1677 et
1007 1614 1110 1679 diceus
1123 1611 1168 1690 ⁹t:

152 1729 278 1793 Corneli
290 1725 350 1806 ¹⁰),
384 1727 546 1790 arationes
571 1734 641 1787 tuae
664 1733 693 1786 et
715 1726 928 1807 eleemosynae
959 1737 1030 1791 tune
1054 1749 1167 1792 ascan-

151 1845 266 1906 derrmt
301 1841 343 1902 nd
373 1841 552 1902 memoriam
582 1857 690 1900 corum
722 1839 790 1901 deo.
845 1837 909 1902 Cito
948 1834 1113 1904 orationes
1131 1842 1167 1906 ad

152 1957 240 2020 deurn
259 1949 301 2038 Η)
324 1951 504 2031 ascendunt,
535 1970 609 2032 quas
639 1949 787 2014 addeum
817 1953 919 2016 merita
950 1957 1044 2018 nostri
1068 1960 1169 2039 operis

152 2073 304 2153 inponunt.
350 2065 398 2132 Sic
422 2072 451 2130 et
473 2063 603 2147 Rspbae'i
620 2061 663 2147 ΙἸ)
687 2047 812 2146 angelus
829 2065 941 2130 Tobiae
965 2072 1062 2134 oranti
1085 2089 1168 2136 senr-

155 2193 362 2206 ........---ι-

152 2252 287 2319 Astapus.
325 2246 382 2297 bion
398 2247 547 2315 promereri
565 2247 699 2298 danninum
715 2243 760 2307 Ba,
779 2244 875 2298 mansei
895 2251 1029 2304 damiatem
1045 2250 1071 2304 G.
1108 2253 1169 2306 Tuus

153 2341 198 2408 put
210 2349 256 2402 pro
269 2337 330 2406 puio
342 2331 416 2384 codd.
429 2330 561 2398 prastarA
575 2343 663 2381 omnes
677 2337 702 2380 et
714 2330 771 2381 edd.
783 2330 937 2384 inusitatus.
968 2333 1068 2389 Deinde
1080 2341 1170 2391 ordine

153 2425 255 2474 inverso
267 2424 342 2475 uuita
354 2423 504 2489 aparatione
514 2421 646 2487 semiustus
659 2427 700 2472 oet
711 2417 769 2470 iibri
780 2434 839 2470 nass.
852 2435 941 2472 ornnes
955 2423 1066 2492 aditique
1080 2427 1169 2478 Manu-

151 2511 220 2561 tiano
240 2509 396 2578 antiquiores
414 2522 470 2558 curn
486 2504 641 2558 Moreiiinno.
680 2506 708 2569 4)
727 2509 762 2559 lit
779 2509 881 2560 idcireo
900 2507 943 2560 Bb.
962 2509 1026 2561 biert.
1045 2512 1075 2564 A.
1111 2511 1171 2565 Post

152 2599 289 2664 scriptura
308 2593 348 2646 tte
367 2594 469 2645 inierait
486 2597 516 2647 ds
535 2593 781 2658 belimosiunisic).
819 2594 847 2656 5)
868 2593 930 2646 Tob.
945 2597 988 2662 12,
1002 2599 1026 2648 a.
1065 2600 1092 2662 6)
1112 2617 1171 2656 oum

153 2696 199 2749 pro
215 2685 260 2752 qui
274 2680 318 2733 ba.
356 2679 443 2732 Statim
456 2683 484 2733 ia
497 2683 564 2734 diem
577 2696 613 2746 pr.
627 2680 696 2731 idem
708 2679 779 2731 iiber.
817 2680 883 2732 luins
896 2671 1062 2740 netsisutibus
1074 2690 1171 2758 stipatus

153 2769 183 2819 A.
220 2767 250 2836 7)
269 2770 384 2835 undique
403 2769 433 2816 A.
470 2765 574 2819 Turnat
594 2770 735 2820 dometius
756 2765 925 2833 enatura,
952 2771 976 2820 in
997 2769 1037 2821 dib
1055 2775 1170 2838 particu—
1247 2767 1250 2776 ¹

153 2855 202 2905 iarn
228 2861 252 2932 et
275 2869 295 2904 r.
317 2869 348 2905 rn.
368 2853 475 2904 intrusit.
514 2854 654 2906 Ona-datius
679 2868 715 2918 pr.
736 2851 764 2902 C.
802 2851 1068 2908 Marcomons.
1106 2857 1170 2910 Deio

154 2933 247 3015 audiri
266 2955 343 3008 babet
358 2955 408 3020 bin,
427 2959 520 3009 audire
540 2956 586 3020 (its
602 2954 645 3007 ec.
660 2953 709 3005 bid.
723 2958 756 3018 A)
776 2973 789 3007 a
809 2972 840 3006 m.
861 2972 897 3022 pr.
918 2961 994 3030 etiarn
1013 2959 1061 3012 nb.
1099 2962 1169 3017 Con·

154 3043 249 3096 iunctio
275 3046 344 3096 auius
368 3042 442 3094 abest
466 3059 479 3092 a
505 3043 568 3092 meis
591 3040 674 3103 iibris;
704 3040 795 3110 iegitur
819 3051 903 3093 tannen
929 3045 953 3096 in
973 3043 1029 3098 Ver.
1050 3056 1076 3098 et
1091 3043 1171 3102 tribus

155 3127 284 3198 Angiicis‚
310 3130 370 3180 itam
390 3130 414 3178 iu
435 3127 493 3178 edd.
517 3127 589 3179 Grnv.
611 3126 705 3178 Morelt.
728 3127 813 3182 Baius.
833 3139 908 3197 atque
928 3130 1016 3184 dotia.
1055 3134 1172 3188 Proxime

154 3231 200 3284 pro
219 3222 247 3270 tu
264 3220 364 3285 plebeus
381 3217 471 3281 scripsi
490 3220 518 3268 in
536 3217 607 3283 plebe
625 3229 681 3265 cunr
701 3214 775 3266 codd.
790 3215 848 3266 Ver.
867 3216 898 3267 W
917 3227 943 3269 et
962 3217 1045 3287 dinbd,
1064 3226 1093 3277 in
1110 3227 1171 3292 pie..
1194 3249 1195 3252 =

155 3307 210 3357 tam
236 3319 340 3370 sempor
366 3306 427 3370 (om.
454 3317 526 3354 voco.
553 3318 635 3356 orans
661 3302 749 3368 deum)
776 3303 879 3356 exhibet
906 3304 958 3372 Bb,
985 3313 1118 3364 dominum
1144 3311 1171 3365 0,

156 3390 210 3442 Vid.
233 3388 288 3443 Act.
310 3390 352 3455 10,
373 3391 396 3441 1,
433 3391 462 3457 8]
481 3387 603 3458 Hinc-Rc
622 3398 648 3441 ct
668 3389 731 3442 ttcd.
769 3390 830 3442 Tam
850 3395 922 3446 circu
941 3413 1014 3448 ororn
1033 3394 1076 3448 Bc.
1115 3398 1172 3450 Mox

155 3477 265 3531 adsistit
284 3473 335 3540 Ba,
363 3479 464 3542 asstitit
484 3474 538 3540 tib,
567 3479 650 3530 astitit
675 3473 718 3526 Bc.
740 3477 803 3528 ned.
823 3475 861 3542 A,
888 3481 948 3529 item
975 3480 1033 3532 edd.
1061 3491 1122 3533 vett.
1147 3492 1173 3534 et

155 3557 253 3613 Brasos.
291 3561 389 3615 Deinde
413 3567 475 3619 suis
500 3566 625 3632 operibus
644 3562 704 3615 Ver.
725 3564 791 3614 etA
817 3580 837 3614 c.
863 3565 903 3615 ed.
925 3564 1021 3617 Moreii.
1067 3566 1095 3626 9)
1114 3568 1171 3618 Act.

156 3648 199 3712 10,
218 3649 243 3700 s.
290 3648 334 3714 so)
360 3639 575 3721 taurinamque
599 3652 623 3702 n
647 3649 696 3701 nn.
733 3649 803 3701 aaran
827 3660 887 3705 roae
912 3666 959 3704 om.
980 3650 1033 3705 nuc
1057 3662 1083 3704 a
1104 3653 1171 3719 nea,

156 3735 263 3789 aiterum
283 3737 340 3788 edd.
360 3746 421 3788 vett.
442 3755 464 3789 c.
479 3737 575 3790 Erasin.
614 3736 675 3789 Turn
694 3741 722 3790 iu
740 3741 893 3791 crameriam
911 3735 1022 3790 scribunt
1041 3737 1077 3789 Bb
1097 3747 1124 3790 st
1141 3740 1172 3791 A.

157 3821 244 3874 Statim
264 3811 355 3880 curasti
373 3826 476 3878 domino
495 3823 570 3875 babet
589 3821 636 3874 Bb.
684 3824 729 3890 11)
747 3826 781 3876 nd
798 3827 931 3878 dominum
950 3832 1056 3892 utroque
1075 3824 1133 3876 ioco
1153 3825 1173 3875 C

157 3918 184 3960 st
202 3909 248 3962 lib.
286 3909 335 3962 Pro
354 3929 420 3979 quoa
439 3913 567 3978 reperitur
585 3927 651 3980 puna
668 3910 693 3961 in
711 3908 749 3959 W.
771 3908 808 3959 itia
829 3918 854 3960 et
873 3909 916 3960 Ba.
954 3909 1014 3960 Tuus
1034 3914 1067 3964 ud
1084 3915 1171 3966 dumi-

157 4013 221 4048 uum
238 3994 332 4052 habant
351 3993 412 4049 nau.
453 3996 498 4064 12)
518 3999 613 4065 Bassai
632 3993 667 4062 Ὁ,
694 3997 827 4065 Rapbubet
845 3993 933 4045 Mabdi
949 4003 976 4046 ct
994 3993 1071 4048 Babc.
1108 3995 1173 4048 Deio

946 4083 963 4146 7
