2868 4700
753 397 869 488 ,30

337 583 422 645 meu,
446 561 689 632 etsi'trudidero
712 583 823 646 corpus
846 583 962 642 meum,
987 567 1021 627 ut
1037 557 1171 642 ordeum,
1195 561 1353 626 caritatem

338 687 438 744 nutem
452 699 515 744 uon
529 678 673 757 tatem,
698 678 777 741 uitrit
795 677 932 758 proficio.
973 675 1096 738 Caritas
1110 677 1305 758 muyuouimu
1317 675 1352 756 ¹¹)

338 803 400 875 est,
422 796 537 858 curuos
558 794 690 875 bertuna
714 799 777 869 est,
801 793 919 854 coritas
933 809 994 853 uon
1009 790 1197 870 oemulatur,
1219 810 1283 854 uon
1299 792 1352 854 in-

335 907 445 988 flatur,
476 928 538 972 nou
569 909 735 984 inritatur,
770 925 832 969 uon
854 907 919 986 aytt
943 921 1123 985 perpurum,
1153 923 1215 966 nou
1242 906 1355 986 coyitut

299 1045 313 1089 s
336 1024 465 1099 matum,
488 1023 591 1085 omnio
605 1020 721 1100 dittyu,
746 1019 849 1082 munia
865 1018 980 1092 credit,
1000 1016 1102 1079 omniu
1115 1023 1230 1096 spuet,
1252 1018 1354 1079 omnia
1424 1085 1425 1102 χ

338 1139 484 1201 sustinet:
516 1135 632 1199 coritas
663 1151 826 1213 numquam
856 1132 985 1194 excidet.
1028 1130 1217 1210 Numquam,
1249 1130 1353 1211 inquit,

340 1245 510 1326 mutatu>
531 1249 665 1322 ueritum
687 1246 761 1310 hseu
778 1246 856 1308 enim
880 1233 999 1326 semper
1020 1243 1051 1306 in
1065 1259 1163 1326 regno
1189 1243 1255 1322 erit,
1279 1242 1354 1307 hueo

340 1439 427 1492 scribit
444 1438 502 1491 Ver.
537 1438 577 1490 Ad
601 1438 681 1491 verbs
705 1447 734 1492 ut
757 1440 862 1490 ordeum
889 1433 1019 1488 adnotavit
1047 1433 1176 1486 Baluuius:
1201 1433 1253 1500 „lta
1278 1435 1355 1486 etiam

341 1525 369 1578 L.
388 1517 429 1578 ΠΙ.
447 1526 648 1578 testimoniorum
667 1541 721 1592 cup.
741 1523 764 1576 3.
796 1523 828 1576 At
840 1521 1007 1588 Hieronymus
1025 1525 1051 1574 in
1070 1530 1145 1590 caput
1163 1525 1276 1592 quintum
1295 1524 1355 1590 epi-

342 1613 425 1666 stolae
442 1615 475 1665 sd
496 1613 595 1665 Galatas
614 1611 694 1665 refert
709 1614 735 1664 in
752 1613 834 1665 ueteri
853 1613 972 1664 versione
989 1627 1036 1679 pro
1055 1613 1160 1664 ordeum
1177 1609 1230 1678 legi
1247 1612 1356 1680 ytorier.

342 1699 375 1752 Et
391 1699 493 1752 videtur
508 1701 676 1768 Hieronymus
699 1699 831 1768 praeferre
855 1713 911 1751 earu
936 1699 1087 1765 lectionem,
1114 1714 1171 1750 cum
1194 1697 1271 1766 paulo
1294 1704 1356 1765 post

343 1787 412 1838 dicat
428 1787 508 1854 illem,
532 1803 598 1856 quae
620 1786 697 1840 habet
720 1791 841 1851 arduum,
866 1803 923 1840 esse
947 1802 1076 1852 errorem,
1100 1788 1143 1856 qui
1165 1785 1232 1853 apud
1253 1792 1356 1836 nostros

342 1873 472 1926 inolevit.“
509 1874 554 1941 11)
572 1879 750 1946 muyunuimis
768 1873 804 1936 Ba
823 1882 849 1926 et
866 1874 908 1926 hio
925 1882 951 1926 et
968 1875 994 1925 in
1012 1874 1077 1926 libro
1097 1874 1128 1925 de
1147 1873 1204 1924 nelo
1223 1879 1249 1922 et
1268 1871 1355 1924 livore
1424 1857 1425 1888 ⁴

343 1969 368 2030 p.
388 1960 447 2015 259.
482 1961 540 2014 Mox
556 1981 609 2017 nou
634 1967 794 2028 aemulatur,
818 1979 871 2017 oen
888 1965 959 2017 uelut
978 1962 1046 2014 idem
1064 1960 1108 2014 Ba.
1145 1959 1196 2013 Sed
1214 1977 1267 2014 uon
1285 1961 1358 2012 seint

343 2051 392 2116 (its
409 2049 502 2102 Noster
519 2050 552 2102 de
570 2050 628 2103 nelo
647 2058 673 2102 et
689 2049 772 2102 livore
789 2049 807 2103 l.
826 2066 848 2102 e.
868 2065 914 2118 pro
931 2067 984 2104 uon
1002 2048 1163 2117 aemulatur]
1181 2047 1291 2116 glossam
1310 2061 1357 2097 sa-

342 2139 394 2207 pit,
418 2154 484 2208 quae
507 2154 539 2190 ex
562 2155 613 2208 mg.
639 2139 664 2189 in
689 2146 785 2190 textum
809 2139 919 2206 irrepsit.
961 2137 1043 2188 Recte
1066 2135 1134 2188 istud
1158 2134 1356 2187 additamentum

344 2241 360 2278 a
378 2233 499 2278 contextu
521 2224 594 2278 abest
616 2227 642 2276 in
663 2223 730 2276 libro
754 2225 787 2276 de
812 2225 881 2277 buno
905 2226 1008 2293 patient.
1028 2242 1053 2292 p.
1073 2223 1124 2276 252
1143 2231 1170 2276 et
1187 2224 1212 2274 in
1230 2222 1358 2274 testimon.

344 2310 361 2366 l.
375 2331 398 2367 o.
428 2313 477 2366 Pro
495 2331 548 2368 nou
565 2315 682 2383 inflatur,
701 2329 765 2382 quae
783 2311 863 2364 verbs
882 2328 931 2364 om.
951 2310 982 2377 A,
1004 2313 1063 2364 Ver.
1080 2313 1157 2364 hebet
1174 2328 1227 2364 unu
1244 2310 1356 2378 initum-

345 2411 442 2457 uustur.
477 2400 543 2453 Dein
559 2418 612 2456 uun
630 2404 683 2471 uyit
699 2419 847 2470 perpurum,
868 2416 933 2469 quae
953 2398 1011 2452 edd.
1029 2399 1123 2453 Pamel.
1144 2407 1169 2451 et
1186 2397 1243 2450 rell.
1261 2411 1358 2448 reeen-

345 2491 423 2543 tiores
440 2490 602 2558 interponunt
617 2496 677 2556 post
693 2499 746 2542 uon
764 2491 926 2554 aemulatur,
951 2487 1132 2556 praeeuntibus
1149 2485 1220 2538 libris
1239 2491 1265 2534 et
1283 2497 1359 2534 manu

346 2577 444 2644 scriptis
469 2577 560 2627 nostris
585 2583 611 2627 et
635 2583 693 2627 ante
718 2575 811 2628 Pamel.
838 2575 911 2628 editis
937 2578 1029 2628 inserui
1054 2585 1113 2644 post
1140 2593 1193 2630 nou
1221 2575 1359 2627 intritutur.

345 2663 414 2728 Loco
438 2665 509 2716 vocis
525 2680 671 2733 merueram
695 2662 718 2714 Α
743 2664 769 2715 in
794 2671 913 2715 contextu
938 2662 1016 2716 habet
1038 2681 1086 2734 uer
1106 2672 1228 2734 peecata,
1256 2662 1281 2712 iu
1308 2677 1358 2729 mg.
1424 2699 1425 2706 a

345 2769 437 2822 perum
457 2751 527 2816 (sic).
558 2749 619 2802 Post
632 2768 684 2805 unu
704 2754 798 2820 uouitut
815 2751 840 2802 in
853 2749 890 2802 Bb
909 2749 1004 2802 illatum
1020 2753 1156 2820 proximu,
1175 2748 1243 2818 quod
1261 2763 1359 2800 merum

346 2837 473 2907 glossema
492 2847 539 2903 est,
558 2845 585 2889 et
601 2846 659 2906 post
676 2842 774 2892 maium
791 2839 817 2889 in
837 2838 895 2890 Ver.
914 2838 1007 2906 legitur
1023 2855 1075 2892 nou
1093 2841 1187 2907 esuriet
1206 2852 1288 2904 super
1311 2838 1359 2888 iu-

347 2929 492 2993 tantumn,
516 2927 553 2978 uti
578 2941 618 2994 ap.
643 2924 760 2978 Nostrum
785 2925 816 2978 ad
834 2923 930 2987 Quirin.
948 2925 964 2978 l.
984 2941 1021 2988 c.‚
1047 2923 1091 2976 ubi
1108 2931 1242 2991 praeterea
1267 2922 1360 2975 adiun-

346 3022 438 3081 guntur
454 3013 532 3066 haee:
552 3017 717 3070 oentouatur
728 3023 815 3068 autem
826 3016 856 3066 in
868 3016 985 3067 ueritate.
1016 3011 1077 3062 Turn
1093 3013 1197 3066 recidet
1209 3009 1269 3062 dant
1282 3009 1359 3061 codd.

347 3099 406 3158 Ver.
419 3100 498 3168 Nesp.
510 3100 575 3166 Vae,
593 3103 672 3154 nostri
686 3117 787 3166 omnes‚·
806 3100 905 3153 Csmhr.
918 3115 958 3167 sp.
971 3099 1066 3151 Pansel.
1083 3106 1109 3150 et
1126 3096 1213 3166 plures
1230 3097 1262 3148 nb
1276 3096 1357 3150 Oxou.

347 3190 459 3255 excussi,
483 3205 532 3242 nee
550 3189 632 3246 dinen
650 3189 706 3241 uod.
725 3186 878 3240 Oiaromont.
897 3188 1058 3257 epistolarum
1078 3186 1102 3239 S.
1123 3185 1201 3238 Pauli.
1238 3185 1357 3238 Consen-

348 3278 412 3328 tiunt
436 3277 495 3330 edd.
513 3286 575 3332 vett.
596 3276 717 3345 (excepta
735 3274 879 3342 navemn),
898 3274 988 3330 Remb.
1006 3283 1032 3326 et
1049 3275 1140 3327 Manui.
1171 3277 1286 3330 Excidit
1304 3271 1360 3342 (is-

347 3365 445 3434 πίπτει)
468 3382 500 3418 ex
523 3366 564 3418 ed.
583 3364 720 3428 Deventr.,
743 3372 771 3414 ut
794 3363 909 3427 videtur,
936 3371 1071 3431 receperat
1088 3361 1224 3426 Erasmus,
1250 3375 1360 3432 eumque

279 3463 286 3476 ⁸
347 3455 429 3508 secuti
445 3461 503 3506 sunt
515 3453 627 3518 Grauius,
643 3451 782 3517 Moratum,
799 3450 924 3504 Pamelius
944 3461 971 3504 et
987 3455 1145 3505 recentiores
1164 3466 1260 3504 ornnes.
1290 3455 1357 3506 Bice-

348 3545 430 3606 osds‘t,
457 3549 485 3593 ut
501 3541 669 3606 Hieronymus
686 3541 712 3591 in
731 3540 788 3592 ond.
807 3540 898 3600 Amisi.
918 3557 932 3592 a
951 3539 1139 3593 Tischendoriio
1165 3539 1249 3604 edito,
1277 3540 1360 3607 primo

348 3628 482 3683 exhibebat
501 3628 551 3682 Mb.
586 3628 614 3679 in
631 3629 757 3680 testimon.
775 3627 792 3680 l.
811 3645 847 3694 e,
868 3627 912 3681 ubi
930 3629 1006 3699 vulgo
1024 3629 1130 3698 iegitur,
1155 3629 1257 3681 raritas
1275 3645 1359 3680 uum-

151 3715 177 3772 “,
252 3775 255 3780 ,
348 3735 425 3786 quum
436 3719 549 3784 excidet,
568 3714 610 3766 Mt
621 3713 712 3767 habet:
730 3719 833 3772 karitas
845 3735 984 3788 numquam
993 3719 1096 3792 emutuit
1113 3715 1267 3781 (sioscorr.
1280 3727 1360 3779 m.‚s

348 3800 627 3878 primaeuosqtit),.Bs:
641 3804 726 3872 Asopo
738 3807 995 3873 numqunmexeids't.
1023 3801 1069 3870 12)
1079 3800 1116 3853 lta
1125 3800 1199 3853 codd.
1208 3798 1268 3854 Ver.
1278 3799 1359 3866 Neap.
1410 3800 1413 3843 i

349 3890 406 3944 Vnt.
416 3891 456 3944 W.
470 3898 496 3941 st
508 3889 582 3942 Msbe
593 3906 616 3942 o.
630 3889 690 3943 edd.
703 3899 766 3944 vett.
778 3900 806 3944 st
816 3891 920 3957 iiauut.‚·
930 3891 999 3960 vulg.
1012 3893 1119 3944 excidit.
1147 3886 1235 3940 Statim
1247 3892 1313 3942 iseo
1322 3893 1360 3942 ert

349 3978 787 4050 uimmmuetiursyuu-uitm.
810 3977 1082 4050 Etngnosenntetium
1091 3974 1157 4029 ttbt.
1182 3973 1242 4028 Mox
1250 3977 1359 4032 duravit
