2858 4688
630 375 692 445 195

154 535 263 604 atde
286 537 450 620 agnitionis
471 539 537 603 elus
559 535 708 618 iuniores,
733 539 818 602 uenia
841 537 994 606 confitenti
1018 537 1118 620 datan,
1142 543 1170 606 at
1264 545 1270 560 ’

153 647 288 714 eredenti
311 641 497 732 indulgentia
519 647 658 722 salutaris
682 647 719 710 de
743 647 840 715 divina
860 650 969 731 pietate
987 653 1170 735 conceditur,

152 767 182 823 et
213 761 250 830 ud
282 761 517 827 inmortalitatem
551 761 606 824 sub
640 761 704 842 ipsa
739 769 835 826 morte
868 764 1015 831 transitur.
1049 763 1054 850 l
1089 767 1171 835 Hauc
1184 783 1222 822 22⁵

152 875 276 958 gratiam
294 874 428 938 Christus
452 875 572 956 inpertit
587 871 638 953 ¹¹),
659 876 717 938 boo
737 894 843 938 munus
860 878 1083 942 misericordiae
1098 899 1171 944 suae

90 966 98 976 “
153 989 253 1051 tribuit
275 989 444 1072 subigendo
467 995 591 1052 mortem
616 996 741 1071 tropaeo
764 991 878 1070 crocis,
902 990 1075 1086 redimendo
1099 1014 1170 1057 cre-

153 1101 270 1164 dentem
292 1103 390 1184 pretio
414 1104 460 1164 sui
483 1103 655 1186 sanguiniS,
689 1105 910 1168 reconciliando
941 1105 1088 1170 hominem
1112 1097 1170 1172 deo

151 1216 237 1296 patri,
264 1215 440 1303 vivificando
464 1193 618 1282 mortalem
640 1219 874 1300 regeneratione
899 1214 1029 1284 caelesti.
1076 1219 1170 1302 Hunc,

151 1329 177 1390 si
207 1327 272 1390 lieri
301 1335 418 1410 potest,
453 1311 614 1410 sequamur
645 1348 767 1410 omnes,
802 1333 889 1396 buius
921 1340 1171 1400 sacrsmemomt
1234 1400 1238 1407 ,

151 1443 239 1525 signo
264 1459 448 1505 censeamur.
495 1444 548 1505 llic
569 1445 667 1527 ‚nobis
698 1446 774 1506 viam
806 1447 884 1508 vitae
913 1446 1025 1527 aperit,
1057 1447 1104 1511 bic
1133 1448 1169 1510 ad
1241 1527 1243 1531 ,
1355 1517 1360 1524 ,

151 1557 320 1638 paradisum
344 1555 471 1619 reduces
492 1553 530 1633 ¹²)
554 1556 640 1636 facit,
672 1557 719 1620 hic
742 1558 778 1620 ad
802 1558 952 1622 caelorum
976 1578 1071 1643 regno
1093 1579 1169 1642 per-

75 1695 77 1703 s
152 1669 240 1732 ducit.
280 1669 359 1733 Cum
381 1671 447 1752 ipso
471 1689 590 1753 semper
613 1673 747 1735 vivemus
767 1670 808 1750 ¹³)
832 1673 900 1736 tacti
922 1693 977 1754 per
1000 1675 1094 1756 ipsum
1118 1675 1169 1738 tilii

152 1782 219 1859 dei;
242 1767 308 1864 curu
332 1785 398 1865 ipso
422 1785 633 1848 exsultabimus
654 1805 772 1867 semper
787 1786 880 1866 ipsius
896 1805 1004 1850 eruore
1021 1791 1167 1870 reparati3

152 1897 264 1958 erimus
280 1895 437 1960 Christiani
460 1915 526 1960 cum
543 1897 666 1962 Christo·
684 1897 770 1960 simul
793 1897 930 1980 gloriosi,
954 1897 991 1960 de
1009 1897 1067 1961 deo
1085 1907 1168 1980 patre

152 2009 241 2088 beati,
265 2007 302 2070 de
325 2015 469 2089 perpetua
494 2008 644 2089 voluptate
663 2008 807 2106 laetantes
824 2025 942 2088 semper
958 2007 988 2072 in
1004 2021 1167 2092 conspectu
1260 1995 1262 2002 ¹

150 2194 250 2243 sinerem
269 2201 293 2244 ot
310 2193 384 2258 fidem
396 2187 505 2254 Erasm,
523 2192 583 2243 cius
603 2203 653 2238 om.
666 2187 698 2252 Α,
717 2189 820 2240 inverso
838 2187 928 2240 ordine
947 2195 1006 2245 clau
1025 2195 1168 2264 castilionis
1266 2265 1268 2272 y

82 2331 87 2336 ,
150 2275 270 2327 exhibent
295 2276 353 2328 edd.
378 2284 439 2326 vett.
466 2292 488 2326 c.
508 2274 604 2326 Erasm.
624 2283 650 2326 et
669 2272 743 2326 Grau.
780 2273 846 2326 Male
871 2281 1007 2343 confitendi
1025 2277 1056 2328 W
1075 2289 1101 2330 et
1120 2280 1167 2331 bia.

149 2362 229 2414 tidem
246 2351 302 2414 ¹libri
322 2371 347 2414 et
359 2361 398 2414 ¹Bb
419 2365 594 2417 credentibus·
628 2361 690 2413 Vec.
709 2365 870 2432 indrtlycutia
889 2362 963 2414 abest
981 2364 1054 2418 aBb.
1090 2365 1167 2420 Baelo

149 2458 207 2517 post
227 2466 274 2518 pro
293 2454 343 2504 aab
363 2451 388 2502 in
408 2449 430 2500 Α
451 2449 573 2502 mendose
592 2448 712 2501 scribitur
729 2453 792 2504 etti.
837 2450 880 2513 11)
899 2449 935 2502 lta
957 2451 1000 2502 We
1016 2451 1056 2503 blb
1076 2462 1101 2504 et
1119 2452 1167 2520 Bb,

148 2541 263 2606 impertit
282 2537 319 2588 tta
340 2546 366 2589 et
384 2536 420 2589 Ba
439 2555 461 2590 o.
482 2537 539 2589 edd.
560 2537 653 2589 Manut.
679 2546 763 2608 stup.
779 2538 979 2607 posterioribus,
1004 2543 1115 2632 inpertit
1134 2541 1167 2606 A,

148 2653 267 2720 impartit
293 2651 348 2702 bled
376 2661 402 2704 et
428 2652 491 2718 edd,
515 2651 655 2730 Manutiuoa
682 2653 846 2720 antiquiores.
884 2651 979 2704 'Statim
1006 2635 1101 2709 trilatt
1127 2655 1167 2720 W,

148 2740 268 2790 attribuit
287 2736 317 2788 Α.
353 2737 416 2788 Turn
435 2739 492 2789 libri
511 2741 596 2806 scripti
616 2748 641 2790 et
660 2739 721 2791 editi
741 2740 816 2791 modo
836 2750 933 2808 mopso,
955 2741 1031 2792 modo
1050 2749 1165 2810 tropbeot,

150 2820 225 2872 modo
242 2827 373 2892 trophaeo.
405 2823 501 2875 Vitiosa
520 2830 604 2890 pretio
623 2842 673 2878 cao
693 2829 834 2893 consuistis
847 2825 895 2887 Bb,
912 2831 1073 2893 praeciosus
1091 2848 1165 2899 osny.

150 2921 187 2971 pr.
202 2906 250 2958 blb.
288 2907 379 2959 Postea
397 2923 459 2959 vero
478 2909 575 2973 syllaba
594 2926 644 2962 sue
665 2924 746 2958 erosa.
785 2907 871 2958 Ceteri
884 2909 959 2960 codd.
975 2918 1000 2960 et
1013 2911 1054 2962 ed.
1070 2912 1165 2965 lltorsll.

131 3003 219 3052 macte
243 2998 289 3048 sni
313 2998 454 3064 certaminis
478 3009 523 3061 pro
550 2997 693 3063 saeculata
717 2998 779 3059 sui,
805 3002 832 3045 ut
856 2993 950 3062 legitur
974 2995 1060 3064 v‘ulgo.
1103 2997 1167 3050 Dein

147 3084 362 3135 rccmucs'la'mstcm
388 3079 424 3132 Ba
449 3097 559 3149 mosque
586 3091 610 3134 ct
634 3085 792 3150 vivificando
821 3081 880 3146 bib,
909 3085 1015 3137 caelesti
1042 3099 1091 3134 om.
1120 3085 1166 3138 lla.

149 3169 196 3235 12)
214 3171 343 3224 reducens
361 3168 406 3219 Ba.
443 3167 504 3218 Tum
524 3171 557 3222 ad
575 3168 803 3236 (praepositionem
823 3172 847 3220 iu
867 3169 907 3221 bld
922 3186 946 3222 r.
967 3186 999 3221 m.
1019 3187 1095 3238 supra
1118 3173 1167 3223 ad-

148 3254 224 3322 didit)
245 3273 327 3326 redsa
347 3258 480 3310 cadorum
500 3253 545 3307 Bb.
595 3256 775 3320 reteneamus
795 3255 932 3324 Bbetpr.
952 3257 1000 3309 bib.
1037 3257 1125 3310 Statim
1144 3270 1167 3313 ct

146 3345 214 3410 facti
233 3342 290 3396 edd.
311 3342 478 3394 Manutiaoam
498 3344 679 3396 antecedentes
698 3353 724 3395 et
743 3344 897 3398 blorelliana.
935 3343 1034 3397 Deinde
1055 3351 1164 3400 smuttu-

148 3431 235 3483 ds'mus
253 3447 358 3498 semper
372 3429 411 3481 W.
432 3430 515 3482 blbcd.
536 3429 571 3482 Ba
591 3440 616 3482 et
634 3433 666 3496 Α,
685 3420 745 3483 itetn
764 3432 821 3484 edd.
841 3431 934 3484 Manat.
955 3432 1051 3484 Morell.
1072 3432 1165 3486 Pamel.

147 3514 241 3583 Rigalt.
261 3525 337 3584 atque
356 3517 446 3584 oxon,
464 3535 569 3588 comper
587 3523 766 3574 caeultcba'mus
787 3520 846 3571 edd.
865 3520 920 3572 rell.
941 3527 1046 3587 excepta
1066 3518 1165 3585 Gotdh,

147 3617 213 3672 quae
238 3603 292 3654 sola
317 3605 394 3656 habet
419 3609 624 3660 exsultabimus.
661 3605 824 3674 Postpanltur
846 3607 905 3658 adu.
924 3623 1028 3674 desurper
1047 3608 1123 3656 etlam
1141 3607 1166 3658 in
1231 3623 1232 3630 ¹

147 3686 186 3738 bia
207 3697 232 3740 et
251 3688 289 3741 Bb
314 3691 353 3758 (in
378 3691 467 3760 quibus
493 3700 532 3744 est
556 3695 738 3772 exaltavimus
760 3693 822 3744 vitio
841 3693 977 3760 sollemni).
1015 3692 1056 3743 Sic
1074 3692 1167 3745 Noster

146 3773 210 3826 inira
234 3778 360 3833 tonsuratas
385 3797 505 3850 semper,
533 3787 584 3830 tum
603 3791 710 3850 nysam
728 3785 775 3835 dcc
793 3785 896 3850 arettas
914 3798 1020 3850 sempor
1038 3789 1064 3832 et
1081 3784 1167 3834 testae

146 3879 207 3916 sace
224 3881 336 3940 mamper.
373 3865 452 3918 Paulo
470 3877 528 3935 post
547 3872 575 3922 irs
593 3872 679 3940 glorie
697 3887 757 3923 eam
772 3871 880 3923 cbristo
895 3866 1050 3938 aloriosid.
1086 3864 1165 3918 Prae-

145 3950 297 4014 positionem
315 3961 375 4006 aute
393 3957 440 4008 deo
459 3970 508 4007 om.
529 3953 575 4008 Bb.
611 3954 682 4008 Idam
701 3956 765 4008 liher
784 3957 869 4023 inepte
891 3955 981 4007 scribit
1006 3957 1037 4008 do
1059 3959 1167 4024 propriu

885 4042 960 4107 ta*
