2834 4686
737 279 802 344 ent

260 439 367 524 ioseph
381 435 419 514 ¹²)
442 437 637 504 venumdatus
659 457 676 500 s
699 435 841 500 iratribus
865 443 895 498 et
917 437 1069 520 relegatus
1092 455 1152 500 non
1171 442 1288 500 tantum

260 554 407 638 patienter
430 553 576 635 ignorem,
603 551 658 614 sed
682 552 810 634 gratuito
835 549 980 616 frumento
1004 551 1195 616 venientibus
1218 552 1286 615 tnr-

259 669 339 752 piter
373 674 403 730 ct
435 667 597 730 clementer
630 666 760 748 inpertit.
817 663 938 746 Moyses
957 660 995 738 13)
1027 664 1064 726 eb
1098 663 1218 748 ingrato
1257 673 1288 728 et

259 779 374 863 pertitio
397 779 509 863 popnio
533 779 731 842 contemnitur
754 776 928 859 frequenter
951 784 980 840 et
1003 794 1101 859 paene
1124 777 1286 860 lapidatur,

261 899 291 956 et
313 900 411 955 iernen
434 891 511 954 lenis
535 897 565 952 et
587 891 705 971 potiens
727 905 783 971 pro
806 888 900 952 isdem
924 887 1074 953 dontinum
1091 889 1285 972 deprecetur.

260 1005 291 1070 tn
315 1002 412 1068 David
434 999 470 1079 ¹⁴)
494 1019 587 1082 nero,
611 1022 652 1066 ex
674 1021 734 1084 qno
758 1002 922 1066 secundum
946 1021 1065 1065 curnem
1091 1004 1200 1068 christi
1224 1024 1285 1068 un-

260 1117 360 1180 tiuitns
384 1117 489 1196 oritur,
512 1135 598 1198 quom
622 1135 729 1198 mogon
752 1122 782 1178 ei
806 1116 877 1178 miro
903 1121 932 1178 et
949 1113 1115 1180 Christiano
1131 1117 1284 1199 patientie,

259 1229 401 1296 imbuisse
425 1231 454 1292 in
477 1246 563 1292 menn
587 1244 680 1308 soepc
702 1232 735 1288 ut
757 1226 827 1292 Seni
849 1243 954 1309 regern
983 1236 1217 1320 persequentem
1250 1247 1284 1290 sc

260 1352 290 1410 et
312 1344 486 1408 interficere
512 1341 774 1423 concupiscentem
804 1345 909 1422 posset
938 1339 1098 1420 occidere,
1131 1347 1160 1402 et
1186 1349 1284 1406 tamen

260 1457 409 1522 subditum
433 1455 489 1518 sibi
512 1461 540 1521 et
565 1455 700 1518 traditum
718 1453 857 1518 metuisse
873 1471 1007 1532 seruere,
1031 1472 1089 1516 nec
1105 1455 1284 1536 rependisse

259 1570 380 1633 inimico
405 1569 519 1644 vicem,
541 1567 595 1632 sed
619 1569 751 1632 occisum
774 1567 871 1630 adhue
894 1569 1018 1651 insuper
1042 1573 1071 1628 ct
1094 1567 1284 1632 vindicasset

259 1683 319 1746 'int
341 1679 524 1762 deniqoe¹⁵)
545 1681 710 1764 prophetae
731 1681 891 1766 interiecti,
916 1686 960 1744 tot
975 1688 1121 1764 martyres
1138 1682 1283 1764 gloriosis

260 1795 404 1858 moribus
428 1794 582 1873 honorati,
613 1797 663 1877 qui
687 1813 792 1860 omncs
815 1795 852 1858 nti
881 1795 1030 1859 coelestes
1060 1813 1194 1859 corones
1223 1815 1283 1878 pn-

261 1909 382 1972 tientise
404 1905 493 1970 leude
516 1913 672 1970 uenerunt.
717 1907 823 1988 Neque
849 1907 927 1970 enim
949 1912 1049 1989 potest
1072 1907 1167 1988 accipi
1190 1907 1281 1970 doio-

259 2039 324 2084 rum
356 2027 386 2082 et
415 2019 587 2101 passionum
611 2035 740 2098 corone,
773 2019 830 2082 nisi
859 2018 1022 2100 praecedet
1050 2021 1080 2082 in
1113 2021 1220 2084 dolore
1252 2026 1282 2082 et

259 2133 399 2216 passione
422 2127 459 2207 ¹⁶)
481 2131 631 2212 patientie.

259 2283 467 2294 -ο--ιι-υ

330 2373 376 2441 12)
394 2376 473 2441 Iosep
492 2369 539 2422 ne.
577 2369 616 2421 De
634 2386 664 2421 re
680 2371 733 2421 vid.
754 2369 815 2422 Gen.
834 2371 876 2436 37,
895 2371 935 2423 2⁷.
974 2370 1022 2424 Pro
1040 2378 1209 2429 venundemus
1228 2363 1279 2428 tt'u.

259 2462 280 2514 Α
300 2468 326 2512 et
344 2461 402 2511 edd.
424 2459 487 2510 Der.
508 2457 600 2510 Dennt.
623 2467 700 2527 etque
719 2456 812 2510 Pennet.
837 2457 958 2511 exhibent
982 2464 1173 2529 venumdatus,
1205 2479 1280 2530 qnam

259 2550 411 2612 scripturern
435 2544 554 2612 preetuiit
577 2547 704 2614 scurpeus
728 2545 759 2596 ed
785 2544 845 2597 Ptin.
871 2555 953 2598 netur.
972 2547 1028 2598 trist.
1049 2547 1075 2608 Τ.
1095 2549 1116 2601 i.
1137 2565 1162 2615 p.
1181 2548 1280 2601 txxtt

259 2635 320 2685 Tum
340 2636 441 2705 lipotos
460 2631 497 2696 Α,
523 2634 653 2700 rete'patns
671 2631 738 2684 nne.
775 2632 835 2685 Post
852 2637 900 2688 sed
919 2633 957 2686 Dc
977 2637 1066 2686 merito
1085 2651 1135 2688 om.
1154 2647 1186 2690 et.
1225 2637 1280 2688 Viri.

259 2722 291 2773 ed
312 2736 369 2788 cep.
389 2718 431 2771 Ν.
451 2726 503 2770 not.
521 2718 545 2770 8.
582 2717 646 2770 Dein
666 2723 751 2789 prens
770 2749 802 2758 -
821 2724 937 2790 turpiter·
954 2721 1041 2773 scribit
1059 2721 1082 2773 Α
1100 2739 1212 2791 moxque
1230 2729 1279 2778 ist-

257 2811 337 2876 perts‘t
355 2807 411 2873 tte,
434 2810 553 2876 impertit
571 2806 608 2872 Α,
636 2808 947 2876 supertransierunt,
972 2817 1000 2859 nt
1016 2809 1112 2877 nniqeti
1133 2810 1201 2862 iibri.
1239 2810 1280 2863 De

258 2911 288 2947 re
305 2893 440 2948 vid..tien.
462 2896 512 2959 ts,
531 2893 608 2945 t-s.
654 2895 700 2957 13)
721 2893 804 2947 Exod.
824 2895 874 2961 32,
896 2896 934 2948 tt.
971 2895 1060 2964 Stetinr
1086 2903 1281 2968 coemespeitrer

258 2982 336 3034 usco.
357 2981 394 3034 nu
419 2991 444 3033 et
468 2981 491 3033 Λ
517 2997 572 3032 cunr
599 2981 638 3032 ed.
660 2980 722 3032 Dnv.
759 2980 820 3032 Tum
844 2999 926 3051 paese
950 2991 1021 3034 recte
1040 2982 1080 3036 W.
1100 2983 1140 3037 nn
1165 2994 1192 3036 et
1217 2986 1279 3036 edd.

258 3069 351 3120 Manut.
371 3085 401 3120 ec
414 3067 519 3131 Parnoi,
536 3085 600 3135 pene
620 3067 688 3135 ruig.
727 3069 781 3120 virt.
800 3069 832 3120 ed
851 3069 941 3122 librum
961 3071 993 3123 de
1013 3088 1092 3138 opere
1111 3082 1141 3124 et
1155 3075 1278 3126 eiectos.
1331 3135 1337 3149 ι

258 3173 314 3223 cup.
334 3155 385 3206 XX.
406 3156 448 3206 tin.
485 3154 533 3206 Pro
553 3158 653 3208 medem
673 3159 760 3224 recepi
777 3161 861 3210 isdem
880 3174 912 3209 ex
930 3157 962 3208 W
981 3169 1008 3210 et
1028 3159 1083 3226 tte,
1109 3164 1210 3214 tisetenr
1229 3177 1278 3212 ex·

258 3242 330 3294 hibet
349 3240 401 3304 Be,
423 3245 551 3306 nitentem,
572 3250 599 3292 nt
620 3241 701 3307 sciet,
721 3244 751 3296 Α.
790 3243 851 3314 Tum
870 3248 973 3300 domino
993 3246 1048 3312 iio,
1072 3252 1149 3302 nom
1166 3249 1280 3300 scribunt

257 3329 323 3380 stoc.
372 3329 415 3391 ts)
435 3327 534 3396 3.an
555 3327 589 3377 20
607 3344 660 3396 seq.
699 3327 826 3383 omittitur
843 3350 879 3390 eae
897 3352 946 3403 quo
966 3335 989 3385 in
1009 3333 1061 3400 ee,
1090 3337 1149 3386 item
1172 3345 1194 3390 st
1220 3343 1280 3402 post

257 3419 328 3468 stira
346 3417 372 3466 in
392 3415 440 3466 Mb.
478 3415 548 3466 idem
568 3413 634 3465 iiber
652 3416 720 3489 inirq
735 3419 779 3470 det
795 3424 883 3488 possit
902 3425 1029 3476 occidere.
1067 3420 1141 3484 Quod
1162 3425 1280 3491 seqnitur

258 3513 282 3558 et
303 3503 362 3554 deiit
379 3505 405 3554 in
425 3501 477 3564 Bb,
499 3499 606 3552 oitcrnrn
625 3504 649 3554 in
670 3502 714 3556 tta.
752 3504 799 3557 Pro
818 3523 866 3560 nec
886 3507 907 3558 Α
928 3507 1006 3559 hebet
1025 3527 1111 3579 quem.
1148 3508 1208 3560 Post
1227 3527 1277 3562 oc-

258 3592 345 3644 cisum
363 3587 397 3640 Be
417 3589 555 3654 interponit
572 3594 666 3660 mepte.
702 3591 768 3644 Dein
788 3597 823 3647 net
839 3598 888 3648 tce
906 3595 995 3646 scribit
1014 3596 1052 3661 Α,
1074 3607 1107 3664 et,
1129 3596 1196 3665 quod
1217 3597 1240 3648 h.
1260 3597 1277 3648 1.

258 3692 314 3730 cnm
333 3675 446 3741 empimsi
466 3677 575 3741 positnm
595 3675 644 3739 est,
665 3677 732 3730 idem
751 3679 817 3731 iiber
835 3680 900 3732 mele
919 3683 1018 3733 omittit.
1058 3683 1111 3732 vit.
1132 3683 1164 3734 ed
1184 3683 1277 3735 Donet.
1386 3719 1387 3746 r

255 3775 314 3827 esp.
326 3759 368 3811 ΙΙΙ.
388 3777 412 3812 n.
426 3762 449 3812 2.
486 3761 532 3823 15)
552 3765 642 3818 deinde
655 3763 691 3816 ut
705 3773 730 3816 et
743 3765 792 3829 Md,
812 3771 943 3837 interfecti
959 3771 1062 3837 entique
1078 3786 1168 3822 munus
1184 3786 1279 3838 snper·

257 3849 358 3914 scripsit
375 3847 399 3898 in
420 3845 459 3900 W.
497 3845 560 3899 Dein
579 3853 692 3918 plue-insi
709 3863 842 3922 martyres
858 3857 988 3923 ptoriose's
1006 3859 1136 3916 mortibus
1155 3856 1280 3936 eninibent
