2904 4692
727 371 770 434 96

241 529 270 592 in
294 533 387 592 totnan
411 545 470 592 nen
494 545 623 605 carcra3
646 527 705 591 hoc
728 533 783 607 eet,
807 525 926 608 quande
950 545 1019 591 arae
1042 527 1140 609 deum,
1163 531 1272 595 maie-

241 648 346 704 atatem
368 641 416 707 dei
446 642 635 727 neglegentia
658 640 804 704 erationis
828 639 1001 717 offendere3
1030 641 1088 704 hcc
1110 649 1156 706 est
1179 645 1260 728 vigi-

242 756 304 818 lare
327 755 421 819 acetis
444 763 475 818 et
498 754 591 818 corde
614 751 762 831 (tarnim,
789 769 855 815 cum
880 751 987 815 debeat
1011 751 1204 834 christianus,
1231 765 1261 820 et

242 885 308 930 curn
332 864 440 929 dormit
463 866 574 944 ecclia,
598 863 691 928 corde
714 864 856 946 vigilare,
887 863 966 926 sicut
988 867 1128 948 scriptum
1153 875 1199 929 est
1221 881 1261 932 ex

241 997 372 1061 paeana
413 977 567 1041 Ecclesiae
607 976 757 1057 loquentia
796 977 826 1038 in
863 976 980 1040 cantico
1014 978 1198 1042 canticorum
1214 975 1259 1056 ⁹):

243 1091 310 1172 Eae
328 1085 365 1160 ¹⁰)
389 1090 522 1167 dormio,
546 1097 576 1151 et
599 1089 655 1153 car
677 1105 774 1149 meam
795 1087 917 1168 nigritae.
963 1087 1151 1171 Quapropter
1172 1092 1260 1154 solti-

243 1206 301 1266 cite
323 1209 354 1266 et
376 1209 463 1266 caute
480 1200 517 1277 ¹¹)
542 1201 698 1282 apestolus
721 1200 861 1262 admonet
883 1199 986 1262 dicens
1003 1197 1061 1284 ¹²):
1086 1202 1205 1266 laetate
1218 1201 1260 1281 13)

244 1317 386 1379 crationi
414 1315 582 1396 ctyitcatcc
609 1313 643 1373 in
666 1330 721 1388 cc,
753 1312 867 1374 decens
896 1313 1011 1375 acriicet
1041 1319 1071 1376 et
1094 1316 1260 1379 ostendens

243 1446 297 1492 eea
329 1430 479 1509 inpetrare
510 1424 589 1506 quod
622 1423 773 1505 postulant
800 1423 837 1498 de
861 1424 919 1488 dec
943 1443 1052 1506 posse,
1084 1445 1161 1509 quas
1185 1427 1260 1492 dece

244 1540 344 1604 videat
365 1541 395 1600 in
420 1539 557 1601 oratione
580 1536 716 1618 vigilare.

700 1729 815 1800 mil..

332 1877 461 1940 Orantes
484 1880 581 1938 autern
599 1870 622 1948 Ι)
645 1890 705 1936 nan
736 1872 947 1952 infructuosis,
971 1892 1028 1937 nec
1050 1875 1137 1940 nudis
1157 1880 1260 1958 preci-

244 1991 299 2052 bas
323 1987 360 2050 ad
384 1987 472 2050 deum
496 1986 625 2050 veniant.
669 1983 811 2050 lneiiicax
840 1984 943 2064 petitio
966 1992 1013 2048 et
1025 1983 1073 2069 ²),
1096 2005 1162 2052 cam
1185 2007 1260 2070 pre-

245 2107 329 2163 catur
352 2099 440 2160 deum
464 2096 574 2159 sterilia
607 2098 712 2160 oratic.
766 2095 839 2158 Nam
870 2113 936 2158 cum
960 2099 1056 2160 omnia
1088 2080 1178 2164 arbor
1201 2119 1262 2166 non

244 2214 360 2298 iaciens
380 2211 511 2318 'trucium
535 2209 689 2273 excidatur
712 2216 741 2271 et
764 2210 792 2268 in
817 2209 915 2292 ignem
933 2205 961 2286 ³)
984 2211 1129 2292 mittatur,
1162 2215 1264 2295 utique

244 2484 345 2533 hertam
365 2475 406 2528 aa.
442 2475 503 2526 Tam
522 2479 551 2527 iac
570 2485 620 2528 tato
642 2475 679 2525 Ma
698 2483 724 2526 ct
743 2462 783 2539 W,
802 2477 827 2525 in
847 2491 896 2544 quo
917 2479 1074 2544 praeponitie
1093 2483 1261 2548 superscripta

245 2573 293 2616 eet.
331 2562 388 2613 Mer
406 2566 483 2616 deum
501 2579 565 2614 arca
585 2561 613 2611 Α.
652 2560 699 2612 Pro
718 2565 802 2630 anan,
824 2563 892 2630 qued
912 2579 960 2614 om.
977 2561 1021 2627 Βε,
1042 2562 1062 2615 C
1081 2573 1106 2616 ct
1126 2565 1166 2618 nh
1186 2575 1261 2620 veta·

246 2663 339 2715 resque
358 2647 416 2698 cdd.
436 2663 458 2698 c.
476 2645 573 2698 Eraem.
594 2645 689 2699 habent
708 2650 851 2713 deminum,
871 2648 910 2699 nc
928 2649 972 2700 dat
990 2668 1063 2715 crea,
1082 2656 1182 2707 damini
1200 2673 1260 2708 aaa·

244 2740 371 2800 testatem,
392 2733 427 2786 Ba
449 2737 490 2788 rici
507 2745 674 2804 mecaenatem
694 2737 767 2800 (sic),
785 2746 954 2806 maecenatem
974 2739 1059 2801 etiarn,
1079 2747 1106 2790 nt
1124 2739 1192 2805 alibi,
1213 2740 1261 2792 tia.

246 2824 296 2876 ltea'
313 2837 361 2872 ern.
377 2819 413 2873 Bc
426 2829 452 2873 et
465 2820 513 2872 tid.
551 2819 615 2872 Dein
635 2837 659 2873 v.
679 2826 811 2878 craticnie
830 2824 925 2875 excidit
940 2825 964 2876 in
978 2822 1023 2876 Bb.
1061 2826 1136 2890 Quod
1149 2830 1263 2897 sequitur

245 2913 377 2979 offendere
395 2911 419 2961 in
439 2912 459 2960 Α
479 2917 624 2977 corruptum
644 2919 683 2961 eat
701 2912 727 2962 ia
746 2915 888 2967 catcndere.
924 2911 1002 2963 Paulo
1024 2922 1082 2980 poet
1106 2915 1174 2967 idern
1199 2914 1263 2968 iiber

245 2998 299 3066 aare
316 2997 343 3060 [i.
360 3012 382 3048 e.
402 2998 538 3066 qnoniam]
557 3013 602 3064 pre
622 3016 690 3061 cum,
713 3007 739 3049 nt
758 2998 832 3060 sciet,
853 2998 890 3048 bie
909 2999 1004 3050 scribit.
1043 2999 1261 3056 tendenaco.

245 3081 273 3134 la
292 3099 363 3152 eeqq.
384 3092 440 3150 poet
459 3086 591 3154 rcriptum
610 3083 647 3135 Bb
666 3100 715 3135 om.
735 3094 783 3138 eet·
822 3084 910 3136 Statim
930 3088 956 3137 a'n
977 3101 1092 3154 peream
1116 3086 1192 3138 habet
1211 3088 1260 3140 Mb.

246 3167 275 3235 9)
294 3168 321 3232 5,
340 3167 363 3217 2,
411 3167 455 3231 10)
476 3171 548 3237 Eae,
574 3173 673 3239 inquit,
701 3169 749 3221 tib.
799 3169 842 3236 11)
861 3181 1044 3225 etcanteom.
1065 3176 1094 3224 Α.
1134 3172 1262 3242 Deinceps

246 3263 374 3307 ammenti
398 3253 493 3321 legitur
516 3255 541 3306 in
568 3254 603 3306 Bb
630 3265 655 3306 et
678 3257 702 3306 in
728 3256 786 3308 cdd.
806 3255 850 3307 SP.
873 3256 961 3309 Vanct.
984 3256 1046 3318 Dav.
1071 3267 1148 3327 atque
1171 3259 1262 3327 tinen,

245 3349 331 3392 menet
355 3340 380 3390 in
399 3340 435 3392 Bc
454 3348 480 3392 et
499 3339 570 3404 nice,
598 3345 704 3410 opponit
723 3343 747 3392 ic
768 3340 797 3393 Λ,
844 3344 887 3403 12)
908 3343 1005 3395 Colcar.
1026 3347 1055 3410 ι,
1075 3346 1099 3397 2.
1148 3347 1192 3414 13)
1210 3352 1261 3401 In-

247 3437 347 3481 stantca
364 3428 393 3478 Α.
432 3427 489 3480 tier
507 3430 537 3480 ate
555 3431 659 3481 damiate
678 3428 724 3492 (ita
744 3430 820 3482 etiarn
834 3428 866 3495 C)
886 3436 952 3500 quot
967 3435 1103 3499 parificat
1119 3451 1202 3502 perae
1214 3433 1262 3498 Bb,

244 3518 377 3584 pertatem
393 3513 441 3568 Ma.
477 3513 526 3564 Pro
547 3511 655 3580 quer-A
674 3519 748 3584 qued.
787 3515 895 3572 Cdeur
920 3533 968 3568 em.
1005 3516 1067 3570 Tum
1091 3523 1120 3572 ie
1145 3526 1264 3576 cratim

246 3604 332 3655 videat
350 3601 437 3653 scribit
455 3598 501 3652 Bb.

315 3736 401 3789 xrrrr.
440 3739 469 3803 1)
488 3723 542 3794 aci
557 3712 583 3745 '¹‘
602 3741 652 3794 nn.
689 3742 745 3794 nox
769 3745 804 3795 nr
828 3744 961 3796 emacem
984 3741 1018 3807 e,
1047 3763 1064 3797 ε
1087 3747 1192 3801 concae
1216 3747 1263 3813 aa,

246 3827 385 3879 εειὲεεειεε
401 3824 440 3876 ed.
456 3823 518 3878 Dar.
555 3827 583 3891 2)
603 3827 699 3880 [terunt
711 3829 774 3880 haec
787 3831 812 3878 ia
827 3827 857 3892 G,
876 3829 916 3895 qui
930 3827 1023 3880 deinde
1035 3829 1112 3882 habet
1122 3843 1264 3901 praecantan-

190 3917 192 3924 ‘
247 3911 387 3965 ειεεεόευεε.
422 3911 452 3978 3)
469 3913 499 3967 ia
518 3912 618 3980 icccc.
648 3913 900 3979 arctamenta.
930 3913 987 3965 Lac.
1001 3917 1026 3980 3,
1043 3915 1067 3971 9.
1107 3917 1154 3970 Pro
1173 3922 1264 3989 ntique
