2880 4696
726 373 789 440 104

249 533 357 612 faerit,
381 533 552 615 confundat
574 551 641 594 eam
661 532 747 612 filios
769 533 910 596 dominis.
953 531 992 596 Et
1014 531 1211 599 Christianum
1234 555 1270 600 se

248 656 330 731 putat
353 649 403 730 qui
420 647 603 711 Christianus
628 663 697 710 esse
721 653 770 710 aut
783 641 810 723 ⁶)
834 647 1026 712 confunditur
1048 655 1098 712 aut
1119 653 1269 714 veretur?

248 761 406 839 Quomodo
436 767 536 842 potest
565 777 634 823 esse
655 754 681 838 ⁷)
716 778 782 823 cum
814 759 932 824 Christo
967 762 1018 842 qui
1053 761 1090 824 ad
1120 761 1269 828 Christum

247 880 399 961 pertinere
422 881 472 938 aut
496 875 648 938 erubescit
670 880 721 937 aut
742 875 871 937 metuit?
916 871 1059 954 llinus⁸l
1082 876 1169 958 plane
1191 897 1269 959 pec-

222 993 363 1056 noaverit
385 1007 446 1054 uon
468 987 597 1051 videndo
620 987 718 1067 idola,
749 1007 806 1050 nec
837 991 892 1053 sub
924 991 1019 1053 oculis
1050 990 1268 1056 circumstantis

248 1111 336 1186 atque
360 1102 526 1164 insultantis
548 1100 650 1181 populi
674 1102 860 1163 sanctitatem
882 1099 951 1162 fidei
973 1100 1176 1184 profanando,
1206 1123 1268 1170 non

70 1240 72 1254 ·
176 1239 209 1300 j
246 1215 407 1299 polluendo
431 1232 535 1278 manns
563 1232 632 1277 suas
665 1212 791 1277 funestis
822 1214 993 1292 sacrificiis,
1024 1235 1082 1280 nec
1111 1220 1267 1284 sceleratis

247 1333 321 1394 cibis
352 1348 404 1393 ora
435 1328 617 1393 maculando.
663 1328 727 1392 lloo
758 1345 795 1391 eo
812 1322 839 1405 9)
870 1329 1005 1410 prolicit,
1037 1337 1069 1392 ut
1101 1334 1139 1396 sit
1169 1336 1267 1399 minor

248 1446 349 1527 culpa,
380 1462 441 1507 non
471 1448 503 1503 ut
532 1441 677 1503 innocens
711 1440 903 1507 conscientia.
947 1441 1074 1505 Facilius
1107 1453 1208 1525 potest
1229 1448 1267 1510 ad

210 1562 363 1624 nveniam
387 1556 516 1622 oriminis
539 1555 708 1637 pervenire.
753 1555 819 1618 Non
844 1562 891 1618 est
907 1551 947 1634 ¹⁰)
976 1565 1075 1620 tamen
1098 1559 1225 1624 inmunis
1248 1581 1267 1624 a

247 1674 377 1736 crimine.
421 1672 485 1735 Nec
505 1669 541 1748 ¹¹)
570 1677 670 1733 cesset
700 1671 730 1732 in
762 1669 879 1754 agenda
912 1672 1091 1753 paenitentia
1123 1681 1213 1756 atque
1235 1677 1265 1740 in

247 1787 358 1850 domini
379 1783 583 1848 misericordia
606 1782 811 1865 deprecanda,
842 1802 881 1846 ne
911 1785 991 1865 quod
1022 1789 1119 1852 minus
1143 1808 1212 1852 esse
1235 1791 1265 1872 in

135 1943 140 1950 ·
247 1901 385 1983 qualitate
409 1898 507 1962 delicti
529 1897 650 1962 videtur
672 1899 702 1961 in
718 1899 857 1980 neglecta
872 1900 1075 1965 satisfactione
1090 1905 1263 1968 cumuletur.

214 2192 216 2202 '
247 2202 379 2266 confusus
395 2200 481 2268 faerit
497 2214 539 2252 mc
557 2201 646 2250 coram
666 2198 831 2260 dominibus,
856 2199 1003 2264 confundet.
1039 2194 1134 2251 Contra
1158 2201 1184 2252 in
1209 2201 1266 2256 aliis

246 2285 345 2336 dnobus
363 2287 485 2355 scriptam
508 2293 562 2338 est:
588 2288 642 2352 ραι·
664 2301 705 2337 mc
730 2288 873 2354 confessae
897 2287 994 2352 suerit,
1019 2291 1181 2354 confitetitur
1205 2306 1265 2344 cam

245 2377 318 2441 filista
349 2376 471 2428 hominia.
528 2372 571 2426 Sic
605 2375 680 2424 etiarn
712 2373 786 2439 epist.
810 2369 850 2424 nt
876 2387 900 2438 p.
927 2370 967 2424 18.
1017 2375 1050 2424 At
1073 2373 1165 2440 lectio,
1197 2393 1264 2445 quae

244 2459 331 2512 habet:
351 2464 405 2528 Qui
422 2466 568 2531 confusus,
590 2467 672 2512 exstat
690 2462 765 2511 etiam
785 2457 960 2526 epist-LXIII.
979 2476 1004 2526 p.
1025 2460 1083 2514 109.
1122 2461 1179 2531 Ego
1198 2473 1262 2532 puto

244 2547 309 2598 hanc
328 2546 518 2615 discrepantiam
537 2565 594 2600 asse
612 2547 773 2615 inputandam
791 2548 930 2598 temeritati
951 2546 1134 2602 librariorum.“
1172 2556 1262 2608 Batu-

242 2639 318 2688 aiu-s.
338 2663 369 2672 -
388 2653 429 2689 ma
447 2641 578 2707 centicano
596 2636 650 2701 lle,
676 2637 820 2705 confessae
846 2653 887 2688 me
904 2635 946 2687 dlb
973 2644 998 2688 et
1015 2634 1060 2690 Bb.
1098 2637 1159 2689 Post
1181 2643 1265 2709 fucrit

244 2720 281 2772 Ba
299 2721 368 2772 addit
386 2739 475 2776 coram
491 2727 649 2778 hominibus.
686 2721 750 2774 Dein
770 2726 947 2788 confundetur
965 2724 1042 2776 habet
1059 2723 1106 2792 Bb,
1126 2734 1153 2778 ot
1170 2729 1205 2778 ita
1223 2745 1263 2797 pr.

243 2808 378 2878 legebatur
396 2810 471 2862 etiam
488 2812 514 2861 in
526 2809 575 2875 lle,
593 2811 620 2862 in
638 2825 688 2878 quo
707 2827 727 2862 r.
741 2827 773 2862 m.
792 2809 898 2877 posthac
915 2830 952 2864 aar
971 2813 1104 2880 expunxit3
1124 2822 1264 2885 confitetur

245 2895 288 2947 dat
304 2895 360 2961 db,
380 2900 538 2965 confundam
555 2900 598 2952 ool
615 2901 790 2969 conpitndctor
809 2908 869 2952 cum
886 2901 940 2967 filio
951 2904 1073 2976 'leminis
1092 2909 1117 2954 ct
1135 2919 1181 2973 epo
1200 2921 1263 2958 eom

244 3000 333 3038 coram
355 2991 430 3054 patre
453 3002 523 3050 mcc,
549 2988 593 3054 qui
615 2996 656 3040 cst
678 2989 707 3039 in
733 2989 815 3040 ccelt'e
838 2987 925 3038 scribit
949 2987 979 3037 tt.
1024 2986 1085 3038 Tam
1108 2991 1193 3058 filium
1216 2990 1261 3044 Ba.

244 3071 275 3136 6)
295 3080 349 3139 aut,
369 3071 438 3140 quod
455 3073 528 3124 deest
545 3073 569 3124 in
589 3073 629 3126 ed.
649 3072 752 3138 Manat,
770 3073 794 3124 in
814 3071 926 3142 Gottiug.
946 3073 1084 3142 exemplari
1103 3077 1150 3128 vir.
1171 3077 1261 3130 doctus

244 3175 276 3210 ex
293 3158 349 3209 Vat.
368 3160 393 3211 4.
411 3160 549 3212 adnotavit.
597 3161 627 3229 7)
653 3178 713 3215 case
736 3162 761 3210 in
779 3159 812 3210 W
830 3177 849 3212 r.
868 3177 901 3213 m.
926 3163 1109 3230 superscripsit.
1153 3161 1202 3214 Pro
1229 3168 1263 3219 od

244 3247 380 3300 Christum
398 3247 423 3297 in
441 3247 464 3299 Α
482 3256 565 3300 exstat
581 3252 616 3303 cd
630 3253 729 3319 ipsum.
767 3247 833 3300 Dein
849 3254 979 3318 pertinere
996 3269 1027 3305 se
1044 3253 1069 3302 in
1089 3251 1146 3302 lllad
1168 3260 1194 3304 et
1212 3252 1259 3319 Ba,

242 3348 350 3400 moxque
374 3338 493 3389 atctocrit
516 3338 541 3387 in
561 3335 592 3387 Α.
633 3335 662 3403 8)
682 3338 774 3389 Minus
800 3345 885 3390 tameo
903 3337 951 3389 llo.
987 3337 1073 3390 Statim
1090 3343 1212 3409 peccavit
1230 3340 1261 3392 Α.

242 3417 270 3470 ln
286 3435 357 3488 seqq.
375 3427 513 3477 sanctitate
530 3421 566 3474 aa
586 3431 612 3473 et
623 3421 673 3488 lld,
693 3430 746 3474 tum
766 3426 807 3477 dci
825 3431 872 3491 p'ro
890 3428 950 3494 fidei
963 3425 1013 3478 lllb.
1044 3425 1173 3495 Deinceps
1191 3446 1260 3498 pro-

240 3511 377 3576 phananda
395 3507 434 3574 A,
458 3518 484 3560 ut
508 3509 548 3562 ed.
573 3508 660 3562 Baluz.
697 3509 725 3577 9)
744 3529 791 3582 epo
809 3509 855 3562 Bb.
892 3511 950 3564 lllox
974 3517 1045 3568 culta
1063 3511 1109 3565 Ba.
1147 3507 1262 3582 tolose

231 3609 291 3645 om.
310 3594 341 3644 W
360 3595 451 3648 etlila.
489 3583 1090 3667 ll]NeBlr'c.A‚ccocaseecthtMa‚
1110 3605 1260 3673 duapondo

240 3698 349 3736 successo
367 3693 407 3738 cat
422 3687 580 3752 pacatitentia
598 3682 650 3751 Ba,
674 3688 701 3736 in
720 3690 845 3756 coendum
860 3692 1047 3758 pacttitccts'om
1064 3706 1102 3756 pr.
1122 3687 1173 3741 lllb.
1210 3687 1260 3742 Pro

241 3771 341 3823 domini
352 3769 388 3820 Ba
401 3773 456 3838 ἀεὶ)
474 3773 503 3823 in
514 3773 645 3825 dominica
663 3776 827 3843 deprecanda
840 3773 886 3840 Bb,
905 3783 956 3826 tutu
974 3779 1188 3831 nriacricordiom
1207 3779 1257 3830 dc-

238 3859 414 3922 praccoadom
430 3871 468 3922 pr.
481 3855 532 3923 Mb,
550 3861 712 3928 deprecando
729 3864 767 3914 eit
783 3872 923 3931 promptas
936 3861 983 3914 lile.
1019 3862 1120 3914 Deinde
1132 3866 1161 3916 itt
1173 3881 1258 3934 equa-

240 3943 312 3995 litate
329 3949 354 3993 et
371 3957 408 4010 pr.
428 3946 587 3999 celetractor
603 3961 651 4014 pro
670 3947 890 4010 comolet-urdlb.
