2882 4692
678 347 740 416 tta

203 516 345 594 membra,
369 511 424 577 sed
445 509 579 573 maculat.
624 508 765 592 lnpudice
783 505 812 588 ⁴)
838 515 870 574 tu
891 509 1039 574 neminem
1062 507 1219 590 conspicis,

204 627 260 692 sed
284 627 349 709 ipsa
372 623 557 705 conspiceris
580 622 728 703 inpudice.
774 619 885 686 Oculos
911 629 979 686 tuos
1008 622 1088 705 turpi
1103 619 1130 700 5)
1161 622 1220 686 ob-

204 741 364 805 lectatione
387 756 447 801 non
470 735 590 819 polluiS,
614 735 679 815 sed,
703 735 771 800 dum
795 737 926 801 oblectas
949 738 1040 816 alios,
1064 737 1127 819 ipsa
1150 735 1220 817 pol-

203 854 304 917 lueris.
351 850 556 933 Spectaculum
580 850 618 912 de
640 849 760 913 lavacro
773 845 800 928 6)
826 851 908 914 lacis.
954 852 1083 915 Theatra
1102 844 1128 928 ⁷)
1154 855 1222 913 sunt

178 966 349 1060 efocdiqra,
374 981 434 1044 quo
457 963 610 1026 convenis.
648 963 835 1026 Verecundia
850 965 910 1027 illic
932 967 1027 1044 omnis
1051 965 1172 1028 exuitur
1181 957 1221 1044 ⁸),

204 1081 290 1145 simul
314 1096 381 1142 cum
403 1076 511 1139 amictu
533 1076 626 1138 vestis
648 1075 748 1139 honor
770 1079 959 1158 corporisne
979 1077 1221 1160 pudorponitur,

206 1190 375 1254 denotanda
397 1195 427 1252 et
448 1187 659 1252 contrectanda
681 1187 836 1270 virginitas
859 1189 1019 1253 revelatur.
1064 1191 1123 1254 lam
1143 1195 1222 1253 nunc

205 1306 364 1372 considera
388 1322 443 1382 an,
474 1321 540 1364 cum
562 1302 669 1365 vestita
692 1309 755 1381 cst,
786 1304 957 1367 verecunda
979 1307 1018 1369 sit
1040 1306 1222 1370 intervisas

204 1422 270 1485 talis
301 1437 377 1501 quae
394 1413 421 1497 ⁹)
452 1416 489 1479 ad
519 1416 770 1512 inverecundiam¹
788 1417 905 1497 prolicit
927 1419 1049 1483 audacia
1073 1420 1220 1483 nuditatis.

168 1551 192 1594 ro
206 1535 255 1602 Sic
278 1552 352 1618 ergo
376 1532 550 1612 frequenter
571 1528 707 1592 Ecclesia
721 1524 761 1608 ¹⁰)
783 1531 918 1614 virgines
939 1549 1010 1595 suas
1032 1533 1155 1616 plangit,
1177 1534 1222 1596 sic

210 1676 416 1686 ...-.-.—--—

276 1750 305 1814 4)
322 1747 452 1818 lapudiea
475 1744 515 1797 Fr.
534 1741 615 1796 Emm.
635 1742 674 1809 1.,
700 1753 730 1812 tu
753 1743 785 1796 ab
809 1760 829 1797 r.
845 1761 880 1826 ¹m.
900 1747 967 1798 inter
989 1763 1055 1802 vers:
1075 1748 1153 1800 habet
1171 1748 1220 1801 ult.

204 1839 272 1893 Dein
298 1837 471 1906 conspiceris.
498 1835 648 1902 impudicas
674 1835 767 1888 oculos
790 1833 843 1900 lllc,
871 1838 1044 1905 conspicaris.
1091 1839 1220 1906 iapudica

204 1929 297 1982 oculos
325 1921 366 1975 Fr.
395 1921 476 1974 Emm.
501 1919 542 1984 1.‚
573 1922 745 1990 cmapiceris.
795 1925 931 1992 impudice
962 1927 1055 1978 aeratos
1086 1922 1143 1976 edd.
1174 1923 1220 1978 SP.

203 2015 294 2068 Venct.
315 2011 338 2066 1.
355 2011 379 2063 2.
399 2009 480 2062 Kuun.
494 2007 589 2060 ‘Rcmb
632 2007 662 2077 5)
680 2018 760 2080 turpe
777 2007 818 2060 Fr.
837 2007 917 2062 Emm.
937 2009 961 2062 1.
1000 2010 1033 2076 Ὶ6)
1052 2014 1175 2064 lavachro
1189 2010 1219 2066 A.

204 2103 234 2172 7)
251 2107 365 2157 Theatra
387 2090 429 2151 Fr.
448 2096 530 2148 Emm.
550 2095 573 2148 1.
592 2095 641 2148 Mb.
662 2095 706 2161 B.,
730 2099 790 2148 item
809 2097 866 2150 edd.
886 2106 949 2150 vett.
969 2115 990 2151 c.
1013 2097 1102 2150 llemb.
1121 2097 1222 2168 Erasm,

205 2189 279 2242 Grav.
303 2185 414 2248 blorell.;
443 2191 543 2240 theatro
569 2200 622 2250 pn,
650 2183 709 2236 dein
734 2190 841 2239 tbeatra'
858 2185 906 2238 tle.
956 2186 1015 2238 blus
1037 2189 1143 2255 [adiero
1168 2185 1218 2238 Md.

205 2275 234 2341 8)
253 2279 383 2330 assuitur
407 2289 444 2340 pr.
462 2273 512 2324 lllb.
548 2269 609 2324 Post
629 2287 693 2324 vero
711 2291 727 2327 a
746 2288 854 2327 erasum.
890 2274 918 2328 ln
945 2291 1016 2344 seqq.
1035 2285 1059 2329 et
1083 2278 1169 2344 pudor
1187 2274 1220 2340 A,

206 2381 237 2418 cc
253 2366 367 2434 pudoris
386 2360 435 2416 llb.
471 2361 537 2413 Dein
555 2353 701 2430 eoepauitur
718 2359 748 2426 B,
768 2365 901 2429 caeditur,
926 2363 993 2432 quod
1011 2361 1123 2415 malebat
1140 2361 1219 2414 Bala-

204 2452 270 2516 zins,
290 2449 365 2503 codd.
379 2449 542 2518 Remigiauus
560 2457 586 2502 et
604 2448 740 2503 beccensis
758 2457 784 2502 et
802 2459 863 2503 vett.
882 2452 978 2520 aliquot
995 2450 1052 2503 libri
1069 2448 1177 2502 Motellii
1195 2457 1221 2501 et

204 2538 315 2590 Pumelii.
347 2536 423 2588 Vocc.
437 2547 460 2590 et
472 2541 665 2605 contrectanda,
679 2554 750 2610 quae
763 2554 812 2590 cm.
824 2537 865 2591 Fr.
878 2537 959 2590 Emm.
974 2539 996 2592 1.
1010 2547 1036 2592 ct
1047 2539 1078 2604 A,
1092 2537 1123 2589 W
1138 2535 1170 2589 ab
1189 2535 1220 2590 al.

204 2642 237 2678 m.
257 2627 324 2677 inter
335 2640 403 2676 vers.
417 2623 508 2688 babet3
530 2628 716 2678 contractanda
728 2625 815 2678 scribit
827 2605 883 2690 lic,
896 2623 1087 2694 conspectando
1098 2623 1222 2692 praebant

204 2711 403 2765 Beneventanus
416 2719 442 2764 et
454 2727 518 2764 unus
529 2711 597 2764 liber
608 2719 659 2765 vct.
672 2711 788 2765 laudatus
800 2713 832 2764 in
846 2729 895 2782 mg.
909 2713 1026 2766 editionis
1037 2711 1150 2782 Lugduu.
1163 2713 1222 2764 anui

206 2800 282 2854 1544.
302 2800 407 2852 testibus
426 2798 536 2868 Rigaltio
555 2807 582 2851 et
600 2798 714 2852 Baluzio.
756 2799 784 2864 9)
803 2806 900 2856 uestita
917 2812 973 2867 eat,
992 2804 1152 2856 uerecundia
1170 2798 1221 2867 [lla

204 2897 262 2956 post
274 2891 434 2943 uerecundia
445 2886 588 2955 distinguit)
601 2892 638 2942 eit
646 2887 703 2939 Mau
714 2887 838 2953 (deletum
849 2889 970 2957 deinceps
981 2891 1007 2940 in
1015 2889 1057 2940 Mb
1067 2904 1090 2940 v.
1101 2891 1219 2956 cirpina'-

203 2975 259 3044 tae)
272 2983 297 3026 et
309 2972 340 3040 Β,
352 2985 417 3029 vest.
431 2985 489 3029 catu
502 2978 661 3029 uerecundia
674 2978 735 3042 (sic)
748 2979 785 3030 ait
795 2973 837 3028 Fr.
849 2975 930 3050 Emm.
944 2976 979 3042 1.,
991 2985 1057 3031 ucat.
1071 2986 1120 3045 eat,
1140 2991 1219 3030 cere-

203 3067 299 3120 cuuda'a
316 3066 393 3132 cirac
410 3066 449 3116 ait
465 3065 502 3128 A,
528 3081 554 3117 u.
575 3073 629 3130 est,
656 3067 803 3118 uerecunda
825 3065 995 3129 (uerecundia
1013 3079 1050 3130 pr.
1069 3063 1110 3128 W,
1134 3063 1161 3114 in
1180 3061 1220 3112 ed.

201 3149 322 3204 Daveutr.
341 3153 352 3203 i
370 3151 482 3218 erasum)
509 3155 547 3206 att
571 3152 609 3216 (iu
627 3150 666 3202 Mc
691 3158 717 3202 et
735 3149 866 3220 Burgund.
885 3152 985 3203 additur
1004 3151 1160 3223 cirpiue'tac)
1178 3152 1220 3206 W.

202 3237 266 3290 tled.
288 3237 343 3290 Vnt.
370 3252 472 3302 omncs,
500 3236 596 3310 Neap,
622 3239 684 3290 item
712 3238 770 3291 edd.
799 3247 877 3305 vett,
906 3239 996 3292 Remb.
1021 3239 1119 3292 Erasm.
1145 3236 1219 3292 Grav.

203 3323 300 3378 blorell.
342 3323 459 3378 Proxime
484 3330 547 3380 talis
570 3321 636 3396 'puae
654 3325 693 3380 W.
713 3325 811 3378 blabcd.
829 3327 858 3380 B.
878 3327 934 3380 Vat.
956 3343 1060 3393 omnes,
1087 3327 1168 3396 Neep.
1194 3335 1220 3379 et

203 3413 262 3466 edd
281 3412 426 3466 Manutiaua
444 3415 613 3483 antiquiores,
639 3418 753 3484 taliaque
769 3413 810 3468 Fr.
829 3415 910 3469 Emm.
931 3416 954 3468 1.
973 3425 999 3468 et
1018 3416 1075 3468 cdd.
1095 3413 1141 3467 SP.
1162 3413 1217 3465 Da-

202 3509 284 3553 vantr.
302 3508 378 3570 atque
396 3501 486 3567 llunn,
505 3505 622 3572 talesque
637 3504 666 3554 Α.
702 3505 799 3556 Vertite
816 3521 855 3568 ea,
874 3507 1022 3558 verecunda
1040 3506 1083 3556 aia
1103 3531 1136 3540 —
1154 3504 1217 3555 talis

202 3591 247 3642 cui
263 3587 340 3640 babet
358 3588 510 3655 Manutiana,
531 3606 604 3658 quam
623 3591 703 3642 secuti
722 3599 779 3642 sunt
796 3593 943 3659 Pometiae,
965 3593 1102 3662 Ripaltiua
1121 3589 1216 3640 cetari-

203 3690 252 3743 que
270 3677 435 3728 recentiores,
470 3676 526 3746 Ego
545 3693 608 3730 vero
628 3694 680 3730 non
699 3694 753 3730 sum
773 3693 848 3730 ausus
872 3679 995 3731 recedere
1014 3694 1029 3730 a
1048 3676 1165 3728 codicum
1193 3682 1218 3726 et

203 3765 360 3831 superiorum
387 3765 524 3816 editionum
549 3767 707 3818 auctoritate.
744 3765 873 3834 Deinceps
891 3768 914 3818 Α
931 3767 1019 3820 scribit
1036 3770 1065 3817 iu
1082 3779 1217 3818 uerecun-

203 3851 282 3917 diam,
302 3848 323 3900 B
341 3853 375 3905 ad
391 3856 594 3908 inverecundiae
611 3853 683 3921 (sic).
721 3853 766 3920 10)
784 3856 908 3908 ldectesia
924 3859 1075 3924 frequenter
1092 3849 1152 3902 edd.
1169 3849 1215 3902 SP.

203 3933 293 3992 Vocet.
314 3938 338 3994 1.
356 3937 398 4005 2..
422 3943 485 3998 eccl.
509 3945 575 4012 freq.
602 3940 723 3996 baronta.
747 3939 826 3995 llurrn
839 3927 938 3996 ”liemb
956 3941 1053 3994 Erasm.
1072 3935 1146 3992 Gran.
1188 3935 1216 3994 lu
