2882 4692
657 381 698 447 29

171 543 245 621 tias,
274 551 363 623 atque
386 541 424 624 (o
447 541 629 606 detestabilis
653 541 781 604 oaeoitas
806 541 944 604 ruentium
966 545 997 602 et
1020 544 1043 604 r'
1057 542 1184 624 piditatis

170 657 294 720 insenso
317 654 465 736 profunda
489 651 626 738 oaligoi)
658 672 722 717 cunr
752 671 923 716 exonerare
951 671 985 716 se
1011 648 1016 728 Ι
1041 659 1212 736 possitete

169 770 271 833 leuare
293 767 487 850 ponderibus,
510 769 609 851 pergit
632 769 725 850 magis
750 767 875 831 fortunis
898 756 1081 850 angentibus
1099 761 1187 835 incu-'

171 884 261 962 bare,
294 883 393 964 pergit
425 883 597 962 paenalibus
632 881 754 943 cumulis
788 881 980 974 pertinaciter
1012 883 1186 949 adhaerere.

69 1026 71 1030 ·
169 987 254 1062 Nulla
286 997 315 1058 in
346 995 471 1058 clientes
488 991 515 1062 ⁴)
549 994 616 1056 indo
648 993 767 1075 largitio
797 1001 861 1071 est,
895 1012 961 1056 ouru
985 993 1186 1078 indigentibus

170 1109 392 1189 nuile-partitio,
415 1117 444 1170 et.
459 1109 613 1188 pecuniam
630 1123 713 1168 suasu
731 1105 842 1184 dieunt,
853 1115 947 1186 'quana
964 1108 1045 1172 velut
1060 1110 1185 1174 alienam

170 1223 250 1285 domi
283 1221 411 1284 clausurn
445 1219 573 1284 sollicito
605 1217 707 1280 labore
740 1217 925 1294 custodiunt,
960 1238 999 1282 ex
1034 1241 1089 1302 qua
1125 1245 1183 1290 non

170 1336 281 1412 annio-is,
304 1353 365 1398 uon
388 1332 490 1395 liberis
514 1333 680 1411 quiequam,
704 1347 765 1392 uon
789 1331 844 1391 sibi
868 1331 997 1412 denique
1017 1335 1185 1421 inpediunt.

169 1444 326 1510 Possident
349 1445 385 1508 ad
408 1446 466 1507 hoc
489 1450 616 1520 tanturn,
640 1461 678 1502 ue
700 1442 857 1522 possidere
874 1441 900 1517 ὁ)
924 1444 1007 1508 alteri
1031 1447 1133 1529 iioeat,
1157 1460 1187 1514 et

170 1556 208 1642 (o
233 1558 387 1628 nominum*
406 1563 514 1637 quantu
538 1551 730 1636 diversitast)
754 1557 832 1619 bona
855 1557 1003 1638 appeliant
1026 1565 1187 1643 exquibus

170 1669 268 1736 nullus
292 1672 364 1752 iliis,
388 1671 444 1734 nisi
467 1668 503 1732 nd
527 1686 576 1732 res
601 1669 691 1731 maias
715 1687 786 1732 usus
810 1676 862 1732 est.

645 1867 709 1936 xii.

153 2103 154 2110 q
255 2012 303 2076 An
326 2019 356 2074 tu
380 2010 429 2073 vel
452 2009 519 2072 illos
543 2014 628 2089 putas
652 2008 835 2087 tutos,‘illos
857 2009 959 2074 saiteru
980 2009 1001 2088 ¹)
1027 2013 1103 2079 inter
1126 2016 1186 2082 ho-

168 2263 236 2315 enim
261 2261 365 2312 brevius
390 2269 416 2312 et
439 2261 597 2311 artificiosius
621 2262 772 2314 sententiam
799 2263 922 2328 expressit
942 2251 1090 2332 cyprianus.
1126 2265 1186 2332 Post

169 2351 278 2402 diuitias
303 2349 375 2398 omisi
400 2347 489 2399 inutile
515 2348 715 2400 additamentum
740 2359 815 2419 atque
840 2367 902 2420 opus
919 2352 1099 2418 praeeuntibus
1116 2353 1187 2406 libris

170 2451 227 2486 msa.
248 2434 364 2512 orquibus
384 2443 433 2486 tam
454 2437 532 2492 meis.
561 2451 636 2502 quarn
655 2433 798 2488 Baiuzianis
823 2443 848 2486 et
869 2445 927 2488 ante
945 2453 999 2505 seq.
1020 2447 1096 2508 utque
1114 2455 1187 2491 conr·

170 2529 236 2572 utute
261 2537 306 2587 pro
332 2531 426 2588 puncto
451 2523 535 2587 posito
554 2538 627 2574 voce
648 2542 662 2577 o
682 2527 846 2578 detestabilis
866 2529 983 2580 suscitas
1002 2553 1032 2562 -
1054 2555 1084 2566 -
1104 2531 1188 2597 eutiqo

169 2625 273 2660 suasore
296 2607 446 2672 Orationis,
475 2625 581 2678 quorum
602 2610 737 2674 seditio,
765 2609 957 2678 parenthesibus
981 2611 1078 2664 inclusi.
1116 2611 1188 2664 Conf.

169 2695 225 2746 infr.
245 2704 295 2747 not.
316 2698 338 2746 5.
359 2705 384 2746 et
397 2696 435 2747 ad
455 2696 542 2749 librum
564 2694 595 2748 de
615 2699 708 2748 domin.
729 2707 795 2748 orat.
816 2714 869 2764 cap.
889 2697 938 2748 XV.
959 2707 1010 2750 not.
1030 2699 1068 2750 15.
1104 2698 1189 2753 Pron

170 2781 204 2834 Ba
223 2781 311 2836 scribit
330 2788 392 2838 adeo
413 2793 437 2835 et
458 2788 592 2838 instabitis
611 2786 665 2834 sine
684 2782 757 2836 uBb.
791 2783 852 2836 Turn
870 2790 1036 2838 oehonerure
1048 2783 1091 2836 Ba.
1122 2785 1188 2837 Deio

169 2873 289 2924 relevare
315 2871 372 2921 edd.
400 2879 462 2922 vett.
490 2887 511 2920 c.
537 2869 634 2919 Erasm.
661 2877 686 2919 et
711 2869 803 2932 Grau,
830 2874 950 2923 revelare
973 2870 1001 2922 Α.
1040 2870 1096 2922 Mox
1120 2873 1188 2923 idem

170 2961 325 3026 superstibua
344 2966 369 3007 et
390 2959 413 3007 iu
433 2973 503 3024 seqq.
524 2959 621 3008 oretanis
639 2957 816 3020 pro-cumulis
829 2954 886 3005 edd.
903 2962 964 3004 reu.
1002 2958 1031 3018 4)
1044 2959 1189 3025 iatdiqeutee

171 3093 217 3142 pro
236 3081 264 3130 iu
284 3081 392 3132 sidentes
410 3077 448 3138 Α,
472 3051 497 3077 m
517 3077 663 3142 iudipentee
682 3073 729 3123 hib.
769 3073 842 3136 Quod
862 3075 976 3142 sequitur
993 3078 1053 3131 iude
1072 3089 1121 3126 orn.
1143 3075 1187 3126 Bb.

171 3162 231 3214 Turn
249 3169 277 3230 fit
293 3167 369 3216 nuile
386 3165 494 3230 pertitio
513 3169 595 3213 exstet
613 3162 637 3212 in
658 3161 714 3212 edd.
731 3161 819 3213 Venet.
837 3161 898 3214 Dav.
913 3170 938 3212 et
950 3162 1048 3226 humb,
1067 3167 1104 3217 eit
1122 3181 1148 3216 rt.
1163 3184 1187 3231 p.
1270 3173 1274 3178 '

171 3252 195 3302 in
214 3249 305 3313 huno,
325 3252 398 3301 nauita
415 3259 482 3316 port.
502 3258 542 3300 eat
561 3249 585 3298 in
606 3246 645 3297 W.
668 3247 730 3299 biae.
751 3246 812 3298 Bab.
834 3247 853 3298 Α
874 3256 899 3298 et
919 3249 977 3300 edd.
996 3247 1092 3302 Eresnr.
1112 3257 1190 3319 atque

172 3335 262 3397 Gran,
291 3338 382 3398 peroio
409 3344 448 3388 eet
474 3336 499 3384 in
525 3333 574 3384 hid.
611 3332 743 3386 Coniunct.
768 3343 866 3386 et'onr.
892 3334 922 3383 d.
961 3333 1190 3405 inira'qus'dquum

172 3419 267 3471 habent
282 3419 319 3470 bid
340 3428 364 3470 at
384 3420 424 3470 ed.
439 3419 502 3470 Dav.
534 3418 650 3471 Proxime
670 3424 825 3489 impartiunt
840 3420 870 3483 h,
890 3423 950 3472 item
964 3423 1087 3472 editiones
1101 3422 1188 3474 Vener.

173 3506 237 3556 Dav.
251 3506 331 3558 huno.
348 3506 442 3558 Erusrn.
458 3516 484 3558 et
498 3506 572 3560 Grau.
611 3507 641 3571 5)
659 3510 794 3576 possideri
806 3507 836 3557 Α.
869 3495 928 3558 Post
939 3512 1022 3560 ‘liceat
1036 3522 1083 3574 pro
1095 3517 1189 3574 puncto

172 3594 274 3645 distinxi
293 3603 419 3648 commate
437 3603 577 3660 praeeunte
599 3593 734 3647 Grunous'o
753 3593 769 3642 l.
791 3609 813 3642 c.
839 3581 863 3659 p.
884 3595 934 3644 263
960 3603 985 3645 at
1009 3609 1082 3644 vocc.
1103 3609 1189 3661 seqq:

172 3699 186 3733 o
205 3686 340 3735 nominum
359 3684 636 3748 pessundandos!
661 3679 856 3744 parenthesibus
876 3683 1064 3748 circumsepsi.
1102 3684 1123 3734 0
1143 3679 1189 3732 tta.

173 3765 209 3818 bb
229 3767 289 3818 eth
308 3781 358 3818 om.
382 3765 469 3820 Deest
487 3768 563 3818 etiam
583 3766 649 3832 apud
664 3753 828 3828 Gr'onouioru,
847 3767 871 3814 in
892 3767 949 3817 cod.
970 3775 1053 3817 autern
1069 3765 1107 3816 hio
1126 3767 1191 3818 inter

172 3867 239 3904 uera.
250 3852 352 3921 iegibus.
372 3851 399 3904 ln
409 3869 480 3920 seqq.
489 3852 558 3903 idern
571 3850 635 3902 iiber
645 3865 695 3902 om.
705 3853 809 3916 nutius,
822 3858 881 3901 aute
890 3855 947 3905 etei
956 3853 1120 3917 interponens
1129 3871 1189 3906 aun.

242 3939 294 3991 xii.
326 3939 352 4008 1)
371 3943 410 3993 dn
427 3949 506 4009 putas
525 3942 567 3994 oet
585 3941 647 3991 ittos
666 3947 738 3992 tutos
756 3940 850 3991 eutium
871 3937 990 3990 exhibent
1009 3936 1066 3988 edd.
1086 3947 1148 3990 vett.
1169 3957 1188 3994 e.
