2858 4688
618 427 675 498 tot

135 591 294 674 luptatibus
324 593 468 654 etementa
501 591 682 667 deserviant.
724 591 771 654 ''l'u
803 593 879 656 enim
911 592 969 657 deo
1001 599 1098 660 servis
1115 594 1157 676 ²)‚'
1258 649 1261 656 .

136 721 193 786 per
216 723 303 786 quem
327 705 378 768 tibi
402 712 506 768 cuneta
530 705 723 781 deserviunt;
747 703 896 769 famularis
919 708 959 771 itti
980 705 1154 773 euius'nntu

136 818 186 879 tibi
218 819 357 880 universa
391 814 576 880 famulamur.
628 816 696 898 ipse
731 816 768 879 da
803 835 893 881 servo
910 815 938 897 ³)
971 827 1022 882 tuo
1057 823 1154 906 exigis

137 931 309 993 servitutem
334 936 363 992 et
385 929 474 994 homo
498 930 648 992 hominem
672 940 779 1012 parere
801 931 852 992 tibi
876 938 906 993 et
928 932 1052 996 obedire
1068 953 1154 997 com-

137 1043 241 1124 pellis,
275 1050 305 1106 et
333 1061 399 1104 oum
430 1043 469 1104 eit
499 1041 583 1105 vobis
611 1041 715 1102 eadem
738 1059 806 1104 sors
831 1043 990 1122 nascendi,
1024 1045 1154 1108 conditio

31 1217 35 1232 ,
137 1176 194 1220 una
211 1156 368 1232 moriendi,
393 1171 552 1236 corporum
569 1156 690 1216 materia
707 1156 878 1235 consimilis,
901 1159 1064 1220 animarum¹
1079 1160 1154 1222 ratio

32 1303 37 1308 -
137 1270 311 1349 eommunis,
336 1267 452 1348 aequati
475 1267 542 1329 iure
566 1273 595 1328 at
617 1267 681 1348 pari
703 1267 774 1349 lega
797 1267 845 1329 vel
869 1269 1005 1332 veniatur
1022 1271 1050 1331 in
1067 1271 1154 1333 istum

137 1379 276 1442 mundum
299 1379 347 1441 vet
371 1378 409 1439 de
431 1377 541 1439 mundo
565 1377 752 1458 postmodum
776 1377 954 1458 recedatur,
977 1387 1074 1446 tamen
1099 1383 1156 1446 nisi

137 1494 188 1554 not
211 1509 268 1574 pro
289 1492 410 1555 arbitrio
427 1497 477 1554 tuo
495 1491 652 1570 serviatur,
677 1493 734 1554 nisi
750 1492 786 1555 ad
803 1493 963 1558 voluntatis
973 1496 1155 1586 obsequium

136 1604 483 1699 pareatum-inperiosus
508 1609 537 1665 et
560 1604 665 1666 nimius
689 1605 841 1669 servitutis
865 1612 989 1670 exactor
1011 1607 1154 1691 flagellas,

206 1783 236 1847 2)
255 1787 346 1836 ses-eis
363 1785 410 1836 deo
428 1779 482 1845 Bb,
507 1784 553 1835 deo
571 1799 625 1836 non
642 1786 733 1836 seroie
751 1783 809 1834 edd.
828 1791 907 1847 vett,
933 1747 998 1838 mn
1015 1787 1105 1840 servis
1120 1748 1156 1852 td

137 1902 190 1937 as.
210 1902 242 1938 m.
261 1901 337 1953 supra
356 1885 449 1949 addit.)
469 1885 541 1950 idbe,
566 1870 618 1940 dno
637 1903 690 1939 non
708 1891 800 1940 servis
818 1887 868 1950 did,
887 1889 1042 1941 deonerare
1062 1891 1155 1955 primus

137 1973 217 2024 edidit
226 1971 345 2025 Erasmus
358 1973 474 2041 hancque
488 1973 690 2024 emendationem
704 1972 735 2023 ab
749 1973 887 2024 editoribus
898 1973 1081 2040 posterioribus
1092 1991 1154 2040 pro·
1186 2012 1192 2022 ,

137 2059 220 2112 batam
234 2059 291 2120 rell.
304 2059 361 2112 iibri
377 2062 426 2113 mei
443 2068 468 2112 et
485 2061 607 2112 tredecim
623 2068 725 2112 veterae
738 2057 866 2111 Baianinni
880 2062 984 2129 egregie
999 2061 1154 2115 confirmant.

138 2149 240 2201 dissets
261 2162 327 2200 earr.
346 2164 379 2200 rn.
399 2149 575 2215 superscripsit
598 2149 624 2198 in
643 2146 691 2211 W,
717 2151 872 2202 desernim
893 2147 971 2200 instret
988 2147 1018 2202 Α.
1056 2147 1155 2200 Deinde

137 2243 166 2287 tss
188 2251 242 2287 nos
254 2237 409 2304 'somniaris
433 2235 524 2304 tegitur
541 2237 565 2286 in
585 2235 643 2286 edd.
662 2243 724 2287 vett.
744 2243 770 2286 et
788 2237 812 2287 in
832 2234 1037 2303 qoinqaeoodd.
1058 2234 1155 2300 Belus„

136 2330 165 2374 tes
183 2325 328 2389 remorderis
346 2322 471 2375 dederunt
489 2321 585 2374 Eresm.
605 2321 679 2374 (ὅταν.
699 2321 792 2376 Manat.
812 2320 906 2378 nemer.
924 2322 1016 2390 Rigalt.
1032 2331 1059 2375 et
1072 2320 1154 2375 Oson.

137 2407 187 2460 Sed
207 2419 236 2462 tss
253 2424 302 2462 om.
323 2410 398 2462 codd.
418 2413 483 2474 mei,
509 2410 588 2462 italici
608 2426 696 2462 omnes
721 2418 747 2460 et
766 2410 933 2462 novendecim
953 2419 1056 2462 veterae
1075 2409 1153 2461 Betu-

135 2497 219 2561 sisni‚
246 2499 307 2550 itero
333 2498 392 2550 edd.
412 2498 476 2550 dior.
497 2497 582 2550 Batus.
603 2506 629 2551 et
647 2496 737 2550 Gotdh.
773 2497 801 2549 ln
821 2496 861 2548 tib
883 2513 903 2549 r.
923 2514 955 2549 m.
975 2499 1154 2563 inseruitum,

136 2585 161 2634 iu
186 2583 225 2634 tie
252 2600 328 2652 supra
354 2586 451 2639 addidit
475 2604 543 2641 nass..
579 2586 786 2655 interrogationis
811 2587 885 2653 signo
911 2584 1072 2654 distinguitur
1097 2595 1155 2653 poet

136 2675 289 2727 deservisset
316 2683 342 2724 et
369 2683 427 2742 post
454 2678 621 2744 [amittantur
645 2675 677 2726 ab
705 2673 802 2726 Etasrn.
831 2672 905 2724 Grau.
934 2673 1031 2725 diorelt.
1060 2672 1153 2726 Pamet.

135 2755 228 2824 urgere.
248 2767 274 2810 et
290 2757 381 2824 Onon,
401 2770 459 2827 post
475 2765 643 2829 famulantur
660 2777 674 2811 s
691 2759 780 2812 uorat.
819 2765 976 2814 Famitisss's
995 2776 1042 2826 pro
1060 2767 1153 2828 famas·

136 2847 204 2896 laes's
222 2847 350 2912 reperitur
367 2846 391 2896 in
408 2847 439 2910 A,
458 2857 552 2900 ennete
571 2862 617 2914 pro
636 2850 765 2900 ssssinersn
783 2847 870 2896 scribit
886 2845 934 2895 dib.
973 2846 1003 2910 3)
1023 2850 1154 2900 desiderio

137 2945 271 2998 perperam
290 2929 334 2982 Ba.
371 2931 435 2984 oete
460 2936 601 2986 servitium
626 2931 684 2982 edd.
707 2940 769 2983 vett.
789 2947 811 2981 o
829 2931 927 2982 Eraem.
948 2937 973 2980 et
993 2930 1084 2996 Grau,
1112 2935 1154 2982 in·

136 3033 212 3070 verse
231 3021 277 3071 tids'
294 3035 389 3087 parere
408 3015 461 3081 Bb,
483 3032 540 3068 mox
559 3018 687 3084 eonpettie
707 3015 763 3078 Md,
783 3019 916 3085 eonpettee
935 3015 984 3067 tto.
1022 3015 1082 3067 Post
1101 3036 1153 3070 na-

136 3107 228 3158 snendi
245 3105 267 3154 Α
285 3103 436 3158 infercit-et.
475 3101 535 3154 Tum
555 3105 674 3156 condicio
693 3102 813 3154 exhibent
830 3102 865 3154 Ba
884 3111 910 3153 et
928 3102 994 3168 diod,
1014 3105 1074 3154 item
1094 3105 1153 3156 edd.

137 3191 201 3244 [inv.
219 3191 313 3244 Manut.
334 3191 429 3243 Pomet.
454 3199 530 3258 atque
554 3189 664 3258 urgan,
694 3192 808 3244 conditio
834 3193 912 3242 ceteri
937 3190 994 3241 iibri
1018 3193 1104 3257 scripti
1130 3200 1155 3242 et
1216 3251 1225 3264 ι

137 3279 209 3331 editi.
245 3280 302 3331 Vid.
328 3278 359 3330 ad
385 3280 481 3330 uentu.
506 3286 569 3329 ornt.
597 3295 652 3346 eep.
671 3277 746 3330 xvir.
772 3285 826 3329 not.
848 3279 871 3328 1.
896 3278 954 3330 ooli·
981 3279 1013 3330 de
1036 3279 1154 3341 mortaiit.

137 3383 192 3434 cap.
212 3366 254 3418 Vi.
274 3375 326 3420 not.
346 3367 370 3419 1.
407 3365 493 3418 Statim
511 3376 536 3419 st
552 3369 681 3420 modendi
700 3365 743 3416 dat
760 3365 800 3416 dib
821 3374 846 3416 et
866 3365 942 3432 panto
961 3376 1018 3432 poet
1037 3369 1090 3453 nite
1108 3381 1153 3432 pro

135 3473 195 3524 s'asrs
215 3469 259 3523 en.
297 3470 435 3523 Proximum
454 3475 506 3540 eet,
527 3471 594 3538 quod
615 3470 687 3521 abest
705 3487 718 3520 a
739 3470 796 3520 cod.
817 3469 865 3534 Ma,
885 3471 909 3520 in
928 3470 967 3522 tte
985 3488 1004 3521 r.
1026 3487 1058 3521 m.
1078 3487 1153 3537 snpra

137 3558 240 3611 adiecit.
276 3559 335 3611 diox
353 3564 382 3613 rte
400 3563 453 3614 isto
465 3562 562 3613 mundo
575 3556 669 3609 habent
682 3557 741 3608 edd.
755 3564 825 3621 vett,
845 3560 875 3610 de
887 3562 935 3611 tsoe
947 3559 1043 3610 mundo
1057 3555 1153 3608 Eraenr.

137 3633 212 3698 ti'rav.
232 3654 258 3697 et
278 3646 374 3698 diored.
412 3646 477 3697 Dein
495 3654 558 3715 post
574 3648 680 3699 modum
698 3644 737 3695 dia
756 3651 781 3694 et
800 3642 852 3695 Bab
898 3643 964 3695 Ante
984 3655 1069 3698 temen
1090 3643 1155 3696 tiber

136 3733 158 3784 Α
178 3735 316 3802 interponit
334 3733 484 3802 perticulam
503 3743 535 3786 et.
573 3731 631 3783 ntro
650 3731 741 3782 ordine
759 3732 785 3782 in
805 3731 862 3782 edd.
882 3739 945 3783 vett.
966 3740 992 3782 et
1012 3732 1036 3781 in
1055 3729 1152 3782 Ernam.

136 3829 212 3888 atque
228 3820 306 3874 Grav.
326 3821 419 3890 iegitur
436 3839 484 3892 pro
503 3823 614 3874 arbitrio
633 3829 677 3874 tao
697 3822 759 3884 titi,
788 3821 813 3870 in
833 3819 974 3886 iisdemque
993 3817 1064 3869 tibris
1084 3826 1109 3868 at
1128 3820 1152 3869 in

137 3907 234 3960 diorelt.
248 3913 389 3979 imperium
404 3923 450 3976 pro
464 3911 624 3976 obsequium.
661 3905 689 3956 ln
701 3921 789 3974 seqq.r
807 3915 934 3974 pos-eatur
946 3907 1154 3975 irriperieutosus

137 4003 161 4048 et
178 3999 290 4050 ninsissss
308 3997 370 4064 (sic)
389 4013 403 4047 s
423 4011 487 4047 corr.
509 4011 541 4046 m.
561 3992 637 4046 habet
657 3991 703 4044 Bb.
740 3997 897 4062 Imperiosus
921 4008 968 4059 pro
993 3996 1153 4062 imperiosos

907 4080 943 4145 11
