<?xml version="1.0" encoding="UTF-8"?>
<!DOCTYPE html PUBLIC "-//W3C//DTD XHTML 1.0 Transitional//EN"
    "http://www.w3.org/TR/xhtml1/DTD/xhtml1-transitional.dtd">
<html xmlns="http://www.w3.org/1999/xhtml" xml:lang="en" lang="en">
 <head>
  <title>
</title>
<meta http-equiv="Content-Type" content="text/html;charset=utf-8" />
  <meta name='ocr-system' content='tesseract 3.04.00' />
  <meta name='ocr-capabilities' content='ocr_page ocr_carea ocr_par ocr_line ocrx_word'/>
</head>
<body>
  <div class='ocr_page' id='page_1' title='image "./libridecatholic00krabgoog_0057.png"; bbox 0 0 2868 4700; ppageno 0'>
   <div class='ocr_carea' id='block_1_1' title="bbox 718 373 762 438">
    <p class='ocr_par' dir='ltr' id='par_1_1' title="bbox 718 373 762 438">
     <span class='ocr_line' id='line_1_1' title="bbox 718 373 762 438; baseline -0.023 0"><span class='ocrx_word' id='word_1_1' title='bbox 718 373 762 438; x_wconf 81' lang='lat'>34</span> 
     </span>
    </p>
   </div>
   <div class='ocr_carea' id='block_1_2' title="bbox 121 528 1250 1526">
    <p class='ocr_par' dir='ltr' id='par_1_2' title="bbox 228 528 1248 596">
     <span class='ocr_line' id='line_1_2' title="bbox 228 528 1248 596; baseline -0.001 -2"><span class='ocrx_word' id='word_1_2' title='bbox 228 528 266 594; x_wconf 82' lang='lat' dir='ltr'>de</span> <span class='ocrx_word' id='word_1_3' title='bbox 289 537 350 595; x_wconf 84' lang='lat' dir='ltr'>toto</span> <span class='ocrx_word' id='word_1_4' title='bbox 373 532 465 596; x_wconf 87' lang='lat' dir='ltr'>corde</span> <span class='ocrx_word' id='word_1_5' title='bbox 488 538 540 596; x_wconf 86' lang='lat' dir='ltr'>tuo</span> <span class='ocrx_word' id='word_1_6' title='bbox 563 533 651 596; x_wconf 86' lang='lat' dir='ltr'>etde</span> <span class='ocrx_word' id='word_1_7' title='bbox 682 540 746 596; x_wconf 85' lang='lat' dir='ltr'>toto</span> <span class='ocrx_word' id='word_1_8' title='bbox 767 528 873 596; x_wconf 79' lang='lat' dir='ltr'>uotum</span> <span class='ocrx_word' id='word_1_9' title='bbox 896 537 949 594; x_wconf 85' lang='lat' dir='ltr'>tuo</span> <span class='ocrx_word' id='word_1_10' title='bbox 971 538 1001 594; x_wconf 87' lang='lat' dir='ltr'>et</span> <span class='ocrx_word' id='word_1_11' title='bbox 1023 531 1061 592; x_wconf 85' lang='lat' dir='ltr'>do</span> <span class='ocrx_word' id='word_1_12' title='bbox 1091 537 1156 594; x_wconf 87' lang='lat' dir='ltr'>totu</span> <span class='ocrx_word' id='word_1_13' title='bbox 1176 530 1248 594; x_wconf 76' lang='lat' dir='ltr'>otr-</span> 
     </span>
    </p>

    <p class='ocr_par' dir='ltr' id='par_1_3' title="bbox 228 636 1248 726">
     <span class='ocr_line' id='line_1_3' title="bbox 228 636 1248 726; baseline -0.001 -22"><span class='ocrx_word' id='word_1_14' title='bbox 228 652 291 706; x_wconf 85' lang='lat' dir='ltr'>toto</span> <span class='ocrx_word' id='word_1_15' title='bbox 314 653 376 708; x_wconf 85' lang='lat' dir='ltr'>tou.</span> <span class='ocrx_word' id='word_1_16' title='bbox 414 645 481 708; x_wconf 85' lang='lat' dir='ltr'>Hoc</span> <span class='ocrx_word' id='word_1_17' title='bbox 501 646 634 726; x_wconf 82' lang='lat' dir='ltr'>prtmum</span> <span class='ocrx_word' id='word_1_18' title='bbox 654 652 684 707; x_wconf 85' lang='lat' dir='ltr'>et</span> <span class='ocrx_word' id='word_1_19' title='bbox 697 644 863 708; x_wconf 81' lang='lat' dir='ltr'>secundum</span> <span class='ocrx_word' id='word_1_20' title='bbox 877 644 977 705; x_wconf 75' lang='lat' dir='ltr'>simile</span> <span class='ocrx_word' id='word_1_21' title='bbox 998 636 1129 720; x_wconf 63' lang='grc'>1111017).</span> <span class='ocrx_word' id='word_1_22' title='bbox 1161 643 1248 706; x_wconf 70' lang='lat' dir='ltr'>Ditt-</span> 
     </span>
    </p>

    <p class='ocr_par' dir='ltr' id='par_1_4' title="bbox 224 751 1247 839">
     <span class='ocr_line' id='line_1_4' title="bbox 224 751 1247 839; baseline -0.001 -19"><span class='ocrx_word' id='word_1_23' title='bbox 224 777 279 839; x_wconf 79' lang='lat' dir='ltr'>pes</span> <span class='ocrx_word' id='word_1_24' title='bbox 290 759 469 837; x_wconf 69' lang='lat' dir='ltr'>proximum</span> <span class='ocrx_word' id='word_1_25' title='bbox 493 767 576 818; x_wconf 85' lang='lat' dir='ltr'>tuum</span> <span class='ocrx_word' id='word_1_26' title='bbox 593 767 744 838; x_wconf 79' lang='lat' dir='ltr'>tamquam</span> <span class='ocrx_word' id='word_1_27' title='bbox 768 751 858 830; x_wconf 81' lang='lat' dir='ltr'>te¹⁸).</span> <span class='ocrx_word' id='word_1_28' title='bbox 896 757 934 819; x_wconf 83' lang='lat' dir='ltr'>Io</span> <span class='ocrx_word' id='word_1_29' title='bbox 948 756 997 819; x_wconf 81' lang='lat' dir='ltr'>bis</span> <span class='ocrx_word' id='word_1_30' title='bbox 1011 755 1131 820; x_wconf 78' lang='lat' dir='ltr'>duobus</span> <span class='ocrx_word' id='word_1_31' title='bbox 1147 775 1247 837; x_wconf 85' lang='lat' dir='ltr'>prue-</span> 
     </span>
    </p>

    <p class='ocr_par' dir='ltr' id='par_1_5' title="bbox 121 866 1249 952">
     <span class='ocr_line' id='line_1_5' title="bbox 121 866 1249 952; baseline 0 -20"><span class='ocrx_word' id='word_1_32' title='bbox 121 878 124 890; x_wconf 93' lang='lat'>&#39;</span> <span class='ocrx_word' id='word_1_33' title='bbox 226 866 372 952; x_wconf 80' lang='lat' dir='ltr'>ceptis¹⁹)</span> <span class='ocrx_word' id='word_1_34' title='bbox 398 879 462 934; x_wconf 87' lang='lat' dir='ltr'>toto</span> <span class='ocrx_word' id='word_1_35' title='bbox 492 873 544 934; x_wconf 81' lang='lat' dir='ltr'>lou</span> <span class='ocrx_word' id='word_1_36' title='bbox 568 873 684 951; x_wconf 81' lang='lat' dir='ltr'>pendet</span> <span class='ocrx_word' id='word_1_37' title='bbox 706 878 736 934; x_wconf 86' lang='lat' dir='ltr'>ot</span> <span class='ocrx_word' id='word_1_38' title='bbox 761 871 938 951; x_wconf 74' lang='lat' dir='ltr'>prophetoe.</span> <span class='ocrx_word' id='word_1_39' title='bbox 985 870 1131 932; x_wconf 86' lang='lat' dir='ltr'>Unitutem</span> <span class='ocrx_word' id='word_1_40' title='bbox 1162 870 1249 932; x_wconf 90' lang='lat' dir='ltr'>simul</span> 
     </span>
    </p>

    <p class='ocr_par' dir='ltr' id='par_1_6' title="bbox 161 982 1250 1068">
     <span class='ocr_line' id='line_1_6' title="bbox 161 982 1250 1068; baseline -0.002 -20"><span class='ocrx_word' id='word_1_41' title='bbox 161 1051 164 1056; x_wconf 65' lang='grc'>,</span> <span class='ocrx_word' id='word_1_42' title='bbox 201 993 258 1050; x_wconf 80' lang='lat' dir='ltr'>oet</span> <span class='ocrx_word' id='word_1_43' title='bbox 280 987 468 1051; x_wconf 85' lang='lat' dir='ltr'>dilectionem</span> <span class='ocrx_word' id='word_1_44' title='bbox 491 986 662 1068; x_wconf 83' lang='lat' dir='ltr'>magisterio</span> <span class='ocrx_word' id='word_1_45' title='bbox 685 1003 741 1048; x_wconf 93' lang='lat' dir='ltr'>suo</span> <span class='ocrx_word' id='word_1_46' title='bbox 766 984 881 1063; x_wconf 83' lang='lat' dir='ltr'>docuit,</span> <span class='ocrx_word' id='word_1_47' title='bbox 904 982 1066 1066; x_wconf 84' lang='lat' dir='ltr'>prophetes</span> <span class='ocrx_word' id='word_1_48' title='bbox 1092 1001 1195 1046; x_wconf 88' lang='lat' dir='ltr'>omnes</span> <span class='ocrx_word' id='word_1_49' title='bbox 1218 991 1250 1046; x_wconf 92' lang='lat' dir='ltr'>et</span> 
     </span>
    </p>

    <p class='ocr_par' dir='ltr' id='par_1_7' title="bbox 227 1095 1249 1182">
     <span class='ocr_line' id='line_1_7' title="bbox 227 1095 1249 1182; baseline 0 -21"><span class='ocrx_word' id='word_1_50' title='bbox 227 1101 326 1181; x_wconf 78' lang='lat' dir='ltr'>legem</span> <span class='ocrx_word' id='word_1_51' title='bbox 349 1101 517 1182; x_wconf 77' lang='lat' dir='ltr'>praeceptis</span> <span class='ocrx_word' id='word_1_52' title='bbox 540 1100 656 1162; x_wconf 91' lang='lat' dir='ltr'>duobus</span> <span class='ocrx_word' id='word_1_53' title='bbox 680 1095 861 1176; x_wconf 65' lang='lat' dir='ltr'>inclusuw).</span> <span class='ocrx_word' id='word_1_54' title='bbox 900 1099 994 1172; x_wconf 81' lang='lat' dir='ltr'>Ouum</span> <span class='ocrx_word' id='word_1_55' title='bbox 1019 1116 1093 1160; x_wconf 86' lang='lat' dir='ltr'>vero</span> <span class='ocrx_word' id='word_1_56' title='bbox 1108 1099 1249 1160; x_wconf 78' lang='lat' dir='ltr'>unitatem</span> 
     </span>
    </p>

    <p class='ocr_par' dir='ltr' id='par_1_8' title="bbox 227 1207 1249 1293">
     <span class='ocr_line' id='line_1_8' title="bbox 227 1207 1249 1293; baseline -0.002 -19"><span class='ocrx_word' id='word_1_57' title='bbox 227 1219 341 1291; x_wconf 83' lang='lat' dir='ltr'>servet,</span> <span class='ocrx_word' id='word_1_58' title='bbox 365 1231 452 1293; x_wconf 82' lang='lat' dir='ltr'>quom</span> <span class='ocrx_word' id='word_1_59' title='bbox 475 1211 663 1275; x_wconf 86' lang='lat' dir='ltr'>dilectionem</span> <span class='ocrx_word' id='word_1_60' title='bbox 687 1211 818 1276; x_wconf 88' lang='lat' dir='ltr'>custodit</span> <span class='ocrx_word' id='word_1_61' title='bbox 841 1219 891 1275; x_wconf 88' lang='lat' dir='ltr'>out</span> <span class='ocrx_word' id='word_1_62' title='bbox 913 1212 1024 1293; x_wconf 79' lang='lat' dir='ltr'><strong>cogitat</strong></span> <span class='ocrx_word' id='word_1_63' title='bbox 1055 1207 1160 1292; x_wconf 73' lang='lat' dir='ltr'>qui²¹)</span> <span class='ocrx_word' id='word_1_64' title='bbox 1183 1209 1249 1272; x_wconf 89' lang='lat' dir='ltr'>dis-</span> 
     </span>
    </p>

    <p class='ocr_par' dir='ltr' id='par_1_9' title="bbox 226 1321 1249 1526">
     <span class='ocr_line' id='line_1_9' title="bbox 228 1321 1249 1404; baseline -0.001 -18"><span class='ocrx_word' id='word_1_65' title='bbox 228 1324 349 1389; x_wconf 83' lang='lat' dir='ltr'><strong>cordiae</strong></span> <span class='ocrx_word' id='word_1_66' title='bbox 366 1324 469 1387; x_wconf 81' lang='lat' dir='ltr'>furore</span> <span class='ocrx_word' id='word_1_67' title='bbox 485 1342 632 1386; x_wconf 80' lang='lat' dir='ltr'>mesenus</span> <span class='ocrx_word' id='word_1_68' title='bbox 649 1325 808 1387; x_wconf 84' lang='lat' dir='ltr'>ecclesium</span> <span class='ocrx_word' id='word_1_69' title='bbox 824 1324 932 1387; x_wconf 86' lang='lat' dir='ltr'>scindit</span> <span class='ocrx_word' id='word_1_70' title='bbox 940 1321 991 1402; x_wconf 71' lang='lat'>²²),</span> <span class='ocrx_word' id='word_1_71' title='bbox 1008 1322 1096 1386; x_wconf 89' lang='lat' dir='ltr'>fidem</span> <span class='ocrx_word' id='word_1_72' title='bbox 1113 1322 1249 1404; x_wconf 83' lang='lat' dir='ltr'>destruit,</span> 
     </span>
     <span class='ocr_line' id='line_1_10' title="bbox 226 1433 1223 1526; baseline -0.006 -26"><span class='ocrx_word' id='word_1_73' title='bbox 226 1456 331 1519; x_wconf 84' lang='lat' dir='ltr'>pacem</span> <span class='ocrx_word' id='word_1_74' title='bbox 347 1439 461 1516; x_wconf 84' lang='lat' dir='ltr'>turbat,</span> <span class='ocrx_word' id='word_1_75' title='bbox 484 1437 637 1526; x_wconf 79' lang='lat' dir='ltr'>ceritatem</span> <span class='ocrx_word' id='word_1_76' title='bbox 659 1435 800 1517; x_wconf 80' lang='lat' dir='ltr'>dissipet,</span> <span class='ocrx_word' id='word_1_77' title='bbox 824 1441 1039 1498; x_wconf 79' lang='lat' dir='ltr'>sacromentum</span> <span class='ocrx_word' id='word_1_78' title='bbox 1062 1433 1223 1516; x_wconf 79' lang='lat' dir='ltr'>profanet?</span> 
     </span>
    </p>
   </div>
   <div class='ocr_carea' id='block_1_3' title="bbox 692 1630 785 1696">
    <p class='ocr_par' dir='ltr' id='par_1_10' title="bbox 692 1630 785 1696">
     <span class='ocr_line' id='line_1_11' title="bbox 692 1630 785 1696; baseline 0 0"><span class='ocrx_word' id='word_1_79' title='bbox 692 1630 785 1696; x_wconf 83' lang='lat' dir='ltr'>xlv.</span> 
     </span>
    </p>
   </div>
   <div class='ocr_carea' id='block_1_4' title="bbox 188 1772 1246 1857">
    <p class='ocr_par' dir='ltr' id='par_1_11' title="bbox 188 1772 1246 1857">
     <span class='ocr_line' id='line_1_12' title="bbox 188 1772 1246 1857; baseline -0.009 -11"><span class='ocrx_word' id='word_1_80' title='bbox 188 1802 214 1847; x_wconf 80' lang='lat' dir='ltr'>ro</span> <span class='ocrx_word' id='word_1_81' title='bbox 315 1778 421 1841; x_wconf 87' lang='lat' dir='ltr'>Maium</span> <span class='ocrx_word' id='word_1_82' title='bbox 451 1777 523 1856; x_wconf 89' lang='lat' dir='ltr'>boc,</span> <span class='ocrx_word' id='word_1_83' title='bbox 553 1775 715 1838; x_wconf 89' lang='lat' dir='ltr'>fidelissimi</span> <span class='ocrx_word' id='word_1_84' title='bbox 729 1772 756 1857; x_wconf 86' lang='lat'>¹)</span> <span class='ocrx_word' id='word_1_85' title='bbox 789 1774 914 1855; x_wconf 83' lang='lat' dir='ltr'>iratres,</span> <span class='ocrx_word' id='word_1_86' title='bbox 945 1774 1140 1857; x_wconf 80' lang='lat' dir='ltr'>iampridem</span> <span class='ocrx_word' id='word_1_87' title='bbox 1170 1793 1246 1837; x_wconf 91' lang='lat' dir='ltr'>ooe-</span> 
     </span>
    </p>
   </div>
   <div class='ocr_carea' id='block_1_5' title="bbox 146 1937 1267 4009">
    <p class='ocr_par' dir='ltr' id='par_1_12' title="bbox 225 1937 1267 3047">
     <span class='ocr_line' id='line_1_13' title="bbox 226 1937 1248 2006; baseline -0.002 -16"><span class='ocrx_word' id='word_1_88' title='bbox 226 1948 252 1990; x_wconf 90' lang='lat' dir='ltr'>et</span> <span class='ocrx_word' id='word_1_89' title='bbox 269 1938 322 2005; x_wconf 89' lang='lat' dir='ltr'>Bb,</span> <span class='ocrx_word' id='word_1_90' title='bbox 350 1956 399 1991; x_wconf 88' lang='lat' dir='ltr'>nec</span> <span class='ocrx_word' id='word_1_91' title='bbox 417 1955 468 1990; x_wconf 90' lang='lat' dir='ltr'>nou</span> <span class='ocrx_word' id='word_1_92' title='bbox 486 1938 543 1990; x_wconf 90' lang='lat' dir='ltr'>edd.</span> <span class='ocrx_word' id='word_1_93' title='bbox 563 1937 732 1990; x_wconf 79' lang='lat' dir='ltr'>blunutiunsm</span> <span class='ocrx_word' id='word_1_94' title='bbox 751 1938 959 1990; x_wconf 76' lang='lat' dir='ltr'>antecedentibus</span> <span class='ocrx_word' id='word_1_95' title='bbox 980 1938 1017 2006; x_wconf 86' lang='lat' dir='ltr'>(in</span> <span class='ocrx_word' id='word_1_96' title='bbox 1038 1939 1077 1990; x_wconf 85' lang='lat' dir='ltr'>Mc</span> <span class='ocrx_word' id='word_1_97' title='bbox 1096 1938 1146 1990; x_wconf 90' lang='lat' dir='ltr'>hoc</span> <span class='ocrx_word' id='word_1_98' title='bbox 1163 1952 1248 1989; x_wconf 82' lang='lat' dir='ltr'>vocu-</span> 
     </span>
     <span class='ocr_line' id='line_1_14' title="bbox 225 2021 1267 2095; baseline -0.007 -17"><span class='ocrx_word' id='word_1_99' title='bbox 225 2026 311 2079; x_wconf 91' lang='lat' dir='ltr'>bulum</span> <span class='ocrx_word' id='word_1_100' title='bbox 331 2025 457 2090; x_wconf 89' lang='lat' dir='ltr'>deletum,</span> <span class='ocrx_word' id='word_1_101' title='bbox 478 2027 503 2076; x_wconf 93' lang='lat' dir='ltr'>in</span> <span class='ocrx_word' id='word_1_102' title='bbox 520 2025 561 2076; x_wconf 81' lang='lat' dir='ltr'>tto</span> <span class='ocrx_word' id='word_1_103' title='bbox 581 2042 595 2076; x_wconf 82' lang='lat' dir='ltr'>u</span> <span class='ocrx_word' id='word_1_104' title='bbox 614 2042 634 2077; x_wconf 91' lang='lat' dir='ltr'>r.</span> <span class='ocrx_word' id='word_1_105' title='bbox 653 2042 685 2077; x_wconf 92' lang='lat' dir='ltr'>m.</span> <span class='ocrx_word' id='word_1_106' title='bbox 704 2027 901 2092; x_wconf 85' lang='lat' dir='ltr'>superscriptum</span> <span class='ocrx_word' id='word_1_107' title='bbox 921 2026 981 2095; x_wconf 86' lang='lat' dir='ltr'>est).</span> <span class='ocrx_word' id='word_1_108' title='bbox 1020 2023 1188 2078; x_wconf 85' lang='lat' dir='ltr'>Consentiunt</span> <span class='ocrx_word' id='word_1_109' title='bbox 1205 2021 1247 2073; x_wconf 85' lang='lat' dir='ltr'>W.</span> <span class='ocrx_word' id='word_1_110' title='bbox 1263 2024 1267 2030; x_wconf 90' lang='lat'>&#39;</span> 
     </span>
     <span class='ocr_line' id='line_1_15' title="bbox 227 2111 1253 2181; baseline -0.006 -17"><span class='ocrx_word' id='word_1_111' title='bbox 227 2123 253 2165; x_wconf 87' lang='lat' dir='ltr'>et</span> <span class='ocrx_word' id='word_1_112' title='bbox 275 2113 332 2165; x_wconf 84' lang='lat' dir='ltr'>Mub</span> <span class='ocrx_word' id='word_1_113' title='bbox 359 2114 386 2163; x_wconf 90' lang='lat' dir='ltr'>iu</span> <span class='ocrx_word' id='word_1_114' title='bbox 409 2112 474 2163; x_wconf 92' lang='lat' dir='ltr'>libro</span> <span class='ocrx_word' id='word_1_115' title='bbox 500 2112 532 2178; x_wconf 86' lang='lat' dir='ltr'>de</span> <span class='ocrx_word' id='word_1_116' title='bbox 558 2112 654 2164; x_wconf 82' lang='lat' dir='ltr'>exhort.</span> <span class='ocrx_word' id='word_1_117' title='bbox 674 2121 775 2179; x_wconf 77' lang='lat' dir='ltr'>martyr.</span> <span class='ocrx_word' id='word_1_118' title='bbox 796 2112 857 2180; x_wconf 83' lang='lat' dir='ltr'>Cup.</span> <span class='ocrx_word' id='word_1_119' title='bbox 876 2111 907 2164; x_wconf 90' lang='lat'>11.</span> <span class='ocrx_word' id='word_1_120' title='bbox 925 2129 949 2181; x_wconf 94' lang='lat' dir='ltr'>p.</span> <span class='ocrx_word' id='word_1_121' title='bbox 969 2113 1028 2166; x_wconf 78' lang='grc'>264.</span> <span class='ocrx_word' id='word_1_122' title='bbox 1064 2111 1149 2162; x_wconf 77' lang='lat' dir='ltr'>Verba</span> <span class='ocrx_word' id='word_1_123' title='bbox 1175 2125 1253 2164; x_wconf 75' lang='lat' dir='ltr'>ortuo.</span> 
     </span>
     <span class='ocr_line' id='line_1_16' title="bbox 229 2193 1249 2270; baseline -0.009 -15"><span class='ocrx_word' id='word_1_124' title='bbox 229 2211 339 2255; x_wconf 75' lang='lat' dir='ltr'>enter.</span> <span class='ocrx_word' id='word_1_125' title='bbox 358 2217 391 2252; x_wconf 91' lang='lat' dir='ltr'>m.</span> <span class='ocrx_word' id='word_1_126' title='bbox 411 2201 476 2250; x_wconf 89' lang='lat' dir='ltr'>iuter</span> <span class='ocrx_word' id='word_1_127' title='bbox 495 2216 561 2251; x_wconf 85' lang='lat' dir='ltr'>vers.</span> <span class='ocrx_word' id='word_1_128' title='bbox 581 2199 658 2251; x_wconf 80' lang='lat' dir='ltr'>habet</span> <span class='ocrx_word' id='word_1_129' title='bbox 675 2199 716 2250; x_wconf 89' lang='lat' dir='ltr'>W.</span> <span class='ocrx_word' id='word_1_130' title='bbox 754 2199 800 2267; x_wconf 84' lang='grc'>16)</span> <span class='ocrx_word' id='word_1_131' title='bbox 819 2199 961 2270; x_wconf 78' lang='lat' dir='ltr'>ditipr&#39;sA.</span> <span class='ocrx_word' id='word_1_132' title='bbox 1000 2200 1046 2265; x_wconf 88' lang='grc'>17)</span> <span class='ocrx_word' id='word_1_133' title='bbox 1064 2198 1101 2250; x_wconf 86' lang='lat' dir='ltr'>ltu</span> <span class='ocrx_word' id='word_1_134' title='bbox 1120 2198 1151 2248; x_wconf 90' lang='lat' dir='ltr'>W</span> <span class='ocrx_word' id='word_1_135' title='bbox 1171 2204 1197 2246; x_wconf 87' lang='lat' dir='ltr'>et</span> <span class='ocrx_word' id='word_1_136' title='bbox 1210 2193 1249 2246; x_wconf 83' lang='lat' dir='ltr'>Ma</span> 
     </span>
     <span class='ocr_line' id='line_1_17' title="bbox 230 2283 1250 2355; baseline -0.005 -15"><span class='ocrx_word' id='word_1_137' title='bbox 230 2305 252 2341; x_wconf 85' lang='lat' dir='ltr'>c.</span> <span class='ocrx_word' id='word_1_138' title='bbox 272 2283 328 2340; x_wconf 85' lang='lat' dir='ltr'>edd.</span> <span class='ocrx_word' id='word_1_139' title='bbox 348 2295 409 2340; x_wconf 86' lang='lat' dir='ltr'>vett.</span> <span class='ocrx_word' id='word_1_140' title='bbox 433 2295 509 2355; x_wconf 82' lang='lat' dir='ltr'>utque</span> <span class='ocrx_word' id='word_1_141' title='bbox 533 2286 630 2339; x_wconf 81' lang='lat' dir='ltr'>Erosm.</span> <span class='ocrx_word' id='word_1_142' title='bbox 656 2285 701 2352; x_wconf 79' lang='lat' dir='ltr'>(ci.</span> <span class='ocrx_word' id='word_1_143' title='bbox 727 2286 759 2336; x_wconf 93' lang='lat' dir='ltr'>de</span> <span class='ocrx_word' id='word_1_144' title='bbox 785 2285 882 2338; x_wconf 81' lang='lat' dir='ltr'>exhort.</span> <span class='ocrx_word' id='word_1_145' title='bbox 902 2295 1004 2352; x_wconf 75' lang='lat' dir='ltr'>martyr.</span> <span class='ocrx_word' id='word_1_146' title='bbox 1024 2286 1040 2336; x_wconf 94' lang='grc'>1.</span> <span class='ocrx_word' id='word_1_147' title='bbox 1062 2285 1111 2352; x_wconf 79' lang='lat' dir='ltr'>o),</span> <span class='ocrx_word' id='word_1_148' title='bbox 1136 2290 1185 2339; x_wconf 76' lang='lat' dir='ltr'>boe</span> <span class='ocrx_word' id='word_1_149' title='bbox 1210 2290 1250 2336; x_wconf 80' lang='lat' dir='ltr'>eet</span> 
     </span>
     <span class='ocr_line' id='line_1_18' title="bbox 229 2373 1250 2442; baseline -0.003 -16"><span class='ocrx_word' id='word_1_150' title='bbox 229 2373 290 2442; x_wconf 85' lang='lat' dir='ltr'>(sed</span> <span class='ocrx_word' id='word_1_151' title='bbox 314 2373 355 2428; x_wconf 82' lang='lat' dir='ltr'>ost</span> <span class='ocrx_word' id='word_1_152' title='bbox 379 2388 445 2425; x_wconf 89' lang='lat' dir='ltr'>corr.</span> <span class='ocrx_word' id='word_1_153' title='bbox 466 2390 497 2424; x_wconf 91' lang='lat' dir='ltr'>m.</span> <span class='ocrx_word' id='word_1_154' title='bbox 516 2375 707 2441; x_wconf 82' lang='lat' dir='ltr'>superscripsit)</span> <span class='ocrx_word' id='word_1_155' title='bbox 731 2377 847 2442; x_wconf 76' lang='lat' dir='ltr'>priorum</span> <span class='ocrx_word' id='word_1_156' title='bbox 871 2383 896 2427; x_wconf 85' lang='lat' dir='ltr'>ot</span> <span class='ocrx_word' id='word_1_157' title='bbox 916 2377 1060 2427; x_wconf 77' lang='lat' dir='ltr'>seeundum</span> <span class='ocrx_word' id='word_1_158' title='bbox 1079 2375 1168 2426; x_wconf 73' lang='lat' dir='ltr'>obsito</span> <span class='ocrx_word' id='word_1_159' title='bbox 1186 2373 1250 2424; x_wconf 74' lang='lat' dir='ltr'>bute</span> 
     </span>
     <span class='ocr_line' id='line_1_19' title="bbox 227 2456 1247 2527; baseline -0.003 -17"><span class='ocrx_word' id='word_1_160' title='bbox 227 2459 269 2510; x_wconf 82' lang='lat' dir='ltr'>bib</span> <span class='ocrx_word' id='word_1_161' title='bbox 288 2469 313 2511; x_wconf 88' lang='lat' dir='ltr'>et</span> <span class='ocrx_word' id='word_1_162' title='bbox 334 2460 463 2527; x_wconf 77' lang='lat' dir='ltr'>exemptor</span> <span class='ocrx_word' id='word_1_163' title='bbox 482 2459 566 2524; x_wconf 74' lang='lat' dir='ltr'>tirum,</span> <span class='ocrx_word' id='word_1_164' title='bbox 584 2464 634 2512; x_wconf 79' lang='lat' dir='ltr'>doe</span> <span class='ocrx_word' id='word_1_165' title='bbox 652 2465 730 2527; x_wconf 77' lang='lat' dir='ltr'>prim.</span> <span class='ocrx_word' id='word_1_166' title='bbox 750 2468 774 2511; x_wconf 87' lang='lat' dir='ltr'>ot</span> <span class='ocrx_word' id='word_1_167' title='bbox 792 2462 898 2512; x_wconf 81' lang='lat' dir='ltr'>eeouud.</span> <span class='ocrx_word' id='word_1_168' title='bbox 917 2462 1005 2512; x_wconf 77' lang='lat' dir='ltr'>simile</span> <span class='ocrx_word' id='word_1_169' title='bbox 1023 2469 1064 2512; x_wconf 83' lang='lat' dir='ltr'>est</span> <span class='ocrx_word' id='word_1_170' title='bbox 1082 2457 1190 2526; x_wconf 59' lang='lat' dir='ltr'>(struite</span> <span class='ocrx_word' id='word_1_171' title='bbox 1198 2456 1247 2522; x_wconf 80' lang='lat' dir='ltr'>Be)</span> 
     </span>
     <span class='ocr_line' id='line_1_20' title="bbox 227 2545 1249 2614; baseline -0.005 -13"><span class='ocrx_word' id='word_1_172' title='bbox 227 2553 290 2601; x_wconf 78' lang='lat' dir='ltr'>deuio</span> <span class='ocrx_word' id='word_1_173' title='bbox 308 2546 360 2612; x_wconf 87' lang='lat' dir='ltr'>Bu,</span> <span class='ocrx_word' id='word_1_174' title='bbox 386 2557 411 2598; x_wconf 90' lang='lat' dir='ltr'>et</span> <span class='ocrx_word' id='word_1_175' title='bbox 429 2547 502 2612; x_wconf 84' lang='lat' dir='ltr'>Mod,</span> <span class='ocrx_word' id='word_1_176' title='bbox 528 2549 588 2598; x_wconf 86' lang='lat' dir='ltr'>item</span> <span class='ocrx_word' id='word_1_177' title='bbox 606 2545 718 2608; x_wconf 78' lang='lat' dir='ltr'>uorem,</span> <span class='ocrx_word' id='word_1_178' title='bbox 745 2549 794 2598; x_wconf 82' lang='lat' dir='ltr'>boo</span> <span class='ocrx_word' id='word_1_179' title='bbox 817 2556 858 2598; x_wconf 84' lang='lat' dir='ltr'>eet</span> <span class='ocrx_word' id='word_1_180' title='bbox 876 2564 918 2614; x_wconf 80' lang='lat' dir='ltr'>pr.</span> <span class='ocrx_word' id='word_1_181' title='bbox 937 2557 961 2598; x_wconf 85' lang='lat' dir='ltr'>ot</span> <span class='ocrx_word' id='word_1_182' title='bbox 979 2550 1106 2600; x_wconf 75' lang='lat' dir='ltr'>seorim.</span> <span class='ocrx_word' id='word_1_183' title='bbox 1128 2555 1168 2598; x_wconf 77' lang='lat' dir='ltr'>est</span> <span class='ocrx_word' id='word_1_184' title='bbox 1187 2547 1249 2598; x_wconf 78' lang='lat' dir='ltr'>truie</span> 
     </span>
     <span class='ocr_line' id='line_1_21' title="bbox 228 2631 1249 2705; baseline 0 -21"><span class='ocrx_word' id='word_1_185' title='bbox 228 2632 277 2698; x_wconf 79' lang='lat' dir='ltr'>bb,</span> <span class='ocrx_word' id='word_1_186' title='bbox 296 2638 344 2688; x_wconf 84' lang='lat' dir='ltr'>boe</span> <span class='ocrx_word' id='word_1_187' title='bbox 362 2645 403 2689; x_wconf 84' lang='lat' dir='ltr'>eet</span> <span class='ocrx_word' id='word_1_188' title='bbox 418 2640 498 2705; x_wconf 66' lang='lat' dir='ltr'>prinu.</span> <span class='ocrx_word' id='word_1_189' title='bbox 511 2638 670 2700; x_wconf 74' lang='lat' dir='ltr'>secundatum,</span> <span class='ocrx_word' id='word_1_190' title='bbox 691 2649 744 2686; x_wconf 82' lang='lat' dir='ltr'>seo.</span> <span class='ocrx_word' id='word_1_191' title='bbox 764 2637 824 2686; x_wconf 83' lang='lat' dir='ltr'>sim.</span> <span class='ocrx_word' id='word_1_192' title='bbox 837 2645 877 2686; x_wconf 80' lang='lat' dir='ltr'>est</span> <span class='ocrx_word' id='word_1_193' title='bbox 891 2637 952 2688; x_wconf 77' lang='lat' dir='ltr'>boio</span> <span class='ocrx_word' id='word_1_194' title='bbox 964 2631 995 2699; x_wconf 87' lang='lat' dir='ltr'>A,</span> <span class='ocrx_word' id='word_1_195' title='bbox 1014 2638 1063 2687; x_wconf 81' lang='lat' dir='ltr'>boo</span> <span class='ocrx_word' id='word_1_196' title='bbox 1076 2644 1115 2686; x_wconf 78' lang='lat' dir='ltr'>eet</span> <span class='ocrx_word' id='word_1_197' title='bbox 1132 2637 1249 2702; x_wconf 77' lang='lat' dir='ltr'>primum</span> 
     </span>
     <span class='ocr_line' id='line_1_22' title="bbox 229 2717 1249 2787; baseline -0.004 -14"><span class='ocrx_word' id='word_1_198' title='bbox 229 2725 400 2774; x_wconf 70' lang='lat' dir='ltr'>matidedum:</span> <span class='ocrx_word' id='word_1_199' title='bbox 430 2731 454 2774; x_wconf 83' lang='lat' dir='ltr'>ot</span> <span class='ocrx_word' id='word_1_200' title='bbox 479 2739 532 2775; x_wconf 75' lang='lat' dir='ltr'>sec.</span> <span class='ocrx_word' id='word_1_201' title='bbox 559 2725 620 2774; x_wconf 82' lang='lat' dir='ltr'>sim.</span> <span class='ocrx_word' id='word_1_202' title='bbox 645 2722 706 2771; x_wconf 78' lang='lat' dir='ltr'>duic</span> <span class='ocrx_word' id='word_1_203' title='bbox 732 2718 792 2769; x_wconf 92' lang='lat' dir='ltr'>edd.</span> <span class='ocrx_word' id='word_1_204' title='bbox 818 2718 910 2770; x_wconf 81' lang='lat' dir='ltr'>dlenut.</span> <span class='ocrx_word' id='word_1_205' title='bbox 933 2719 1027 2771; x_wconf 82' lang='lat' dir='ltr'>Pomei.</span> <span class='ocrx_word' id='word_1_206' title='bbox 1050 2719 1142 2787; x_wconf 81' lang='lat' dir='ltr'>Rigalt.</span> <span class='ocrx_word' id='word_1_207' title='bbox 1169 2717 1249 2769; x_wconf 81' lang='lat' dir='ltr'>Oxou.</span> 
     </span>
     <span class='ocr_line' id='line_1_23' title="bbox 228 2804 1249 2875; baseline -0.002 -18"><span class='ocrx_word' id='word_1_208' title='bbox 228 2804 314 2858; x_wconf 79' lang='lat' dir='ltr'>Belou.</span> <span class='ocrx_word' id='word_1_209' title='bbox 328 2805 418 2859; x_wconf 88' lang='lat' dir='ltr'>Goldh.</span> <span class='ocrx_word' id='word_1_210' title='bbox 450 2806 548 2858; x_wconf 80' lang='lat' dir='ltr'>Verba:</span> <span class='ocrx_word' id='word_1_211' title='bbox 569 2810 625 2858; x_wconf 78' lang='lat' dir='ltr'>iloe</span> <span class='ocrx_word' id='word_1_212' title='bbox 644 2816 685 2860; x_wconf 79' lang='lat' dir='ltr'>est</span> <span class='ocrx_word' id='word_1_213' title='bbox 700 2805 818 2875; x_wconf 63' lang='lat' dir='ltr'>priorum</span> <span class='ocrx_word' id='word_1_214' title='bbox 835 2811 986 2860; x_wconf 81' lang='lat' dir='ltr'>mandatum</span> <span class='ocrx_word' id='word_1_215' title='bbox 1006 2809 1096 2858; x_wconf 84' lang='lat' dir='ltr'>doctus</span> <span class='ocrx_word' id='word_1_216' title='bbox 1115 2806 1160 2858; x_wconf 86' lang='lat' dir='ltr'>ilie</span> <span class='ocrx_word' id='word_1_217' title='bbox 1173 2805 1249 2857; x_wconf 79' lang='lat' dir='ltr'>Italus</span> 
     </span>
     <span class='ocr_line' id='line_1_24' title="bbox 230 2892 1249 2962; baseline -0.001 -18"><span class='ocrx_word' id='word_1_218' title='bbox 230 2893 261 2944; x_wconf 82' lang='lat' dir='ltr'>ad</span> <span class='ocrx_word' id='word_1_219' title='bbox 281 2910 331 2962; x_wconf 86' lang='lat' dir='ltr'>mg.</span> <span class='ocrx_word' id='word_1_220' title='bbox 350 2893 459 2961; x_wconf 79' lang='lat' dir='ltr'>Gotting.</span> <span class='ocrx_word' id='word_1_221' title='bbox 479 2892 629 2959; x_wconf 82' lang='lat' dir='ltr'>exemplaris</span> <span class='ocrx_word' id='word_1_222' title='bbox 649 2893 689 2944; x_wconf 90' lang='lat' dir='ltr'>ed.</span> <span class='ocrx_word' id='word_1_223' title='bbox 704 2892 797 2946; x_wconf 82' lang='lat' dir='ltr'>Menut.</span> <span class='ocrx_word' id='word_1_224' title='bbox 816 2896 871 2946; x_wconf 86' lang='lat' dir='ltr'>sine</span> <span class='ocrx_word' id='word_1_225' title='bbox 890 2894 963 2945; x_wconf 79' lang='lat' dir='ltr'>uilius</span> <span class='ocrx_word' id='word_1_226' title='bbox 982 2893 1080 2946; x_wconf 87' lang='lat' dir='ltr'>codicis</span> <span class='ocrx_word' id='word_1_227' title='bbox 1099 2895 1249 2944; x_wconf 79' lang='lat' dir='ltr'>auctoritnte</span> 
     </span>
     <span class='ocr_line' id='line_1_25' title="bbox 231 2979 1249 3047; baseline 0.002 -17"><span class='ocrx_word' id='word_1_228' title='bbox 231 2979 372 3046; x_wconf 69' lang='lat' dir='ltr'>adposuit*</span> <span class='ocrx_word' id='word_1_229' title='bbox 385 2980 441 3032; x_wconf 82' lang='lat' dir='ltr'>Pari</span> <span class='ocrx_word' id='word_1_230' title='bbox 460 2980 545 3044; x_wconf 90' lang='lat' dir='ltr'>modo,</span> <span class='ocrx_word' id='word_1_231' title='bbox 565 2989 684 3047; x_wconf 84' lang='lat' dir='ltr'>utsupra</span> <span class='ocrx_word' id='word_1_232' title='bbox 703 2981 900 3046; x_wconf 76' lang='lat' dir='ltr'>emendavimus,</span> <span class='ocrx_word' id='word_1_233' title='bbox 919 2981 951 3032; x_wconf 88' lang='lat' dir='ltr'>de</span> <span class='ocrx_word' id='word_1_234' title='bbox 970 2988 1034 3033; x_wconf 82' lang='lat' dir='ltr'>orat.</span> <span class='ocrx_word' id='word_1_235' title='bbox 1054 2981 1171 3032; x_wconf 90' lang='lat' dir='ltr'>dominic.</span> <span class='ocrx_word' id='word_1_236' title='bbox 1191 2980 1206 3031; x_wconf 92' lang='grc'>1.</span> <span class='ocrx_word' id='word_1_237' title='bbox 1227 2997 1249 3032; x_wconf 90' lang='lat' dir='ltr'>c.</span> 
     </span>
    </p>

    <p class='ocr_par' dir='ltr' id='par_1_13' title="bbox 146 3067 1251 3476">
     <span class='ocr_line' id='line_1_26' title="bbox 146 3067 1249 3136; baseline 0.001 -17"><span class='ocrx_word' id='word_1_238' title='bbox 146 3121 148 3124; x_wconf 77' lang='grc'><strong>,</strong></span> <span class='ocrx_word' id='word_1_239' title='bbox 231 3070 350 3134; x_wconf 85' lang='lat' dir='ltr'>scriptum</span> <span class='ocrx_word' id='word_1_240' title='bbox 368 3068 461 3136; x_wconf 82' lang='lat' dir='ltr'>legitur</span> <span class='ocrx_word' id='word_1_241' title='bbox 479 3069 503 3119; x_wconf 92' lang='lat' dir='ltr'>in</span> <span class='ocrx_word' id='word_1_242' title='bbox 528 3067 754 3120; x_wconf 70' lang='lat' dir='ltr'>condunato</span> <span class='ocrx_word' id='word_1_243' title='bbox 779 3077 804 3120; x_wconf 91' lang='lat' dir='ltr'>et</span> <span class='ocrx_word' id='word_1_244' title='bbox 830 3068 874 3121; x_wconf 75' lang='lat' dir='ltr'>tta.</span> <span class='ocrx_word' id='word_1_245' title='bbox 911 3069 941 3120; x_wconf 91' lang='lat' dir='ltr'>H.</span> <span class='ocrx_word' id='word_1_246' title='bbox 962 3069 978 3120; x_wconf 95' lang='grc'>1.</span> <span class='ocrx_word' id='word_1_247' title='bbox 1004 3085 1061 3121; x_wconf 84' lang='lat' dir='ltr'>voc.</span> <span class='ocrx_word' id='word_1_248' title='bbox 1086 3070 1249 3132; x_wconf 73' lang='lat' dir='ltr'>mutulorum,</span> 
     </span>
     <span class='ocr_line' id='line_1_27' title="bbox 232 3155 1251 3225; baseline 0.005 -23"><span class='ocrx_word' id='word_1_249' title='bbox 232 3167 282 3221; x_wconf 87' lang='lat' dir='ltr'>quo</span> <span class='ocrx_word' id='word_1_250' title='bbox 301 3168 365 3218; x_wconf 88' lang='lat' dir='ltr'>opus</span> <span class='ocrx_word' id='word_1_251' title='bbox 380 3168 430 3204; x_wconf 90' lang='lat' dir='ltr'>nou</span> <span class='ocrx_word' id='word_1_252' title='bbox 445 3163 491 3220; x_wconf 88' lang='lat' dir='ltr'>est,</span> <span class='ocrx_word' id='word_1_253' title='bbox 510 3156 605 3221; x_wconf 87' lang='lat' dir='ltr'>primus</span> <span class='ocrx_word' id='word_1_254' title='bbox 617 3171 649 3206; x_wconf 87' lang='lat' dir='ltr'>ex</span> <span class='ocrx_word' id='word_1_255' title='bbox 662 3155 761 3208; x_wconf 84' lang='lat' dir='ltr'>Combr.</span> <span class='ocrx_word' id='word_1_256' title='bbox 774 3155 899 3208; x_wconf 77' lang='lat' dir='ltr'>Pometios</span> <span class='ocrx_word' id='word_1_257' title='bbox 913 3158 1015 3209; x_wconf 83' lang='lat' dir='ltr'>invexit.</span> <span class='ocrx_word' id='word_1_258' title='bbox 1056 3156 1100 3221; x_wconf 86' lang='grc'>18)</span> <span class='ocrx_word' id='word_1_259' title='bbox 1121 3166 1143 3209; x_wconf 84' lang='lat' dir='ltr'>te</span> <span class='ocrx_word' id='word_1_260' title='bbox 1161 3159 1251 3225; x_wconf 76' lang='lat' dir='ltr'>ipsum</span> 
     </span>
     <span class='ocr_line' id='line_1_28' title="bbox 231 3237 1251 3315; baseline 0.002 -25"><span class='ocrx_word' id='word_1_261' title='bbox 231 3237 269 3290; x_wconf 87' lang='lat' dir='ltr'>Ba</span> <span class='ocrx_word' id='word_1_262' title='bbox 287 3249 313 3291; x_wconf 89' lang='lat' dir='ltr'>et</span> <span class='ocrx_word' id='word_1_263' title='bbox 331 3240 362 3315; x_wconf 90' lang='lat' dir='ltr'>A.</span> <span class='ocrx_word' id='word_1_264' title='bbox 400 3240 445 3309; x_wconf 87' lang='grc'>19)</span> <span class='ocrx_word' id='word_1_265' title='bbox 462 3245 595 3296; x_wconf 76' lang='lat' dir='ltr'>rnarrdutis</span> <span class='ocrx_word' id='word_1_266' title='bbox 614 3242 660 3294; x_wconf 83' lang='lat' dir='ltr'>Me.</span> <span class='ocrx_word' id='word_1_267' title='bbox 698 3244 745 3312; x_wconf 86' lang='grc'>20)</span> <span class='ocrx_word' id='word_1_268' title='bbox 764 3249 895 3298; x_wconf 81' lang='lat' dir='ltr'>conclusit</span> <span class='ocrx_word' id='word_1_269' title='bbox 907 3246 937 3295; x_wconf 85' lang='lat' dir='ltr'>A.</span> <span class='ocrx_word' id='word_1_270' title='bbox 974 3243 1021 3312; x_wconf 92' lang='grc'>21)</span> <span class='ocrx_word' id='word_1_271' title='bbox 1040 3247 1101 3312; x_wconf 78' lang='lat' dir='ltr'>puis</span> <span class='ocrx_word' id='word_1_272' title='bbox 1113 3241 1153 3294; x_wconf 89' lang='lat' dir='ltr'>W.</span> <span class='ocrx_word' id='word_1_273' title='bbox 1186 3241 1251 3292; x_wconf 89' lang='lat' dir='ltr'>Dein</span> 
     </span>
     <span class='ocr_line' id='line_1_29' title="bbox 231 3327 1249 3398; baseline 0.005 -23"><span class='ocrx_word' id='word_1_274' title='bbox 231 3340 277 3394; x_wconf 91' lang='lat' dir='ltr'>pro</span> <span class='ocrx_word' id='word_1_275' title='bbox 296 3343 414 3381; x_wconf 76' lang='lat' dir='ltr'>uenarum</span> <span class='ocrx_word' id='word_1_276' title='bbox 434 3344 465 3380; x_wconf 84' lang='lat' dir='ltr'>ex</span> <span class='ocrx_word' id='word_1_277' title='bbox 483 3327 577 3380; x_wconf 76' lang='lat' dir='ltr'>nanus.</span> <span class='ocrx_word' id='word_1_278' title='bbox 597 3331 684 3398; x_wconf 85' lang='lat' dir='ltr'>recepi</span> <span class='ocrx_word' id='word_1_279' title='bbox 708 3349 852 3386; x_wconf 79' lang='lat' dir='ltr'>vaesanus.</span> <span class='ocrx_word' id='word_1_280' title='bbox 888 3329 961 3382; x_wconf 84' lang='lat' dir='ltr'>Conf.</span> <span class='ocrx_word' id='word_1_281' title='bbox 981 3330 1013 3381; x_wconf 82' lang='lat' dir='ltr'>ed</span> <span class='ocrx_word' id='word_1_282' title='bbox 1033 3329 1094 3397; x_wconf 83' lang='lat' dir='ltr'>Cep.</span> <span class='ocrx_word' id='word_1_283' title='bbox 1114 3329 1164 3382; x_wconf 86' lang='lat' dir='ltr'>vtl.</span> <span class='ocrx_word' id='word_1_284' title='bbox 1182 3345 1207 3380; x_wconf 96' lang='lat' dir='ltr'>n.</span> <span class='ocrx_word' id='word_1_285' title='bbox 1228 3331 1249 3380; x_wconf 90' lang='grc'>1.</span> 
     </span>
     <span class='ocr_line' id='line_1_30' title="bbox 233 3411 1129 3476; baseline 0.004 -12"><span class='ocrx_word' id='word_1_286' title='bbox 233 3412 278 3476; x_wconf 88' lang='grc'>22)</span> <span class='ocrx_word' id='word_1_287' title='bbox 298 3411 379 3463; x_wconf 83' lang='lat' dir='ltr'>Deest</span> <span class='ocrx_word' id='word_1_288' title='bbox 397 3413 421 3464; x_wconf 91' lang='lat' dir='ltr'>b.</span> <span class='ocrx_word' id='word_1_289' title='bbox 440 3431 465 3468; x_wconf 84' lang='lat' dir='ltr'>v.</span> <span class='ocrx_word' id='word_1_290' title='bbox 484 3419 509 3466; x_wconf 91' lang='lat' dir='ltr'>io</span> <span class='ocrx_word' id='word_1_291' title='bbox 527 3417 559 3469; x_wconf 89' lang='lat' dir='ltr'>A.</span> <span class='ocrx_word' id='word_1_292' title='bbox 1126 3431 1129 3436; x_wconf 86' lang='lat'>·</span> 
     </span>
    </p>

    <p class='ocr_par' dir='ltr' id='par_1_14' title="bbox 233 3498 1253 4009">
     <span class='ocr_line' id='line_1_31' title="bbox 303 3498 1250 3571; baseline 0.002 -18"><span class='ocrx_word' id='word_1_293' title='bbox 303 3498 366 3553; x_wconf 86' lang='lat' dir='ltr'>XIV.</span> <span class='ocrx_word' id='word_1_294' title='bbox 396 3503 423 3566; x_wconf 94' lang='grc'>1)</span> <span class='ocrx_word' id='word_1_295' title='bbox 443 3507 611 3560; x_wconf 74' lang='lat' dir='ltr'>dilectissimi</span> <span class='ocrx_word' id='word_1_296' title='bbox 631 3506 686 3558; x_wconf 86' lang='lat' dir='ltr'>Ver.</span> <span class='ocrx_word' id='word_1_297' title='bbox 707 3536 739 3546; x_wconf 97' lang='lat'>-</span> <span class='ocrx_word' id='word_1_298' title='bbox 760 3509 942 3571; x_wconf 74' lang='lat' dir='ltr'>„Fidelioeirm&#39;</span> <span class='ocrx_word' id='word_1_299' title='bbox 960 3521 1047 3557; x_wconf 86' lang='lat' dir='ltr'>omnes</span> <span class='ocrx_word' id='word_1_300' title='bbox 1065 3514 1168 3557; x_wconf 83' lang='lat' dir='ltr'>veteres</span> <span class='ocrx_word' id='word_1_301' title='bbox 1193 3504 1250 3556; x_wconf 89' lang='lat' dir='ltr'>edi-</span> 
     </span>
     <span class='ocr_line' id='line_1_32' title="bbox 233 3589 1252 3660; baseline 0.005 -22"><span class='ocrx_word' id='word_1_302' title='bbox 233 3589 332 3652; x_wconf 78' lang='lat' dir='ltr'>tiones,</span> <span class='ocrx_word' id='word_1_303' title='bbox 355 3591 444 3656; x_wconf 77' lang='lat' dir='ltr'>viginti</span> <span class='ocrx_word' id='word_1_304' title='bbox 468 3590 527 3642; x_wconf 90' lang='lat' dir='ltr'>libri</span> <span class='ocrx_word' id='word_1_305' title='bbox 552 3596 631 3644; x_wconf 91' lang='lat' dir='ltr'>nostri</span> <span class='ocrx_word' id='word_1_306' title='bbox 657 3602 684 3644; x_wconf 88' lang='lat' dir='ltr'>et</span> <span class='ocrx_word' id='word_1_307' title='bbox 708 3602 807 3660; x_wconf 87' lang='lat' dir='ltr'>septem</span> <span class='ocrx_word' id='word_1_308' title='bbox 830 3592 972 3660; x_wconf 81' lang='lat' dir='ltr'>Anglicuni.</span> <span class='ocrx_word' id='word_1_309' title='bbox 1014 3592 1143 3644; x_wconf 84' lang='lat' dir='ltr'>Moreilius</span> <span class='ocrx_word' id='word_1_310' title='bbox 1166 3594 1252 3660; x_wconf 86' lang='lat' dir='ltr'>posuit</span> 
     </span>
     <span class='ocr_line' id='line_1_33' title="bbox 234 3675 1251 3747; baseline 0.002 -20"><span class='ocrx_word' id='word_1_311' title='bbox 234 3676 409 3729; x_wconf 78' lang='lat' dir='ltr'>dilectissimi.</span> <span class='ocrx_word' id='word_1_312' title='bbox 441 3675 491 3728; x_wconf 87' lang='lat' dir='ltr'>Sed</span> <span class='ocrx_word' id='word_1_313' title='bbox 505 3677 570 3730; x_wconf 83' lang='lat' dir='ltr'>beno</span> <span class='ocrx_word' id='word_1_314' title='bbox 582 3679 718 3732; x_wconf 85' lang='lat' dir='ltr'>lectionem</span> <span class='ocrx_word' id='word_1_315' title='bbox 732 3697 781 3747; x_wconf 79' lang='lat' dir='ltr'>ego</span> <span class='ocrx_word' id='word_1_316' title='bbox 800 3695 851 3730; x_wconf 92' lang='lat' dir='ltr'>nou</span> <span class='ocrx_word' id='word_1_317' title='bbox 869 3681 954 3731; x_wconf 86' lang='lat' dir='ltr'>inveni</span> <span class='ocrx_word' id='word_1_318' title='bbox 972 3681 1021 3732; x_wconf 89' lang='lat' dir='ltr'>nisi</span> <span class='ocrx_word' id='word_1_319' title='bbox 1040 3683 1065 3731; x_wconf 90' lang='lat' dir='ltr'>in</span> <span class='ocrx_word' id='word_1_320' title='bbox 1084 3680 1164 3733; x_wconf 87' lang='lat' dir='ltr'>tribus</span> <span class='ocrx_word' id='word_1_321' title='bbox 1183 3679 1251 3730; x_wconf 86' lang='lat' dir='ltr'>unti-</span> 
     </span>
     <span class='ocr_line' id='line_1_34' title="bbox 234 3753 1252 3838; baseline 0.007 -28"><span class='ocrx_word' id='word_1_322' title='bbox 234 3761 289 3828; x_wconf 88' lang='lat' dir='ltr'>quis</span> <span class='ocrx_word' id='word_1_323' title='bbox 314 3761 453 3816; x_wconf 87' lang='lat' dir='ltr'>codicibus.</span> <span class='ocrx_word' id='word_1_324' title='bbox 490 3763 524 3815; x_wconf 87' lang='lat' dir='ltr'>Et</span> <span class='ocrx_word' id='word_1_325' title='bbox 549 3772 632 3817; x_wconf 82' lang='lat' dir='ltr'>tumen</span> <span class='ocrx_word' id='word_1_326' title='bbox 652 3765 778 3824; x_wconf 84' lang='lat' dir='ltr'>Pomelius</span> <span class='ocrx_word' id='word_1_327' title='bbox 803 3782 859 3818; x_wconf 84' lang='lat' dir='ltr'>eum</span> <span class='ocrx_word' id='word_1_328' title='bbox 884 3769 999 3832; x_wconf 84' lang='lat' dir='ltr'>retinuit,</span> <span class='ocrx_word' id='word_1_329' title='bbox 1024 3778 1076 3820; x_wconf 90' lang='lat' dir='ltr'>tum</span> <span class='ocrx_word' id='word_1_330' title='bbox 1095 3753 1158 3838; x_wconf 44' lang='lat' dir='ltr'>&#39;quio</span> <span class='ocrx_word' id='word_1_331' title='bbox 1183 3767 1252 3818; x_wconf 87' lang='lat' dir='ltr'>illum</span> 
     </span>
     <span class='ocr_line' id='line_1_35' title="bbox 234 3848 1251 3919; baseline 0.009 -23"><span class='ocrx_word' id='word_1_332' title='bbox 234 3848 330 3898; x_wconf 86' lang='lat' dir='ltr'>invenit</span> <span class='ocrx_word' id='word_1_333' title='bbox 348 3848 374 3899; x_wconf 91' lang='lat' dir='ltr'>in</span> <span class='ocrx_word' id='word_1_334' title='bbox 393 3852 508 3919; x_wconf 76' lang='lat' dir='ltr'>margine</span> <span class='ocrx_word' id='word_1_335' title='bbox 529 3852 656 3916; x_wconf 80' lang='lat' dir='ltr'>editionis,</span> <span class='ocrx_word' id='word_1_336' title='bbox 675 3868 742 3918; x_wconf 82' lang='lat' dir='ltr'>quae</span> <span class='ocrx_word' id='word_1_337' title='bbox 761 3852 852 3905; x_wconf 88' lang='lat' dir='ltr'>dicitur</span> <span class='ocrx_word' id='word_1_338' title='bbox 870 3853 962 3919; x_wconf 80' lang='lat' dir='ltr'>Grovii,</span> <span class='ocrx_word' id='word_1_339' title='bbox 982 3863 1006 3906; x_wconf 90' lang='lat' dir='ltr'>et</span> <span class='ocrx_word' id='word_1_340' title='bbox 1025 3857 1050 3907; x_wconf 93' lang='lat' dir='ltr'>in</span> <span class='ocrx_word' id='word_1_341' title='bbox 1070 3855 1158 3906; x_wconf 86' lang='lat' dir='ltr'>codice</span> <span class='ocrx_word' id='word_1_342' title='bbox 1172 3851 1251 3905; x_wconf 85' lang='lat' dir='ltr'>Gum-</span> 
     </span>
     <span class='ocr_line' id='line_1_36' title="bbox 234 3932 1253 4009; baseline 0.008 -25"><span class='ocrx_word' id='word_1_343' title='bbox 234 3932 386 4002; x_wconf 87' lang='lat' dir='ltr'>beronensi,</span> <span class='ocrx_word' id='word_1_344' title='bbox 413 3945 465 3990; x_wconf 91' lang='lat' dir='ltr'>tum</span> <span class='ocrx_word' id='word_1_345' title='bbox 490 3933 566 3990; x_wconf 82' lang='lat' dir='ltr'>etium</span> <span class='ocrx_word' id='word_1_346' title='bbox 591 3941 649 4006; x_wconf 82' lang='lat' dir='ltr'>quin</span> <span class='ocrx_word' id='word_1_347' title='bbox 673 3953 764 3990; x_wconf 87' lang='lat' dir='ltr'>vocem</span> <span class='ocrx_word' id='word_1_348' title='bbox 787 3944 939 4009; x_wconf 68' lang='lat' dir='ltr'>fidelissimi</span> <span class='ocrx_word' id='word_1_349' title='bbox 962 3942 1116 4008; x_wconf 79' lang='lat' dir='ltr'>incognitum</span> <span class='ocrx_word' id='word_1_350' title='bbox 1142 3955 1200 3994; x_wconf 83' lang='lat' dir='ltr'>esse</span> <span class='ocrx_word' id='word_1_351' title='bbox 1218 3941 1253 3992; x_wconf 82' lang='lat' dir='ltr'>uit</span> 
     </span>
    </p>
   </div>
   <div class='ocr_carea' id='block_1_6' title="bbox 0 0 1450 4700">
    <p class='ocr_par' dir='ltr' id='par_1_15' title="bbox 0 0 1450 4700">
     <span class='ocr_line' id='line_1_37' title="bbox 0 0 1450 4700; baseline 0 0"><span class='ocrx_word' id='word_1_352' title='bbox 0 0 1450 4700; x_wconf 95' lang='lat' dir='ltr'> </span> 
     </span>
    </p>
   </div>
  </div>
 </body>
</html>
