2834 4686
702 301 804 422 Ι280

262 522 347 586 minis
369 525 538 584 coercetur.
577 517 649 582 bate
671 523 751 600 petet
772 519 932 599 patientiae
957 519 1051 582 virtus
1073 526 1104 582 et
1119 519 1243 582 ubertas
1256 515 1283 596 ²)

263 637 327 699 eius
351 640 381 698 et
401 635 523 717 largitas
541 633 580 696 de
595 633 681 696 umus
697 631 816 712 quidem
832 633 959 698 nominis
975 632 1059 696 iunte
1075 633 1282 714 proficiscitur,

262 749 316 813 sed
340 746 561 811 exundantibus
585 747 670 808 venis
693 763 748 828 per
774 745 863 808 multa
891 745 1053 828 gloriarum
1080 747 1187 810 itinera
1219 745 1282 809 dit-

264 862 411 939 lunditun,
445 879 502 924 nec
532 859 681 941 proficere
711 858 821 939 aliquid
851 860 882 920 in
912 859 1026 922 actibus
1049 861 1161 922 nesbis
1183 866 1281 940 potest

262 975 299 1038 ad
323 972 583 1036 consummandam
606 971 741 1049 laudem3
769 973 825 1034 nisi
848 971 917 1034 inde
942 973 1204 1036 consummationis
1226 992 1281 1036 ac·

262 1088 349 1169 cipiet
372 1086 547 1148 firmitatem
592 1083 733 1148 Patientia
758 1091 814 1162 est,
838 1101 916 1165 quae
939 1102 996 1148 nos
1020 1085 1076 1148 deo
1100 1091 1130 1147 et
1142 1081 1171 1160 ³)
1194 1104 1281 1150 cotu-

263 1199 380 1262 mendct
411 1206 440 1262 et
472 1203 590 1274 servat,
621 1199 686 1280 ipsc
712 1205 765 1260 cst
795 1215 873 1278 qune
903 1198 977 1260 iram
1008 1204 1173 1280 temperat,
1205 1218 1282 1279 quac

262 1314 393 1396 linguam
417 1311 531 1389 frenat,
565 1328 642 1393 quae
666 1317 794 1373 mentem
817 1312 983 1392 gubernat,
1012 1329 1115 1393 pacem
1144 1311 1282 1390 custodit,

263 1426 447 1508 disciplinam
470 1425 567 1507 repit,
597 1422 724 1486 libidinis
746 1424 886 1508 impetum
910 1424 1037 1507 trangit,
1064 1425 1190 1488 tumoris
1213 1426 1282 1488 vio-

263 1539 381 1600 lentiam
405 1537 581 1618 comprimit,
604 1536 771 1601 incendium
790 1537 944 1601 simultatis
963 1539 1136 1620 exstinguit,
1161 1544 1283 1600 coercet

263 1651 424 1734 potentiam
454 1649 593 1727 divitum,
625 1651 752 1731 inopiam
775 1667 938 1731 pauperum
962 1648 1098 1727 refovet,
1130 1656 1228 1713 tuetur
1252 1653 1281 1714 in

263 1764 429 1846 virginibus
459 1764 575 1825 beatam
602 1765 818 1846 integritatem,
850 1765 880 1828 in
904 1764 1002 1827 viduis
1025 1764 1203 1828 laboriosam
1227 1785 1282 1828 ca·

264 1878 410 1956 stilatem,
444 1878 473 1938 in
497 1878 663 1940 coniunctis
686 1883 716 1940 et
738 1878 880 1940 maritatis
909 1876 1089 1941 individuam
1113 1879 1280 1956 caritatem;

264 1989 334 2052 facit
354 1992 359 2068 l
379 1991 503 2054 humiles
526 1991 556 2054 iu
578 1990 742 2072 prosperis,
765 1991 795 2052 in
818 1991 953 2054 adversis
977 1990 1083 2069 fortes,
1106 1998 1210 2054 contra
1232 1992 1328 2055 io··t⁵t

264 2105 355 2166 iuriae
390 2110 421 2166 et
453 2105 647 2168 contumelias
682 2106 797 2188 mitesp
825 2104 915 2168 docet
949 2104 1188 2186 delinquentibus
1223 2107 1281 2170 cito

265 2217 444 2298 ignoscere3
483 2217 508 2279 si
542 2215 611 2297 ipse'
642 2215 815 2297 delinquas,
852 2215 900 2278 diu
935 2225 965 2278 et
999 2216 1117 2279 mullum
1151 2235 1281 2299 rogane3

335 2440 365 2508 2)
389 2440 554 2495 libertarit·
578 2450 605 2492 et
623 2442 653 2493 tt.
691 2441 755 2492 [lein
780 2457 812 2495 ae
836 2445 949 2512 turpiter
975 2440 1040 2493 ilbd.
1067 2439 1102 2494 bb
1128 2451 1281 2514 veteresque

266 2528 324 2577 edd.
345 2543 367 2576 c.
383 2527 477 2578 Ernsm.
495 2527 569 2580 Gran.
587 2537 612 2579 et
628 2527 699 2592 llum,
718 2531 829 2597 turpiter
848 2527 895 2580 lle.
932 2528 1001 2580 ldem
1019 2530 1084 2582 liber
1101 2534 1218 2586 bonumir
1236 2547 1281 2599 pro

264 2615 390 2664 acuminis.
434 2610 644 2664 coniunctionem
670 2614 796 2666 adversat.
822 2619 871 2670 red
894 2631 944 2668 om.
970 2617 1011 2667 ed.
1037 2617 1100 2669 Dav.
1140 2617 1202 2670 tem
1228 2636 1280 2672 em·

261 2685 424 2752 'sudatoribus
444 2698 521 2751 habet
535 2699 578 2752 Ba.
616 2700 732 2753 Proxime
749 2706 828 2771 priua
845 2707 973 2772 proficere
991 2703 1083 2772 iegitur
1100 2705 1125 2754 iu
1144 2705 1203 2756 edd.
1221 2713 1281 2756 vett

256 2783 332 2868 'Deio
354 2792 413 2834 ante
432 2790 537 2841 actibus
556 2790 770 2856 praepositionem
789 2805 838 2844 om.
859 2789 893 2839 Bu
913 2798 939 2840 et
957 2790 994 2855 tt,
1012 2799 1071 2858 post
1088 2795 1193 2845 lauden
1211 2808 1231 2843 r.
1250 2807 1281 2843 m.

265 2886 340 2939 snpra
361 2874 480 2941 opposuit
497 2879 557 2928 eiua
576 2877 600 2926 in
621 2875 669 2925 llb.
706 2875 849 2940 Proinde,
873 2877 939 2944 quod
958 2877 983 2929 in
1003 2876 1038 2928 Bu
1059 2879 1141 2942 deest,
1159 2877 1199 2928 ilc
1217 2878 1281 2930 male

266 2958 354 3010 scribit
377 2962 406 3012 in
431 2963 480 3012 dle.
518 2962 575 3013 ttox
598 2967 789 3032 firmamentum
811 2963 871 3016 dant
890 2961 924 3014 Br
944 2973 970 3016 et
990 2966 1017 3015 lt.
1064 2963 1094 3030 3)
1112 2963 1243 3017 omittitur
1260 2975 1283 3018 et

267 3047 289 3097 in
310 3043 362 3098 Bab
383 3054 409 3096 et
427 3047 457 3098 Α.
495 3047 551 3099 ilex
569 3053 686 3119 sollenat
704 3049 807 3101 exhibet
825 3049 875 3101 tte.
912 3049 986 3114 Quod
1009 3052 1123 3119 sequitur
1146 3068 1214 3120 quae
1238 3066 1281 3102 re-

267 3136 324 3201 cepi
349 3151 380 3186 ex
407 3135 481 3186 codd.
503 3135 541 3186 W.
563 3137 644 3188 blnbc.
668 3136 722 3188 Btab
747 3146 772 3190 et
796 3139 833 3202 tt,
863 3137 1010 3206 quibuscum
1036 3140 1198 3190 consentiunt
1223 3138 1282 3189 edd.

195 3252 198 3262 ι
267 3220 339 3272 Grnv.
356 3220 448 3272 Menut.
470 3230 496 3273 et
515 3225 670 3274 recentiores
691 3233 793 3291 praeter
806 3223 891 3276 Belua.
909 3233 935 3276 et
948 3224 1039 3276 Goldh.
1070 3224 1134 3276 Dein
1153 3227 1284 3278 custodiat

266 3321 399 3374 perpetem
425 3305 502 3360 habet
522 3308 566 3359 ssb.
605 3308 630 3360 ln
656 3327 726 3378 seqq.
749 3310 787 3362 lle
812 3312 900 3363 scribit
923 3315 1055 3382 inpetum,
1084 3313 1174 3363 retinui
1199 3318 1282 3362 tameo

266 3399 400 3464 impetum,
419 3411 484 3462 qune
501 3398 623 3462 scriptura
637 3406 755 3448 monente
776 3401 903 3468 ll'apnero
916 3398 949 3451 de
962 3398 1074 3467 ortbopr.
1089 3398 1183 3466 Vergil.
1197 3414 1222 3463 p.
1233 3397 1282 3448 tlt

266 3481 391 3547 reperitur
416 3483 491 3534 etiam
516 3483 541 3532 iu
561 3481 627 3533 Voll.
648 3482 781 3536 Herculeo.
801 3483 827 3535 P.
847 3483 876 3536 ll.
897 3484 945 3536 cul.
970 3487 991 3534 l.
1012 3485 1054 3536 lin.
1073 3484 1099 3536 8.
1135 3483 1202 3536 Dein
1221 3497 1282 3550 per·

267 3584 353 3636 peram
379 3572 483 3621 tintoric
507 3569 537 3619 Α.
582 3567 668 3620 Statim
693 3575 834 3641 conspr-imit
861 3571 927 3636 ttbq.
970 3570 1031 3624 Tum
1057 3574 1212 3640 adpertinet
1237 3584 1283 3637 pro

265 3658 406 3722 peteretium
431 3651 476 3705 lib.
514 3654 613 3706 Verba:
642 3661 669 3707 ln
693 3659 785 3711 viduis
810 3660 971 3712 laboriosam
998 3662 1149 3712 caetitatem
1166 3671 1217 3708 om.
1242 3653 1282 3716 W,

267 3743 327 3791 item
346 3742 492 3806 sequeutia:
513 3744 540 3794 io
559 3744 709 3796 continuatio
725 3773 750 3782 -
768 3747 935 3799 budieidoom
951 3750 1087 3799 ceritatem
1100 3743 1130 3793 Α.
1168 3741 1282 3794 Proxime

267 3826 324 3878 cod.
346 3825 384 3876 inid
406 3835 558 3898 veteresque
578 3829 636 3880 edd.
659 3839 684 3880 et
701 3829 799 3882 blorell.
821 3832 941 3884 exhibent
960 3843 985 3886 et
1002 3837 1029 3886 s'n
1048 3833 1182 3889 aduersis·
1218 3826 1283 3880 ltftt

267 3927 312 3977 pcc
334 3922 357 3963 et
375 3917 485 3968 multum
505 3912 648 3966 lie-scribit
667 3919 835 3985 multumque.
