<?xml version="1.0" encoding="UTF-8"?>
<!DOCTYPE html PUBLIC "-//W3C//DTD XHTML 1.0 Transitional//EN"
    "http://www.w3.org/TR/xhtml1/DTD/xhtml1-transitional.dtd">
<html xmlns="http://www.w3.org/1999/xhtml" xml:lang="en" lang="en">
 <head>
  <title>
</title>
<meta http-equiv="Content-Type" content="text/html;charset=utf-8" />
  <meta name='ocr-system' content='tesseract 3.04.00' />
  <meta name='ocr-capabilities' content='ocr_page ocr_carea ocr_par ocr_line ocrx_word'/>
</head>
<body>
  <div class='ocr_page' id='page_1' title='image "./libridecatholic00krabgoog_0316.png"; bbox 0 0 2904 4692; ppageno 0'>
   <div class='ocr_carea' id='block_1_1' title="bbox 665 651 748 722">
    <p class='ocr_par' dir='ltr' id='par_1_1' title="bbox 665 651 748 722">
     <span class='ocr_line' id='line_1_1' title="bbox 665 651 748 722; baseline -0.072 0"><span class='ocrx_word' id='word_1_1' title='bbox 665 651 748 722; x_wconf 76' lang='lat' dir='ltr'><strong>XXV.</strong></span> 
     </span>
    </p>
   </div>
   <div class='ocr_carea' id='block_1_2' title="bbox 180 793 1291 1904">
    <p class='ocr_par' dir='ltr' id='par_1_2' title="bbox 180 793 1291 1904">
     <span class='ocr_line' id='line_1_2' title="bbox 284 793 1291 870; baseline 0.008 -14"><span class='ocrx_word' id='word_1_2' title='bbox 284 795 524 860; x_wconf 81' lang='lat' dir='ltr'><strong>lucrationibus</strong></span> <span class='ocrx_word' id='word_1_3' title='bbox 547 795 663 870; x_wconf 86' lang='lat' dir='ltr'><strong>rero&#39;)</strong></span> <span class='ocrx_word' id='word_1_4' title='bbox 696 793 884 858; x_wconf 76' lang='lat' dir='ltr'><strong>celebrandis</strong></span> <span class='ocrx_word' id='word_1_5' title='bbox 913 795 1080 860; x_wconf 83' lang='lat' dir='ltr'><strong>invenimus</strong></span> <span class='ocrx_word' id='word_1_6' title='bbox 1104 798 1215 861; x_wconf 87' lang='lat' dir='ltr'><strong>obser·</strong></span> <span class='ocrx_word' id='word_1_7' title='bbox 1283 857 1291 864; x_wconf 78' lang='grc'><strong>.</strong></span> 
     </span>
     <span class='ocr_line' id='line_1_3' title="bbox 198 907 1216 994; baseline 0.001 -22"><span class='ocrx_word' id='word_1_8' title='bbox 198 907 287 972; x_wconf 78' lang='lat' dir='ltr'><strong>va‘sse</strong></span> <span class='ocrx_word' id='word_1_9' title='bbox 309 927 374 972; x_wconf 89' lang='lat' dir='ltr'><strong>curn</strong></span> <span class='ocrx_word' id='word_1_10' title='bbox 398 909 523 972; x_wconf 80' lang='lat' dir='ltr'>Daniele</span> <span class='ocrx_word' id='word_1_11' title='bbox 546 915 608 972; x_wconf 80' lang='lat' dir='ltr'><strong>tres</strong></span> <span class='ocrx_word' id='word_1_12' title='bbox 629 925 742 990; x_wconf 87' lang='lat' dir='ltr'><strong>pueros</strong></span> <span class='ocrx_word' id='word_1_13' title='bbox 766 909 795 970; x_wconf 89' lang='lat' dir='ltr'><strong>in</strong></span> <span class='ocrx_word' id='word_1_14' title='bbox 820 908 877 970; x_wconf 87' lang='lat' dir='ltr'><strong>fide</strong></span> <span class='ocrx_word' id='word_1_15' title='bbox 902 907 1043 972; x_wconf 82' lang='lat' dir='ltr'><strong>sortes-et</strong></span> <span class='ocrx_word' id='word_1_16' title='bbox 1065 911 1093 973; x_wconf 94' lang='lat' dir='ltr'><strong>in</strong></span> <span class='ocrx_word' id='word_1_17' title='bbox 1118 913 1216 994; x_wconf 91' lang='lat' dir='ltr'><strong>capti-</strong></span> 
     </span>
     <span class='ocr_line' id='line_1_4' title="bbox 199 1019 1268 1105; baseline 0.005 -22"><span class='ocrx_word' id='word_1_18' title='bbox 199 1023 287 1084; x_wconf 87' lang='lat' dir='ltr'><strong>vitato</strong></span> <span class='ocrx_word' id='word_1_19' title='bbox 304 1023 434 1084; x_wconf 86' lang='lat' dir='ltr'><strong>victores</strong></span> <span class='ocrx_word' id='word_1_20' title='bbox 454 1022 557 1086; x_wconf 84' lang='lat' dir='ltr'><strong>boram</strong></span> <span class='ocrx_word' id='word_1_21' title='bbox 574 1022 699 1099; x_wconf 88' lang='lat' dir='ltr'><strong>tertiam,</strong></span> <span class='ocrx_word' id='word_1_22' title='bbox 724 1027 848 1100; x_wconf 82' lang='lat' dir='ltr'><strong>sentam,</strong></span> <span class='ocrx_word' id='word_1_23' title='bbox 875 1019 880 1105; x_wconf 81' lang='grc' dir='ltr'>Ι</span> <span class='ocrx_word' id='word_1_24' title='bbox 906 1040 1014 1085; x_wconf 89' lang='lat' dir='ltr'><strong>nouam</strong></span> <span class='ocrx_word' id='word_1_25' title='bbox 1030 1033 1215 1088; x_wconf 87' lang='lat' dir='ltr'><strong>sacramento</strong></span> <span class='ocrx_word' id='word_1_26' title='bbox 1230 1042 1268 1080; x_wconf 77' lang='lat'><strong>2¹⁵</strong></span> 
     </span>
     <span class='ocr_line' id='line_1_5' title="bbox 198 1134 1216 1216; baseline 0.005 -20"><span class='ocrx_word' id='word_1_27' title='bbox 198 1134 311 1196; x_wconf 83' lang='lat' dir='ltr'><strong>scilicet</strong></span> <span class='ocrx_word' id='word_1_28' title='bbox 334 1135 470 1196; x_wconf 71' lang='lat' dir='ltr'><strong>trinitatis</strong></span> <span class='ocrx_word' id='word_1_29' title='bbox 487 1153 565 1215; x_wconf 86' lang='lat' dir='ltr'><strong>quac</strong></span> <span class='ocrx_word' id='word_1_30' title='bbox 588 1135 805 1198; x_wconf 78' lang='lat' dir='ltr'><strong>inmanissimis</strong></span> <span class='ocrx_word' id='word_1_31' title='bbox 828 1137 1010 1216; x_wconf 76' lang='lat' dir='ltr'><strong>temporibus</strong></span> <span class='ocrx_word' id='word_1_32' title='bbox 1028 1137 1216 1202; x_wconf 84' lang='lat' dir='ltr'><strong>manifestari</strong></span> 
     </span>
     <span class='ocr_line' id='line_1_6' title="bbox 180 1246 1216 1328; baseline 0.004 -18"><span class='ocrx_word' id='word_1_33' title='bbox 180 1247 332 1312; x_wconf 79' lang='lat' dir='ltr'><strong>babebat.</strong></span> <span class='ocrx_word' id='word_1_34' title='bbox 379 1248 451 1310; x_wconf 89' lang='lat' dir='ltr'><strong>Nam</strong></span> <span class='ocrx_word' id='word_1_35' title='bbox 476 1255 506 1309; x_wconf 87' lang='lat' dir='ltr'><strong>ct</strong></span> <span class='ocrx_word' id='word_1_36' title='bbox 527 1247 621 1328; x_wconf 90' lang='lat' dir='ltr'><strong>prima</strong></span> <span class='ocrx_word' id='word_1_37' title='bbox 647 1247 721 1310; x_wconf 87' lang='lat' dir='ltr'><strong>bora</strong></span> <span class='ocrx_word' id='word_1_38' title='bbox 752 1248 781 1308; x_wconf 92' lang='lat' dir='ltr'><strong>in</strong></span> <span class='ocrx_word' id='word_1_39' title='bbox 811 1250 926 1310; x_wconf 90' lang='lat' dir='ltr'><strong>tertiam</strong></span> <span class='ocrx_word' id='word_1_40' title='bbox 939 1246 966 1325; x_wconf 52' lang='grc' dir='ltr'><strong>ε1)</strong></span> <span class='ocrx_word' id='word_1_41' title='bbox 990 1251 1114 1313; x_wconf 86' lang='lat' dir='ltr'><strong>venians</strong></span> <span class='ocrx_word' id='word_1_42' title='bbox 1138 1269 1216 1314; x_wconf 88' lang='lat' dir='ltr'><strong>con-</strong></span> 
     </span>
     <span class='ocr_line' id='line_1_7' title="bbox 198 1359 1215 1443; baseline 0.004 -21"><span class='ocrx_word' id='word_1_43' title='bbox 198 1366 373 1423; x_wconf 86' lang='lat' dir='ltr'><strong>summatum</strong></span> <span class='ocrx_word' id='word_1_44' title='bbox 414 1377 567 1429; x_wconf 83' lang='lat' dir='ltr'><strong>numerum</strong></span> <span class='ocrx_word' id='word_1_45' title='bbox 606 1361 743 1424; x_wconf 78' lang='lat' dir='ltr'><strong>trinitatis</strong></span> <span class='ocrx_word' id='word_1_46' title='bbox 779 1359 918 1424; x_wconf 83' lang='lat' dir='ltr'><strong>ostendit.</strong></span> <span class='ocrx_word' id='word_1_47' title='bbox 976 1361 1107 1443; x_wconf 86' lang='lat' dir='ltr'><strong>itemque</strong></span> <span class='ocrx_word' id='word_1_48' title='bbox 1119 1359 1148 1441; x_wconf 83' lang='lat'><strong>³)</strong></span> <span class='ocrx_word' id='word_1_49' title='bbox 1179 1363 1215 1426; x_wconf 91' lang='lat' dir='ltr'><strong>ad</strong></span> 
     </span>
     <span class='ocr_line' id='line_1_8' title="bbox 198 1473 1216 1557; baseline 0.003 -20"><span class='ocrx_word' id='word_1_50' title='bbox 198 1481 312 1538; x_wconf 87' lang='lat' dir='ltr'><strong>sextam</strong></span> <span class='ocrx_word' id='word_1_51' title='bbox 336 1481 439 1556; x_wconf 87' lang='lat' dir='ltr'><strong>quarta</strong></span> <span class='ocrx_word' id='word_1_52' title='bbox 470 1473 639 1557; x_wconf 80' lang='lat' dir='ltr'><strong>procedens</strong></span> <span class='ocrx_word' id='word_1_53' title='bbox 671 1473 800 1538; x_wconf 86' lang='lat' dir='ltr'><strong>declarat</strong></span> <span class='ocrx_word' id='word_1_54' title='bbox 822 1473 943 1536; x_wconf 81' lang='lat' dir='ltr'><strong>altermn</strong></span> <span class='ocrx_word' id='word_1_55' title='bbox 968 1476 1134 1539; x_wconf 75' lang='lat' dir='ltr'><strong>trinitatem.</strong></span> <span class='ocrx_word' id='word_1_56' title='bbox 1180 1477 1216 1540; x_wconf 81' lang='lat' dir='ltr'><strong>Et</strong></span> 
     </span>
     <span class='ocr_line' id='line_1_9' title="bbox 199 1581 1215 1671; baseline 0.002 -20"><span class='ocrx_word' id='word_1_57' title='bbox 199 1587 317 1670; x_wconf 85' lang='lat' dir='ltr'><strong>quondo</strong></span> <span class='ocrx_word' id='word_1_58' title='bbox 349 1607 364 1650; x_wconf 90' lang='lat' dir='ltr'><strong>a</strong></span> <span class='ocrx_word' id='word_1_59' title='bbox 396 1589 520 1671; x_wconf 87' lang='lat' dir='ltr'><strong>scptirna</strong></span> <span class='ocrx_word' id='word_1_60' title='bbox 550 1606 627 1651; x_wconf 91' lang='lat' dir='ltr'><strong>nona</strong></span> <span class='ocrx_word' id='word_1_61' title='bbox 660 1581 873 1670; x_wconf 73' lang='lat' dir='ltr'><strong>coaptetur⁸),</strong></span> <span class='ocrx_word' id='word_1_62' title='bbox 908 1607 964 1670; x_wconf 88' lang='lat' dir='ltr'><strong>per</strong></span> <span class='ocrx_word' id='word_1_63' title='bbox 995 1595 1102 1652; x_wconf 86' lang='lat' dir='ltr'><strong>ternas</strong></span> <span class='ocrx_word' id='word_1_64' title='bbox 1125 1589 1215 1653; x_wconf 88' lang='lat' dir='ltr'><strong>boras</strong></span> 
     </span>
     <span class='ocr_line' id='line_1_10' title="bbox 198 1695 1214 1785; baseline 0.005 -23"><span class='ocrx_word' id='word_1_65' title='bbox 198 1695 312 1764; x_wconf 87' lang='lat' dir='ltr'><strong>trinitas</strong></span> <span class='ocrx_word' id='word_1_66' title='bbox 343 1702 476 1785; x_wconf 89' lang='lat' dir='ltr'><strong>periccta</strong></span> <span class='ocrx_word' id='word_1_67' title='bbox 500 1709 680 1764; x_wconf 87' lang='lat' dir='ltr'><strong>numeratur.</strong></span> <span class='ocrx_word' id='word_1_68' title='bbox 726 1702 809 1775; x_wconf 84' lang='lat' dir='ltr'><strong>Quae</strong></span> <span class='ocrx_word' id='word_1_69' title='bbox 838 1699 976 1764; x_wconf 86' lang='lat' dir='ltr'><strong>horarum</strong></span> <span class='ocrx_word' id='word_1_70' title='bbox 991 1699 1019 1779; x_wconf 69' lang='grc'><strong>5)</strong></span> <span class='ocrx_word' id='word_1_71' title='bbox 1042 1704 1135 1785; x_wconf 88' lang='lat' dir='ltr'><strong>spatia</strong></span> <span class='ocrx_word' id='word_1_72' title='bbox 1158 1705 1214 1768; x_wconf 90' lang='lat' dir='ltr'><strong>iam</strong></span> 
     </span>
     <span class='ocr_line' id='line_1_11' title="bbox 198 1812 1215 1904; baseline 0.003 -27"><span class='ocrx_word' id='word_1_73' title='bbox 198 1814 311 1896; x_wconf 88' lang='lat' dir='ltr'><strong>pridem</strong></span> <span class='ocrx_word' id='word_1_74' title='bbox 344 1817 513 1897; x_wconf 85' lang='lat' dir='ltr'><strong>spiritaliter</strong></span> <span class='ocrx_word' id='word_1_75' title='bbox 545 1815 776 1878; x_wconf 86' lang='lat' dir='ltr'><strong>determinantes</strong></span> <span class='ocrx_word' id='word_1_76' title='bbox 807 1812 983 1878; x_wconf 86' lang='lat' dir='ltr'><strong>adoratores</strong></span> <span class='ocrx_word' id='word_1_77' title='bbox 1008 1813 1056 1878; x_wconf 87' lang='lat' dir='ltr'><strong>dei</strong></span> <span class='ocrx_word' id='word_1_78' title='bbox 1079 1818 1162 1904; x_wconf 86' lang='lat' dir='ltr'><strong>statis</strong></span> <span class='ocrx_word' id='word_1_79' title='bbox 1186 1824 1215 1880; x_wconf 89' lang='lat' dir='ltr'><strong>et</strong></span> 
     </span>
    </p>
   </div>
   <div class='ocr_carea' id='block_1_3' title="bbox 126 2064 1256 4042">
    <p class='ocr_par' dir='ltr' id='par_1_3' title="bbox 194 2064 1214 2650">
     <span class='ocr_line' id='line_1_12' title="bbox 196 2064 1213 2134; baseline 0.003 -17"><span class='ocrx_word' id='word_1_80' title='bbox 196 2065 319 2134; x_wconf 85' lang='lat' dir='ltr'><strong>scriptura</strong></span> <span class='ocrx_word' id='word_1_81' title='bbox 346 2075 372 2118; x_wconf 87' lang='lat' dir='ltr'><strong>at</strong></span> <span class='ocrx_word' id='word_1_82' title='bbox 399 2065 431 2117; x_wconf 88' lang='lat' dir='ltr'><strong>de</strong></span> <span class='ocrx_word' id='word_1_83' title='bbox 458 2064 589 2117; x_wconf 85' lang='lat' dir='ltr'><strong>locutione</strong></span> <span class='ocrx_word' id='word_1_84' title='bbox 614 2068 727 2134; x_wconf 72' lang='lat' dir='ltr'><strong>stipatam</strong></span> <span class='ocrx_word' id='word_1_85' title='bbox 752 2070 891 2131; x_wconf 66' lang='lat' dir='ltr'><strong>sommare</strong></span> <span class='ocrx_word' id='word_1_86' title='bbox 917 2065 967 2116; x_wconf 86' lang='lat' dir='ltr'><strong>vid.</strong></span> <span class='ocrx_word' id='word_1_87' title='bbox 993 2081 1059 2132; x_wconf 83' lang='lat' dir='ltr'><strong>quae</strong></span> <span class='ocrx_word' id='word_1_88' title='bbox 1082 2070 1157 2133; x_wconf 89' lang='lat' dir='ltr'><strong>posui</strong></span> <span class='ocrx_word' id='word_1_89' title='bbox 1181 2070 1213 2121; x_wconf 89' lang='lat' dir='ltr'><strong>ad</strong></span> 
     </span>
     <span class='ocr_line' id='line_1_13' title="bbox 196 2150 1212 2222; baseline 0.002 -18"><span class='ocrx_word' id='word_1_90' title='bbox 196 2153 314 2205; x_wconf 84' lang='lat' dir='ltr'><strong>Nostrum</strong></span> <span class='ocrx_word' id='word_1_91' title='bbox 329 2154 360 2204; x_wconf 84' lang='lat' dir='ltr'><strong>de</strong></span> <span class='ocrx_word' id='word_1_92' title='bbox 373 2153 461 2221; x_wconf 75' lang='lat' dir='ltr'><strong>[apsis</strong></span> <span class='ocrx_word' id='word_1_93' title='bbox 474 2169 530 2220; x_wconf 91' lang='lat' dir='ltr'><strong>cap.</strong></span> <span class='ocrx_word' id='word_1_94' title='bbox 543 2151 651 2204; x_wconf 84' lang='lat' dir='ltr'><strong>xxvut.</strong></span> <span class='ocrx_word' id='word_1_95' title='bbox 665 2167 689 2204; x_wconf 83' lang='lat' dir='ltr'><strong>a.</strong></span> <span class='ocrx_word' id='word_1_96' title='bbox 706 2151 746 2203; x_wconf 86' lang='lat'><strong>12.</strong></span> <span class='ocrx_word' id='word_1_97' title='bbox 760 2159 787 2202; x_wconf 87' lang='lat' dir='ltr'><strong>et</strong></span> <span class='ocrx_word' id='word_1_98' title='bbox 799 2151 831 2204; x_wconf 86' lang='lat' dir='ltr'><strong>de</strong></span> <span class='ocrx_word' id='word_1_99' title='bbox 844 2150 930 2214; x_wconf 83' lang='lat' dir='ltr'><strong>babitu</strong></span> <span class='ocrx_word' id='word_1_100' title='bbox 945 2153 1068 2220; x_wconf 76' lang='lat' dir='ltr'><strong>virgiuum</strong></span> <span class='ocrx_word' id='word_1_101' title='bbox 1081 2169 1136 2222; x_wconf 85' lang='lat' dir='ltr'><strong>esp.</strong></span> <span class='ocrx_word' id='word_1_102' title='bbox 1149 2154 1212 2206; x_wconf 82' lang='lat' dir='ltr'><strong>vot.</strong></span> 
     </span>
     <span class='ocr_line' id='line_1_14' title="bbox 196 2237 1212 2308; baseline 0.004 -18"><span class='ocrx_word' id='word_1_103' title='bbox 196 2257 219 2292; x_wconf 91' lang='lat' dir='ltr'><strong>n.</strong></span> <span class='ocrx_word' id='word_1_104' title='bbox 241 2239 280 2291; x_wconf 88' lang='lat'><strong>12.</strong></span> <span class='ocrx_word' id='word_1_105' title='bbox 318 2238 390 2292; x_wconf 77' lang='lat' dir='ltr'><strong>Comi.</strong></span> <span class='ocrx_word' id='word_1_106' title='bbox 411 2240 443 2290; x_wconf 85' lang='lat' dir='ltr'><strong>de</strong></span> <span class='ocrx_word' id='word_1_107' title='bbox 462 2256 504 2306; x_wconf 90' lang='lat' dir='ltr'><strong>op.</strong></span> <span class='ocrx_word' id='word_1_108' title='bbox 524 2248 550 2289; x_wconf 86' lang='lat' dir='ltr'><strong>et</strong></span> <span class='ocrx_word' id='word_1_109' title='bbox 571 2237 852 2306; x_wconf 75' lang='lat' dir='ltr'><strong>eleemoa.cap.X1V.</strong></span> <span class='ocrx_word' id='word_1_110' title='bbox 873 2239 915 2291; x_wconf 83' lang='lat' dir='ltr'><strong>sn.</strong></span> <span class='ocrx_word' id='word_1_111' title='bbox 939 2247 964 2290; x_wconf 87' lang='lat' dir='ltr'><strong>et</strong></span> <span class='ocrx_word' id='word_1_112' title='bbox 984 2256 1041 2308; x_wconf 89' lang='lat' dir='ltr'><strong>cap.</strong></span> <span class='ocrx_word' id='word_1_113' title='bbox 1061 2239 1114 2290; x_wconf 83' lang='lat' dir='ltr'><strong>XV.</strong></span> <span class='ocrx_word' id='word_1_114' title='bbox 1152 2242 1212 2294; x_wconf 86' lang='lat' dir='ltr'><strong>Turn</strong></span> 
     </span>
     <span class='ocr_line' id='line_1_15' title="bbox 195 2325 1211 2395; baseline -0.001 -15"><span class='ocrx_word' id='word_1_115' title='bbox 195 2330 313 2381; x_wconf 81' lang='lat' dir='ltr'><strong>minimis</strong></span> <span class='ocrx_word' id='word_1_116' title='bbox 333 2331 377 2382; x_wconf 80' lang='lat' dir='ltr'><strong>tais</strong></span> <span class='ocrx_word' id='word_1_117' title='bbox 396 2325 431 2378; x_wconf 72' lang='lat' dir='ltr'><strong>Bt</strong></span> <span class='ocrx_word' id='word_1_118' title='bbox 450 2335 476 2378; x_wconf 88' lang='lat' dir='ltr'><strong>et</strong></span> <span class='ocrx_word' id='word_1_119' title='bbox 495 2326 558 2378; x_wconf 84' lang='lat' dir='ltr'><strong>Mod.</strong></span> <span class='ocrx_word' id='word_1_120' title='bbox 595 2325 621 2377; x_wconf 90' lang='lat' dir='ltr'><strong>in</strong></span> <span class='ocrx_word' id='word_1_121' title='bbox 642 2326 682 2378; x_wconf 87' lang='lat' dir='ltr'><strong>ltib</strong></span> <span class='ocrx_word' id='word_1_122' title='bbox 701 2329 744 2379; x_wconf 81' lang='lat' dir='ltr'><strong>ata</strong></span> <span class='ocrx_word' id='word_1_123' title='bbox 763 2343 778 2376; x_wconf 85' lang='lat' dir='ltr'><strong>a</strong></span> <span class='ocrx_word' id='word_1_124' title='bbox 797 2342 815 2376; x_wconf 91' lang='lat' dir='ltr'><strong>r.</strong></span> <span class='ocrx_word' id='word_1_125' title='bbox 836 2342 868 2377; x_wconf 88' lang='lat' dir='ltr'><strong>ro.</strong></span> <span class='ocrx_word' id='word_1_126' title='bbox 889 2327 1087 2393; x_wconf 86' lang='lat' dir='ltr'><strong>superscriptum</strong></span> <span class='ocrx_word' id='word_1_127' title='bbox 1113 2327 1211 2395; x_wconf 71' lang='lat' dir='ltr'><strong>tegitur.</strong></span> 
     </span>
     <span class='ocr_line' id='line_1_16' title="bbox 195 2411 1212 2480; baseline 0.002 -17"><span class='ocrx_word' id='word_1_128' title='bbox 195 2414 271 2466; x_wconf 86' lang='lat' dir='ltr'><strong>Vocc.</strong></span> <span class='ocrx_word' id='word_1_129' title='bbox 291 2417 338 2468; x_wconf 84' lang='lat' dir='ltr'><strong>dec</strong></span> <span class='ocrx_word' id='word_1_130' title='bbox 358 2418 436 2469; x_wconf 77' lang='lat' dir='ltr'><strong>doram</strong></span> <span class='ocrx_word' id='word_1_131' title='bbox 454 2427 503 2463; x_wconf 85' lang='lat' dir='ltr'><strong>cm.</strong></span> <span class='ocrx_word' id='word_1_132' title='bbox 524 2411 565 2462; x_wconf 85' lang='lat' dir='ltr'><strong>bii.</strong></span> <span class='ocrx_word' id='word_1_133' title='bbox 603 2415 715 2466; x_wconf 73' lang='lat' dir='ltr'><strong>Domino</strong></span> <span class='ocrx_word' id='word_1_134' title='bbox 739 2426 785 2479; x_wconf 88' lang='lat' dir='ltr'><strong>pro</strong></span> <span class='ocrx_word' id='word_1_135' title='bbox 804 2414 850 2465; x_wconf 83' lang='lat' dir='ltr'><strong>deo</strong></span> <span class='ocrx_word' id='word_1_136' title='bbox 868 2419 976 2480; x_wconf 85' lang='lat' dir='ltr'><strong>utroque</strong></span> <span class='ocrx_word' id='word_1_137' title='bbox 994 2411 1052 2464; x_wconf 90' lang='lat' dir='ltr'><strong>loco</strong></span> <span class='ocrx_word' id='word_1_138' title='bbox 1071 2412 1149 2465; x_wconf 88' lang='lat' dir='ltr'><strong>babet</strong></span> <span class='ocrx_word' id='word_1_139' title='bbox 1168 2412 1212 2465; x_wconf 78' lang='lat' dir='ltr'><strong>bb.</strong></span> 
     </span>
     <span class='ocr_line' id='line_1_17' title="bbox 195 2496 1214 2570; baseline 0.003 -19"><span class='ocrx_word' id='word_1_140' title='bbox 195 2499 258 2552; x_wconf 84' lang='lat' dir='ltr'><strong>Dein</strong></span> <span class='ocrx_word' id='word_1_141' title='bbox 277 2503 456 2570; x_wconf 72' lang='lat' dir='ltr'><strong>spiritualiter</strong></span> <span class='ocrx_word' id='word_1_142' title='bbox 476 2529 503 2537; x_wconf 90' lang='lat'>-</span> <span class='ocrx_word' id='word_1_143' title='bbox 526 2502 631 2552; x_wconf 82' lang='lat' dir='ltr'><strong>odorem</strong></span> <span class='ocrx_word' id='word_1_144' title='bbox 649 2500 795 2552; x_wconf 73' lang='lat' dir='ltr'><strong>aduodetie</strong></span> <span class='ocrx_word' id='word_1_145' title='bbox 813 2498 873 2549; x_wconf 87' lang='lat' dir='ltr'><strong>dant</strong></span> <span class='ocrx_word' id='word_1_146' title='bbox 891 2496 926 2548; x_wconf 88' lang='lat' dir='ltr'><strong>Bc</strong></span> <span class='ocrx_word' id='word_1_147' title='bbox 944 2508 970 2551; x_wconf 87' lang='lat' dir='ltr'><strong>at</strong></span> <span class='ocrx_word' id='word_1_148' title='bbox 990 2498 1062 2563; x_wconf 85' lang='lat' dir='ltr'><strong>bicd,</strong></span> <span class='ocrx_word' id='word_1_149' title='bbox 1090 2518 1113 2552; x_wconf 84' lang='lat' dir='ltr'><strong>e.</strong></span> <span class='ocrx_word' id='word_1_150' title='bbox 1134 2504 1214 2554; x_wconf 88' lang='lat' dir='ltr'><strong>odore</strong></span> 
     </span>
     <span class='ocr_line' id='line_1_18' title="bbox 194 2583 690 2650; baseline -0.004 -12"><span class='ocrx_word' id='word_1_151' title='bbox 194 2583 221 2638; x_wconf 85' lang='lat' dir='ltr'><strong>C.</strong></span> <span class='ocrx_word' id='word_1_152' title='bbox 242 2586 282 2638; x_wconf 85' lang='lat' dir='ltr'><strong>W.</strong></span> <span class='ocrx_word' id='word_1_153' title='bbox 303 2587 357 2650; x_wconf 81' lang='lat' dir='ltr'><strong>tta,</strong></span> <span class='ocrx_word' id='word_1_154' title='bbox 378 2605 402 2642; x_wconf 83' lang='lat' dir='ltr'><strong>a.</strong></span> <span class='ocrx_word' id='word_1_155' title='bbox 422 2591 517 2642; x_wconf 86' lang='lat' dir='ltr'><strong>adorea</strong></span> <span class='ocrx_word' id='word_1_156' title='bbox 535 2584 624 2638; x_wconf 82' lang='lat' dir='ltr'><strong>scribit</strong></span> <span class='ocrx_word' id='word_1_157' title='bbox 643 2585 690 2637; x_wconf 83' lang='lat' dir='ltr'><strong>bia.</strong></span> 
     </span>
    </p>

    <p class='ocr_par' dir='ltr' id='par_1_4' title="bbox 193 2672 1255 3695">
     <span class='ocr_line' id='line_1_19' title="bbox 264 2672 1211 2746; baseline 0 -18"><span class='ocrx_word' id='word_1_158' title='bbox 264 2673 337 2728; x_wconf 82' lang='lat' dir='ltr'>XXV.</span> <span class='ocrx_word' id='word_1_159' title='bbox 361 2674 388 2739; x_wconf 90' lang='grc'><strong>1)</strong></span> <span class='ocrx_word' id='word_1_160' title='bbox 407 2692 506 2746; x_wconf 72' lang='lat' dir='ltr'><strong>qaoque</strong></span> <span class='ocrx_word' id='word_1_161' title='bbox 524 2688 570 2742; x_wconf 87' lang='lat' dir='ltr'><strong>pro</strong></span> <span class='ocrx_word' id='word_1_162' title='bbox 589 2691 652 2729; x_wconf 87' lang='lat' dir='ltr'><strong>cero</strong></span> <span class='ocrx_word' id='word_1_163' title='bbox 665 2672 711 2726; x_wconf 81' lang='lat' dir='ltr'><strong>bb.</strong></span> <span class='ocrx_word' id='word_1_164' title='bbox 750 2672 808 2727; x_wconf 81' lang='lat' dir='ltr'><strong>biox</strong></span> <span class='ocrx_word' id='word_1_165' title='bbox 825 2691 886 2730; x_wconf 80' lang='lat' dir='ltr'><strong>cum</strong></span> <span class='ocrx_word' id='word_1_166' title='bbox 899 2678 1025 2729; x_wconf 81' lang='lat' dir='ltr'><strong>ltcnibeta</strong></span> <span class='ocrx_word' id='word_1_167' title='bbox 1037 2674 1069 2724; x_wconf 85' lang='lat' dir='ltr'>W</span> <span class='ocrx_word' id='word_1_168' title='bbox 1088 2679 1114 2742; x_wconf 89' lang='lat' dir='ltr'><strong>(a</strong></span> <span class='ocrx_word' id='word_1_169' title='bbox 1130 2693 1151 2728; x_wconf 89' lang='lat' dir='ltr'><strong>s.</strong></span> <span class='ocrx_word' id='word_1_170' title='bbox 1165 2678 1211 2741; x_wconf 84' lang='lat' dir='ltr'><strong>aa.)</strong></span> 
     </span>
     <span class='ocr_line' id='line_1_20' title="bbox 194 2754 1213 2828; baseline 0.004 -16"><span class='ocrx_word' id='word_1_171' title='bbox 194 2770 218 2812; x_wconf 86' lang='lat' dir='ltr'><strong>et</strong></span> <span class='ocrx_word' id='word_1_172' title='bbox 238 2760 293 2826; x_wconf 84' lang='lat' dir='ltr'><strong>bia,</strong></span> <span class='ocrx_word' id='word_1_173' title='bbox 320 2779 380 2816; x_wconf 82' lang='lat' dir='ltr'><strong>cum</strong></span> <span class='ocrx_word' id='word_1_174' title='bbox 399 2765 528 2816; x_wconf 72' lang='lat' dir='ltr'><strong>[bonitate</strong></span> <span class='ocrx_word' id='word_1_175' title='bbox 553 2777 567 2812; x_wconf 88' lang='lat' dir='ltr'><strong>a</strong></span> <span class='ocrx_word' id='word_1_176' title='bbox 593 2777 625 2812; x_wconf 87' lang='lat' dir='ltr'><strong>m.</strong></span> <span class='ocrx_word' id='word_1_177' title='bbox 645 2776 700 2828; x_wconf 70' lang='lat' dir='ltr'><strong>pr..</strong></span> <span class='ocrx_word' id='word_1_178' title='bbox 730 2776 743 2810; x_wconf 84' lang='lat' dir='ltr'><strong>a</strong></span> <span class='ocrx_word' id='word_1_179' title='bbox 769 2778 820 2814; x_wconf 90' lang='lat' dir='ltr'><strong>sec.</strong></span> <span class='ocrx_word' id='word_1_180' title='bbox 845 2779 904 2815; x_wconf 83' lang='lat' dir='ltr'><strong>com</strong></span> <span class='ocrx_word' id='word_1_181' title='bbox 924 2754 1051 2816; x_wconf 75' lang='lat' dir='ltr'><strong>Denibetc</strong></span> <span class='ocrx_word' id='word_1_182' title='bbox 1067 2760 1124 2824; x_wconf 80' lang='lat' dir='ltr'><strong>bib,</strong></span> <span class='ocrx_word' id='word_1_183' title='bbox 1153 2779 1213 2816; x_wconf 78' lang='lat' dir='ltr'><strong>cum</strong></span> 
     </span>
     <span class='ocr_line' id='line_1_21' title="bbox 194 2843 1213 2922; baseline -0.004 -20"><span class='ocrx_word' id='word_1_184' title='bbox 194 2850 308 2902; x_wconf 74' lang='lat' dir='ltr'><strong>tinnibat</strong></span> <span class='ocrx_word' id='word_1_185' title='bbox 326 2845 361 2896; x_wconf 80' lang='lat' dir='ltr'><strong>Ra</strong></span> <span class='ocrx_word' id='word_1_186' title='bbox 386 2854 412 2896; x_wconf 86' lang='lat' dir='ltr'><strong>et</strong></span> <span class='ocrx_word' id='word_1_187' title='bbox 434 2862 471 2914; x_wconf 86' lang='lat' dir='ltr'><strong>pr.</strong></span> <span class='ocrx_word' id='word_1_188' title='bbox 491 2845 531 2895; x_wconf 86' lang='lat' dir='ltr'><strong>W.</strong></span> <span class='ocrx_word' id='word_1_189' title='bbox 569 2846 634 2897; x_wconf 86' lang='lat' dir='ltr'><strong>Dein</strong></span> <span class='ocrx_word' id='word_1_190' title='bbox 653 2856 677 2898; x_wconf 86' lang='lat' dir='ltr'><strong>et</strong></span> <span class='ocrx_word' id='word_1_191' title='bbox 695 2857 751 2899; x_wconf 78' lang='lat' dir='ltr'><strong>tras</strong></span> <span class='ocrx_word' id='word_1_192' title='bbox 768 2864 867 2914; x_wconf 78' lang='lat' dir='ltr'><strong>puer-oe</strong></span> <span class='ocrx_word' id='word_1_193' title='bbox 886 2843 914 2896; x_wconf 84' lang='lat' dir='ltr'><strong>G.</strong></span> <span class='ocrx_word' id='word_1_194' title='bbox 935 2845 987 2899; x_wconf 84' lang='lat' dir='ltr'><strong>Bbc</strong></span> <span class='ocrx_word' id='word_1_195' title='bbox 1007 2856 1032 2898; x_wconf 86' lang='lat' dir='ltr'><strong>et</strong></span> <span class='ocrx_word' id='word_1_196' title='bbox 1051 2847 1114 2897; x_wconf 86' lang='lat' dir='ltr'><strong>btcd.</strong></span> <span class='ocrx_word' id='word_1_197' title='bbox 1152 2845 1213 2922; x_wconf 69' lang='lat' dir='ltr'><strong>Boot</strong></span> 
     </span>
     <span class='ocr_line' id='line_1_22' title="bbox 193 2929 1211 3002; baseline -0.003 -15"><span class='ocrx_word' id='word_1_198' title='bbox 193 2938 276 3002; x_wconf 72' lang='lat' dir='ltr'><strong>fortes</strong></span> <span class='ocrx_word' id='word_1_199' title='bbox 290 2932 323 2984; x_wconf 81' lang='lat' dir='ltr'><strong>o.</strong></span> <span class='ocrx_word' id='word_1_200' title='bbox 345 2931 379 2983; x_wconf 89' lang='lat' dir='ltr'><strong>Bc</strong></span> <span class='ocrx_word' id='word_1_201' title='bbox 399 2940 425 2983; x_wconf 88' lang='lat' dir='ltr'><strong>et</strong></span> <span class='ocrx_word' id='word_1_202' title='bbox 444 2931 485 2983; x_wconf 86' lang='lat' dir='ltr'><strong>bid</strong></span> <span class='ocrx_word' id='word_1_203' title='bbox 504 2939 567 2999; x_wconf 87' lang='lat' dir='ltr'><strong>part.</strong></span> <span class='ocrx_word' id='word_1_204' title='bbox 587 2941 610 2984; x_wconf 89' lang='lat' dir='ltr'><strong>et</strong></span> <span class='ocrx_word' id='word_1_205' title='bbox 629 2946 679 2983; x_wconf 85' lang='lat' dir='ltr'><strong>ona.</strong></span> <span class='ocrx_word' id='word_1_206' title='bbox 717 2930 766 2983; x_wconf 88' lang='lat' dir='ltr'><strong>Pro</strong></span> <span class='ocrx_word' id='word_1_207' title='bbox 785 2936 901 2986; x_wconf 81' lang='lat' dir='ltr'><strong>victores</strong></span> <span class='ocrx_word' id='word_1_208' title='bbox 920 2929 942 2982; x_wconf 79' lang='grc' dir='ltr'><strong>Α</strong></span> <span class='ocrx_word' id='word_1_209' title='bbox 962 2931 1040 2982; x_wconf 90' lang='lat' dir='ltr'><strong>babet</strong></span> <span class='ocrx_word' id='word_1_210' title='bbox 1062 2936 1211 3000; x_wconf 71' lang='lat' dir='ltr'><strong>pmdmtea.</strong></span> 
     </span>
     <span class='ocr_line' id='line_1_23' title="bbox 194 3015 1212 3084; baseline 0.003 -15"><span class='ocrx_word' id='word_1_211' title='bbox 194 3018 255 3070; x_wconf 87' lang='lat' dir='ltr'><strong>Tum</strong></span> <span class='ocrx_word' id='word_1_212' title='bbox 275 3023 341 3073; x_wconf 83' lang='lat' dir='ltr'><strong>born</strong></span> <span class='ocrx_word' id='word_1_213' title='bbox 360 3022 453 3084; x_wconf 85' lang='lat' dir='ltr'><strong>tertia,</strong></span> <span class='ocrx_word' id='word_1_214' title='bbox 475 3027 580 3071; x_wconf 76' lang='lat' dir='ltr'><strong>aeratam</strong></span> <span class='ocrx_word' id='word_1_215' title='bbox 587 3055 597 3084; x_wconf 86' lang='lat'><em>,</em></span> <span class='ocrx_word' id='word_1_216' title='bbox 617 3033 713 3070; x_wconf 83' lang='lat' dir='ltr'><strong>nonam</strong></span> <span class='ocrx_word' id='word_1_217' title='bbox 732 3015 762 3064; x_wconf 87' lang='lat' dir='ltr'>W</span> <span class='ocrx_word' id='word_1_218' title='bbox 782 3025 807 3067; x_wconf 87' lang='lat' dir='ltr'><strong>at</strong></span> <span class='ocrx_word' id='word_1_219' title='bbox 827 3015 882 3080; x_wconf 86' lang='lat' dir='ltr'><strong>bia,</strong></span> <span class='ocrx_word' id='word_1_220' title='bbox 901 3021 966 3070; x_wconf 81' lang='lat' dir='ltr'><strong>bora</strong></span> <span class='ocrx_word' id='word_1_221' title='bbox 984 3021 1070 3083; x_wconf 84' lang='lat' dir='ltr'><strong>tertio,</strong></span> <span class='ocrx_word' id='word_1_222' title='bbox 1092 3027 1172 3071; x_wconf 72' lang='lat' dir='ltr'><strong>sexte</strong></span> <span class='ocrx_word' id='word_1_223' title='bbox 1189 3029 1212 3072; x_wconf 86' lang='lat' dir='ltr'><strong>et</strong></span> 
     </span>
     <span class='ocr_line' id='line_1_24' title="bbox 193 3099 1212 3167; baseline 0.002 -11"><span class='ocrx_word' id='word_1_224' title='bbox 193 3122 262 3158; x_wconf 81' lang='lat' dir='ltr'><strong>amaa</strong></span> <span class='ocrx_word' id='word_1_225' title='bbox 281 3101 332 3167; x_wconf 74' lang='lat' dir='ltr'><strong>oa,</strong></span> <span class='ocrx_word' id='word_1_226' title='bbox 361 3114 384 3156; x_wconf 84' lang='lat' dir='ltr'><strong>et</strong></span> <span class='ocrx_word' id='word_1_227' title='bbox 409 3120 505 3155; x_wconf 84' lang='lat' dir='ltr'><strong>nonam</strong></span> <span class='ocrx_word' id='word_1_228' title='bbox 529 3099 574 3152; x_wconf 82' lang='lat' dir='ltr'><strong>Bb.</strong></span> <span class='ocrx_word' id='word_1_229' title='bbox 611 3104 813 3156; x_wconf 81' lang='lat' dir='ltr'><strong>Sacramentum</strong></span> <span class='ocrx_word' id='word_1_230' title='bbox 832 3102 889 3153; x_wconf 81' lang='lat' dir='ltr'><strong>Ver.</strong></span> <span class='ocrx_word' id='word_1_231' title='bbox 916 3110 942 3154; x_wconf 91' lang='lat' dir='ltr'><strong>et</strong></span> <span class='ocrx_word' id='word_1_232' title='bbox 966 3101 1017 3166; x_wconf 73' lang='lat' dir='ltr'><strong>ab,</strong></span> <span class='ocrx_word' id='word_1_233' title='bbox 1044 3114 1212 3158; x_wconf 81' lang='lat' dir='ltr'><strong>accremento</strong></span> 
     </span>
     <span class='ocr_line' id='line_1_25' title="bbox 195 3187 1211 3244; baseline 0.001 -4"><span class='ocrx_word' id='word_1_234' title='bbox 195 3189 233 3242; x_wconf 71' lang='lat' dir='ltr'><strong>ne</strong></span> <span class='ocrx_word' id='word_1_235' title='bbox 253 3207 276 3242; x_wconf 88' lang='lat' dir='ltr'><strong>c.</strong></span> <span class='ocrx_word' id='word_1_236' title='bbox 295 3190 350 3240; x_wconf 84' lang='lat' dir='ltr'><strong>Vat.</strong></span> <span class='ocrx_word' id='word_1_237' title='bbox 368 3190 391 3241; x_wconf 81' lang='lat'><strong>2.</strong></span> <span class='ocrx_word' id='word_1_238' title='bbox 430 3187 509 3242; x_wconf 84' lang='lat' dir='ltr'><strong>Deest</strong></span> <span class='ocrx_word' id='word_1_239' title='bbox 527 3191 632 3242; x_wconf 80' lang='lat' dir='ltr'><strong>sciticas</strong></span> <span class='ocrx_word' id='word_1_240' title='bbox 651 3190 674 3240; x_wconf 86' lang='lat' dir='ltr'><strong>iu</strong></span> <span class='ocrx_word' id='word_1_241' title='bbox 694 3187 723 3240; x_wconf 80' lang='grc' dir='ltr'><strong>Λ.</strong></span> <span class='ocrx_word' id='word_1_242' title='bbox 761 3187 789 3241; x_wconf 86' lang='lat' dir='ltr'><strong>tn</strong></span> <span class='ocrx_word' id='word_1_243' title='bbox 807 3188 918 3241; x_wconf 84' lang='lat' dir='ltr'><strong>clausula</strong></span> <span class='ocrx_word' id='word_1_244' title='bbox 936 3193 1027 3244; x_wconf 73' lang='lat' dir='ltr'><strong>batem</strong></span> <span class='ocrx_word' id='word_1_245' title='bbox 1044 3190 1156 3243; x_wconf 87' lang='lat' dir='ltr'><strong>scribunt</strong></span> <span class='ocrx_word' id='word_1_246' title='bbox 1176 3189 1211 3242; x_wconf 79' lang='lat' dir='ltr'><strong>ac</strong></span> 
     </span>
     <span class='ocr_line' id='line_1_26' title="bbox 193 3275 1209 3348; baseline 0.002 -18"><span class='ocrx_word' id='word_1_247' title='bbox 193 3287 218 3330; x_wconf 85' lang='lat' dir='ltr'><strong>et</strong></span> <span class='ocrx_word' id='word_1_248' title='bbox 238 3279 310 3343; x_wconf 85' lang='lat' dir='ltr'><strong>Med,</strong></span> <span class='ocrx_word' id='word_1_249' title='bbox 330 3282 453 3332; x_wconf 79' lang='lat' dir='ltr'><strong>trabebant</strong></span> <span class='ocrx_word' id='word_1_250' title='bbox 471 3276 512 3327; x_wconf 81' lang='lat' dir='ltr'><strong>dic</strong></span> <span class='ocrx_word' id='word_1_251' title='bbox 532 3285 558 3327; x_wconf 87' lang='lat' dir='ltr'><strong>et</strong></span> <span class='ocrx_word' id='word_1_252' title='bbox 576 3275 631 3327; x_wconf 88' lang='lat' dir='ltr'><strong>Vat.</strong></span> <span class='ocrx_word' id='word_1_253' title='bbox 652 3276 675 3326; x_wconf 89' lang='lat'><strong>2.</strong></span> <span class='ocrx_word' id='word_1_254' title='bbox 713 3278 743 3344; x_wconf 81' lang='grc'><strong>2)</strong></span> <span class='ocrx_word' id='word_1_255' title='bbox 760 3282 849 3348; x_wconf 83' lang='lat' dir='ltr'><strong>p‘rimo</strong></span> <span class='ocrx_word' id='word_1_256' title='bbox 866 3282 957 3338; x_wconf 82' lang='lat' dir='ltr'><strong>boram</strong></span> <span class='ocrx_word' id='word_1_257' title='bbox 974 3282 1080 3334; x_wconf 79' lang='lat' dir='ltr'><strong>tertiam</strong></span> <span class='ocrx_word' id='word_1_258' title='bbox 1098 3279 1159 3344; x_wconf 86' lang='lat' dir='ltr'><strong>(sic)</strong></span> <span class='ocrx_word' id='word_1_259' title='bbox 1179 3279 1209 3332; x_wconf 79' lang='grc' dir='ltr'><strong>Δ.</strong></span> 
     </span>
     <span class='ocr_line' id='line_1_27' title="bbox 193 3357 1210 3436; baseline 0.005 -22"><span class='ocrx_word' id='word_1_260' title='bbox 193 3363 362 3420; x_wconf 74' lang='lat' dir='ltr'><strong>inmeantes</strong></span> <span class='ocrx_word' id='word_1_261' title='bbox 382 3363 408 3416; x_wconf 79' lang='lat' dir='ltr'>C</span> <span class='ocrx_word' id='word_1_262' title='bbox 447 3363 475 3426; x_wconf 87' lang='grc'><strong>3)</strong></span> <span class='ocrx_word' id='word_1_263' title='bbox 495 3365 614 3432; x_wconf 75' lang='lat' dir='ltr'><strong>idemque</strong></span> <span class='ocrx_word' id='word_1_264' title='bbox 633 3357 686 3428; x_wconf 85' lang='lat' dir='ltr'><strong>Bb,</strong></span> <span class='ocrx_word' id='word_1_265' title='bbox 714 3368 776 3419; x_wconf 82' lang='lat' dir='ltr'><strong>item</strong></span> <span class='ocrx_word' id='word_1_266' title='bbox 795 3382 861 3436; x_wconf 81' lang='lat' dir='ltr'><strong>quse</strong></span> <span class='ocrx_word' id='word_1_267' title='bbox 879 3362 914 3417; x_wconf 77' lang='lat' dir='ltr'><strong>ba</strong></span> <span class='ocrx_word' id='word_1_268' title='bbox 934 3375 958 3416; x_wconf 88' lang='lat' dir='ltr'><strong>et</strong></span> <span class='ocrx_word' id='word_1_269' title='bbox 977 3381 1014 3434; x_wconf 85' lang='lat' dir='ltr'><strong>pa.</strong></span> <span class='ocrx_word' id='word_1_270' title='bbox 1035 3365 1092 3430; x_wconf 74' lang='lat' dir='ltr'><strong>tab,</strong></span> <span class='ocrx_word' id='word_1_271' title='bbox 1116 3367 1141 3420; x_wconf 85' lang='lat' dir='ltr'><strong>ia</strong></span> <span class='ocrx_word' id='word_1_272' title='bbox 1159 3382 1210 3434; x_wconf 81' lang='lat' dir='ltr'><strong>quo</strong></span> 
     </span>
     <span class='ocr_line' id='line_1_28' title="bbox 194 3449 1211 3523; baseline 0.003 -21"><span class='ocrx_word' id='word_1_273' title='bbox 194 3466 213 3502; x_wconf 87' lang='lat' dir='ltr'><strong>r.</strong></span> <span class='ocrx_word' id='word_1_274' title='bbox 234 3467 266 3503; x_wconf 86' lang='lat' dir='ltr'><strong>m.</strong></span> <span class='ocrx_word' id='word_1_275' title='bbox 286 3451 381 3502; x_wconf 82' lang='lat' dir='ltr'><strong>deterit</strong></span> <span class='ocrx_word' id='word_1_276' title='bbox 400 3469 482 3522; x_wconf 67' lang='lat' dir='ltr'><strong>pum</strong></span> <span class='ocrx_word' id='word_1_277' title='bbox 502 3454 563 3504; x_wconf 84' lang='lat' dir='ltr'><strong>item</strong></span> <span class='ocrx_word' id='word_1_278' title='bbox 581 3449 616 3502; x_wconf 74' lang='lat' dir='ltr'><strong>oe</strong></span> <span class='ocrx_word' id='word_1_279' title='bbox 635 3459 661 3502; x_wconf 89' lang='lat' dir='ltr'><strong>et</strong></span> <span class='ocrx_word' id='word_1_280' title='bbox 681 3451 746 3516; x_wconf 80' lang='lat' dir='ltr'><strong>ded,</strong></span> <span class='ocrx_word' id='word_1_281' title='bbox 765 3454 858 3505; x_wconf 85' lang='lat' dir='ltr'><strong>iterna</strong></span> <span class='ocrx_word' id='word_1_282' title='bbox 879 3467 910 3503; x_wconf 84' lang='lat' dir='ltr'><strong>m.</strong></span> <span class='ocrx_word' id='word_1_283' title='bbox 930 3467 978 3519; x_wconf 77' lang='lat' dir='ltr'><strong>pn,</strong></span> <span class='ocrx_word' id='word_1_284' title='bbox 996 3462 1011 3503; x_wconf 81' lang='lat' dir='ltr'><strong>t</strong></span> <span class='ocrx_word' id='word_1_285' title='bbox 1030 3468 1082 3504; x_wconf 87' lang='lat' dir='ltr'><strong>sec.</strong></span> <span class='ocrx_word' id='word_1_286' title='bbox 1101 3455 1211 3523; x_wconf 74' lang='lat' dir='ltr'><strong>iteratque</strong></span> 
     </span>
     <span class='ocr_line' id='line_1_29' title="bbox 195 3533 1255 3608; baseline 0.001 -19"><span class='ocrx_word' id='word_1_287' title='bbox 195 3537 242 3590; x_wconf 84' lang='lat' dir='ltr'><strong>bie.</strong></span> <span class='ocrx_word' id='word_1_288' title='bbox 282 3539 339 3592; x_wconf 84' lang='lat' dir='ltr'><strong>btox</strong></span> <span class='ocrx_word' id='word_1_289' title='bbox 358 3558 374 3592; x_wconf 82' lang='lat' dir='ltr'><strong>a</strong></span> <span class='ocrx_word' id='word_1_290' title='bbox 393 3546 488 3607; x_wconf 76' lang='lat' dir='ltr'><strong>quarto</strong></span> <span class='ocrx_word' id='word_1_291' title='bbox 507 3535 547 3588; x_wconf 85' lang='lat' dir='ltr'><strong>dib</strong></span> <span class='ocrx_word' id='word_1_292' title='bbox 567 3544 593 3588; x_wconf 82' lang='lat' dir='ltr'><strong>at</strong></span> <span class='ocrx_word' id='word_1_293' title='bbox 611 3533 664 3600; x_wconf 84' lang='lat' dir='ltr'><strong>ee,</strong></span> <span class='ocrx_word' id='word_1_294' title='bbox 686 3547 710 3591; x_wconf 86' lang='lat' dir='ltr'><strong>et</strong></span> <span class='ocrx_word' id='word_1_295' title='bbox 728 3547 847 3608; x_wconf 79' lang='lat' dir='ltr'><strong>quartam</strong></span> <span class='ocrx_word' id='word_1_296' title='bbox 865 3535 908 3588; x_wconf 78' lang='lat' dir='ltr'><strong>aa.</strong></span> <span class='ocrx_word' id='word_1_297' title='bbox 946 3536 1012 3589; x_wconf 82' lang='lat' dir='ltr'><strong>Dein</strong></span> <span class='ocrx_word' id='word_1_298' title='bbox 1027 3539 1209 3608; x_wconf 72' lang='lat' dir='ltr'><strong>precedaaab</strong></span> <span class='ocrx_word' id='word_1_299' title='bbox 1252 3601 1255 3607; x_wconf 29' lang='grc' dir='ltr'>Ι</span> 
     </span>
     <span class='ocr_line' id='line_1_30' title="bbox 194 3617 1209 3695; baseline 0.001 -20"><span class='ocrx_word' id='word_1_300' title='bbox 194 3630 219 3676; x_wconf 87' lang='lat' dir='ltr'><strong>et</strong></span> <span class='ocrx_word' id='word_1_301' title='bbox 238 3637 286 3691; x_wconf 85' lang='lat' dir='ltr'><strong>pao</strong></span> <span class='ocrx_word' id='word_1_302' title='bbox 305 3627 422 3679; x_wconf 73' lang='lat' dir='ltr'><strong>decium</strong></span> <span class='ocrx_word' id='word_1_303' title='bbox 441 3621 477 3674; x_wconf 78' lang='lat' dir='ltr'><strong>Rc</strong></span> <span class='ocrx_word' id='word_1_304' title='bbox 495 3627 522 3674; x_wconf 87' lang='lat' dir='ltr'><strong>et</strong></span> <span class='ocrx_word' id='word_1_305' title='bbox 541 3623 580 3674; x_wconf 83' lang='lat' dir='ltr'><strong>ttd</strong></span> <span class='ocrx_word' id='word_1_306' title='bbox 601 3626 714 3678; x_wconf 80' lang='lat' dir='ltr'><strong>dederat·</strong></span> <span class='ocrx_word' id='word_1_307' title='bbox 751 3617 779 3686; x_wconf 80' lang='grc'><strong>4)</strong></span> <span class='ocrx_word' id='word_1_308' title='bbox 799 3622 834 3674; x_wconf 88' lang='lat' dir='ltr'><strong>tta</strong></span> <span class='ocrx_word' id='word_1_309' title='bbox 854 3619 875 3673; x_wconf 80' lang='lat' dir='ltr'>C</span> <span class='ocrx_word' id='word_1_310' title='bbox 893 3632 919 3675; x_wconf 85' lang='lat' dir='ltr'><strong>et</strong></span> <span class='ocrx_word' id='word_1_311' title='bbox 938 3621 1009 3688; x_wconf 77' lang='lat' dir='ltr'><strong>dec,</strong></span> <span class='ocrx_word' id='word_1_312' title='bbox 1028 3626 1121 3693; x_wconf 80' lang='lat' dir='ltr'><strong>enmpt</strong></span> <span class='ocrx_word' id='word_1_313' title='bbox 1140 3623 1209 3695; x_wconf 69' lang='lat' dir='ltr'><strong>sulp.</strong></span> 
     </span>
    </p>

    <p class='ocr_par' dir='ltr' id='par_1_5' title="bbox 126 3697 1256 4042">
     <span class='ocr_line' id='line_1_31' title="bbox 126 3697 1211 3780; baseline 0.001 -20"><span class='ocrx_word' id='word_1_314' title='bbox 126 3747 128 3756; x_wconf 87' lang='grc'><strong>.</strong></span> <span class='ocrx_word' id='word_1_315' title='bbox 193 3711 222 3778; x_wconf 83' lang='grc'><strong>5)</strong></span> <span class='ocrx_word' id='word_1_316' title='bbox 248 3711 420 3765; x_wconf 75' lang='lat' dir='ltr'><strong>cremantia.</strong></span> <span class='ocrx_word' id='word_1_317' title='bbox 458 3709 519 3762; x_wconf 84' lang='lat' dir='ltr'><strong>Turn</strong></span> <span class='ocrx_word' id='word_1_318' title='bbox 544 3713 639 3780; x_wconf 77' lang='lat' dir='ltr'><strong>speeie</strong></span> <span class='ocrx_word' id='word_1_319' title='bbox 664 3707 718 3761; x_wconf 81' lang='lat' dir='ltr'><strong>Bbc</strong></span> <span class='ocrx_word' id='word_1_320' title='bbox 743 3718 769 3760; x_wconf 81' lang='lat' dir='ltr'><strong>at</strong></span> <span class='ocrx_word' id='word_1_321' title='bbox 788 3711 818 3761; x_wconf 78' lang='grc' dir='ltr'><strong>Α.</strong></span> <span class='ocrx_word' id='word_1_322' title='bbox 856 3707 955 3762; x_wconf 83' lang='lat' dir='ltr'><strong>Deinde</strong></span> <span class='ocrx_word' id='word_1_323' title='bbox 979 3697 1211 3779; x_wconf 60' lang='lat' dir='ltr'><strong>spiritualiter&amp;</strong></span> 
     </span>
     <span class='ocr_line' id='line_1_32' title="bbox 193 3783 1211 3865; baseline 0.003 -17"><span class='ocrx_word' id='word_1_324' title='bbox 193 3783 219 3848; x_wconf 85' lang='lat' dir='ltr'><strong>et</strong></span> <span class='ocrx_word' id='word_1_325' title='bbox 237 3797 285 3849; x_wconf 75' lang='lat' dir='ltr'><strong>ne.</strong></span> <span class='ocrx_word' id='word_1_326' title='bbox 324 3800 503 3853; x_wconf 73' lang='lat' dir='ltr'><strong>determinata</strong></span> <span class='ocrx_word' id='word_1_327' title='bbox 529 3798 630 3864; x_wconf 82' lang='lat' dir='ltr'><strong>scripsit</strong></span> <span class='ocrx_word' id='word_1_328' title='bbox 649 3795 763 3848; x_wconf 84' lang='lat' dir='ltr'><strong>Gravius.</strong></span> <span class='ocrx_word' id='word_1_329' title='bbox 801 3795 903 3863; x_wconf 83' lang='lat' dir='ltr'><strong>Optime</strong></span> <span class='ocrx_word' id='word_1_330' title='bbox 926 3800 1008 3852; x_wconf 78' lang='lat' dir='ltr'><strong>stetis</strong></span> <span class='ocrx_word' id='word_1_331' title='bbox 1030 3813 1076 3865; x_wconf 85' lang='lat' dir='ltr'><strong>pro</strong></span> <span class='ocrx_word' id='word_1_332' title='bbox 1102 3799 1211 3852; x_wconf 72' lang='lat' dir='ltr'><strong>creante</strong></span> 
     </span>
     <span class='ocr_line' id='line_1_33' title="bbox 193 3882 1211 3954; baseline 0.004 -20"><span class='ocrx_word' id='word_1_333' title='bbox 193 3883 271 3936; x_wconf 88' lang='lat' dir='ltr'><strong>babet</strong></span> <span class='ocrx_word' id='word_1_334' title='bbox 285 3882 327 3936; x_wconf 85' lang='lat' dir='ltr'><strong>Ba.</strong></span> <span class='ocrx_word' id='word_1_335' title='bbox 358 3883 415 3935; x_wconf 88' lang='lat' dir='ltr'><strong>Vid.</strong></span> <span class='ocrx_word' id='word_1_336' title='bbox 435 3884 466 3937; x_wconf 86' lang='lat' dir='ltr'><strong>ad</strong></span> <span class='ocrx_word' id='word_1_337' title='bbox 480 3882 573 3936; x_wconf 86' lang='lat' dir='ltr'><strong>Donat.</strong></span> <span class='ocrx_word' id='word_1_338' title='bbox 593 3900 648 3952; x_wconf 85' lang='lat' dir='ltr'><strong>cap.</strong></span> <span class='ocrx_word' id='word_1_339' title='bbox 663 3883 681 3936; x_wconf 89' lang='grc' dir='ltr'><strong>Ι.</strong></span> <span class='ocrx_word' id='word_1_340' title='bbox 700 3899 725 3936; x_wconf 82' lang='lat' dir='ltr'><strong>a.</strong></span> <span class='ocrx_word' id='word_1_341' title='bbox 739 3885 765 3934; x_wconf 77' lang='lat'><strong>2.</strong></span> <span class='ocrx_word' id='word_1_342' title='bbox 785 3883 871 3951; x_wconf 88' lang='lat' dir='ltr'><strong>ibique</strong></span> <span class='ocrx_word' id='word_1_343' title='bbox 884 3886 981 3939; x_wconf 74' lang='lat' dir='ltr'><strong>Ratun.</strong></span> <span class='ocrx_word' id='word_1_344' title='bbox 1012 3882 1102 3954; x_wconf 77' lang='lat' dir='ltr'><strong>Neque</strong></span> <span class='ocrx_word' id='word_1_345' title='bbox 1121 3886 1211 3949; x_wconf 76' lang='lat' dir='ltr'><strong>statis,</strong></span> 
     </span>
     <span class='ocr_line' id='line_1_34' title="bbox 193 3969 1256 4042; baseline 0.004 -22"><span class='ocrx_word' id='word_1_346' title='bbox 193 3987 277 4042; x_wconf 86' lang='lat' dir='ltr'><strong>neque</strong></span> <span class='ocrx_word' id='word_1_347' title='bbox 294 3976 404 4028; x_wconf 80' lang='lat' dir='ltr'><strong>statutis</strong></span> <span class='ocrx_word' id='word_1_348' title='bbox 422 3970 516 4041; x_wconf 74' lang='lat' dir='ltr'><strong>iegitur</strong></span> <span class='ocrx_word' id='word_1_349' title='bbox 536 3973 561 4022; x_wconf 90' lang='lat' dir='ltr'><strong>in</strong></span> <span class='ocrx_word' id='word_1_350' title='bbox 580 3969 614 4024; x_wconf 87' lang='lat' dir='ltr'><strong>Bc</strong></span> <span class='ocrx_word' id='word_1_351' title='bbox 634 3979 660 4025; x_wconf 87' lang='lat' dir='ltr'><strong>ot</strong></span> <span class='ocrx_word' id='word_1_352' title='bbox 679 3969 743 4024; x_wconf 87' lang='lat' dir='ltr'><strong>btcd.</strong></span> <span class='ocrx_word' id='word_1_353' title='bbox 780 3969 860 4026; x_wconf 86' lang='lat' dir='ltr'><strong>tidem</strong></span> <span class='ocrx_word' id='word_1_354' title='bbox 886 3969 943 4021; x_wconf 89' lang='lat' dir='ltr'><strong>iibri</strong></span> <span class='ocrx_word' id='word_1_355' title='bbox 968 3969 1027 4024; x_wconf 85' lang='lat' dir='ltr'><strong>dant</strong></span> <span class='ocrx_word' id='word_1_356' title='bbox 1050 3987 1082 4024; x_wconf 86' lang='lat' dir='ltr'><strong>cc</strong></span> <span class='ocrx_word' id='word_1_357' title='bbox 1106 3981 1153 4039; x_wconf 83' lang='lat' dir='ltr'><strong>pro</strong></span> <span class='ocrx_word' id='word_1_358' title='bbox 1178 3979 1233 4026; x_wconf 86' lang='lat' dir='ltr'><strong>et..</strong></span> <span class='ocrx_word' id='word_1_359' title='bbox 1253 4035 1256 4040; x_wconf 89' lang='lat'><em>.</em></span> 
     </span>
    </p>
   </div>
   <div class='ocr_carea' id='block_1_4' title="bbox 0 0 1456 4692">
    <p class='ocr_par' dir='ltr' id='par_1_6' title="bbox 0 0 1456 4692">
     <span class='ocr_line' id='line_1_35' title="bbox 0 0 1456 4692; baseline 0 1"><span class='ocrx_word' id='word_1_360' title='bbox 0 0 1456 4692; x_wconf 95' lang='lat' dir='ltr'><strong> </strong></span> 
     </span>
    </p>
   </div>
  </div>
 </body>
</html>
