<?xml version="1.0" encoding="UTF-8"?>
<!DOCTYPE html PUBLIC "-//W3C//DTD XHTML 1.0 Transitional//EN"
    "http://www.w3.org/TR/xhtml1/DTD/xhtml1-transitional.dtd">
<html xmlns="http://www.w3.org/1999/xhtml" xml:lang="en" lang="en">
 <head>
  <title>
</title>
<meta http-equiv="Content-Type" content="text/html;charset=utf-8" />
  <meta name='ocr-system' content='tesseract 3.04.00' />
  <meta name='ocr-capabilities' content='ocr_page ocr_carea ocr_par ocr_line ocrx_word'/>
</head>
<body>
  <div class='ocr_page' id='page_1' title='image "./libridecatholic00krabgoog_0232.png"; bbox 0 0 2882 4692; ppageno 0'>
   <div class='ocr_carea' id='block_1_1' title="bbox 633 441 673 506">
    <p class='ocr_par' dir='ltr' id='par_1_1' title="bbox 633 441 673 506">
     <span class='ocr_line' id='line_1_1' title="bbox 633 441 673 506; baseline -0.025 0"><span class='ocrx_word' id='word_1_1' title='bbox 633 441 673 506; x_wconf 77' lang='grc'><strong>17</strong></span> 
     </span>
    </p>
   </div>
   <div class='ocr_carea' id='block_1_2' title="bbox 142 601 1161 1364">
    <p class='ocr_par' dir='ltr' id='par_1_2' title="bbox 142 601 1161 1364">
     <span class='ocr_line' id='line_1_2' title="bbox 142 601 1159 689; baseline 0.004 -25"><span class='ocrx_word' id='word_1_2' title='bbox 142 601 311 665; x_wconf 88' lang='lat' dir='ltr'><strong>ultroneum</strong></span> <span class='ocrx_word' id='word_1_3' title='bbox 329 601 417 665; x_wconf 85' lang='lat' dir='ltr'><strong>funus</strong></span> <span class='ocrx_word' id='word_1_4' title='bbox 434 607 586 677; x_wconf 89' lang='lat' dir='ltr'><strong>ornantur,</strong></span> <span class='ocrx_word' id='word_1_5' title='bbox 606 601 687 663; x_wconf 86' lang='lat' dir='ltr'><strong>ruatis</strong></span> <span class='ocrx_word' id='word_1_6' title='bbox 705 602 767 663; x_wconf 93' lang='lat' dir='ltr'><strong>suis</strong></span> <span class='ocrx_word' id='word_1_7' title='bbox 785 604 884 666; x_wconf 88' lang='lat' dir='ltr'><strong>miseri</strong></span> <span class='ocrx_word' id='word_1_8' title='bbox 901 611 930 668; x_wconf 88' lang='lat' dir='ltr'><strong>et</strong></span> <span class='ocrx_word' id='word_1_9' title='bbox 943 601 970 682; x_wconf 72' lang='grc'><strong>8)</strong></span> <span class='ocrx_word' id='word_1_10' title='bbox 986 605 1159 689; x_wconf 75' lang='lat' dir='ltr'><strong>gloriantur.</strong></span> 
     </span>
     <span class='ocr_line' id='line_1_3' title="bbox 143 707 1160 800; baseline 0.008 -24"><span class='ocrx_word' id='word_1_11' title='bbox 143 715 278 796; x_wconf 78' lang='lat' dir='ltr'>Pugnant</span> <span class='ocrx_word' id='word_1_12' title='bbox 293 714 329 776; x_wconf 86' lang='lat' dir='ltr'><strong>ad</strong></span> <span class='ocrx_word' id='word_1_13' title='bbox 346 715 457 776; x_wconf 87' lang='lat' dir='ltr'><strong>bestias</strong></span> <span class='ocrx_word' id='word_1_14' title='bbox 474 731 532 776; x_wconf 91' lang='lat' dir='ltr'><strong>nou</strong></span> <span class='ocrx_word' id='word_1_15' title='bbox 550 713 673 774; x_wconf 85' lang='lat' dir='ltr'><strong>crimine</strong></span> <span class='ocrx_word' id='word_1_16' title='bbox 685 707 722 791; x_wconf 80' lang='lat'><strong>⁹),</strong></span> <span class='ocrx_word' id='word_1_17' title='bbox 744 716 798 777; x_wconf 87' lang='lat' dir='ltr'><strong>sed</strong></span> <span class='ocrx_word' id='word_1_18' title='bbox 815 715 926 779; x_wconf 87' lang='lat' dir='ltr'><strong>furore.</strong></span> <span class='ocrx_word' id='word_1_19' title='bbox 967 720 1106 800; x_wconf 83' lang='lat' dir='ltr'><strong>Spectant</strong></span> <span class='ocrx_word' id='word_1_20' title='bbox 1122 717 1160 797; x_wconf 78' lang='lat'><strong>¹⁰)</strong></span> 
     </span>
     <span class='ocr_line' id='line_1_4' title="bbox 142 825 1159 913; baseline 0.006 -23"><span class='ocrx_word' id='word_1_21' title='bbox 142 827 219 890; x_wconf 84' lang='lat' dir='ltr'><strong>filios</strong></span> <span class='ocrx_word' id='word_1_22' title='bbox 243 845 314 890; x_wconf 93' lang='lat' dir='ltr'><strong>suos</strong></span> <span class='ocrx_word' id='word_1_23' title='bbox 338 833 447 909; x_wconf 88' lang='lat' dir='ltr'><strong>patres.</strong></span> <span class='ocrx_word' id='word_1_24' title='bbox 493 827 598 888; x_wconf 82' lang='lat' dir='ltr'><strong>Frater</strong></span> <span class='ocrx_word' id='word_1_25' title='bbox 621 829 649 888; x_wconf 92' lang='lat' dir='ltr'><strong>in</strong></span> <span class='ocrx_word' id='word_1_26' title='bbox 674 845 766 889; x_wconf 86' lang='lat' dir='ltr'><strong>cavea</strong></span> <span class='ocrx_word' id='word_1_27' title='bbox 788 825 843 906; x_wconf 87' lang='lat'>¹¹),</span> <span class='ocrx_word' id='word_1_28' title='bbox 875 837 904 890; x_wconf 91' lang='lat' dir='ltr'><strong>et</strong></span> <span class='ocrx_word' id='word_1_29' title='bbox 928 850 1017 895; x_wconf 90' lang='lat' dir='ltr'><strong>soror</strong></span> <span class='ocrx_word' id='word_1_30' title='bbox 1040 841 1159 913; x_wconf 87' lang='lat' dir='ltr'><strong>praesto</strong></span> 
     </span>
     <span class='ocr_line' id='line_1_5' title="bbox 144 939 1160 1028; baseline 0.006 -25"><span class='ocrx_word' id='word_1_31' title='bbox 144 948 198 1003; x_wconf 91' lang='lat' dir='ltr'><strong>est.</strong></span> <span class='ocrx_word' id='word_1_32' title='bbox 237 939 273 1002; x_wconf 87' lang='lat' dir='ltr'><strong>Et</strong></span> <span class='ocrx_word' id='word_1_33' title='bbox 296 939 455 1022; x_wconf 73' lang='lat' dir='ltr'>spectaculi</span> <span class='ocrx_word' id='word_1_34' title='bbox 479 941 548 1003; x_wconf 91' lang='lat' dir='ltr'><strong>licet</strong></span> <span class='ocrx_word' id='word_1_35' title='bbox 571 942 696 1021; x_wconf 90' lang='lat' dir='ltr'><strong>pretium</strong></span> <span class='ocrx_word' id='word_1_36' title='bbox 720 941 832 1023; x_wconf 67' lang='lat' dir='ltr'><strong>largior</strong></span> <span class='ocrx_word' id='word_1_37' title='bbox 857 946 986 1007; x_wconf 90' lang='lat' dir='ltr'><strong>rnuneris</strong></span> <span class='ocrx_word' id='word_1_38' title='bbox 1004 943 1042 1020; x_wconf 73' lang='lat'>&#39;‘2)</span> <span class='ocrx_word' id='word_1_39' title='bbox 1065 966 1160 1028; x_wconf 86' lang='lat' dir='ltr'><strong>appe-</strong></span> 
     </span>
     <span class='ocr_line' id='line_1_6' title="bbox 144 1053 1160 1138; baseline 0.005 -21"><span class='ocrx_word' id='word_1_40' title='bbox 144 1061 225 1117; x_wconf 85' lang='lat' dir='ltr'><strong>ratus</strong></span> <span class='ocrx_word' id='word_1_41' title='bbox 256 1053 429 1134; x_wconf 85' lang='lat' dir='ltr'><strong>amplificet,</strong></span> <span class='ocrx_word' id='word_1_42' title='bbox 464 1060 494 1116; x_wconf 95' lang='lat' dir='ltr'><strong>ut</strong></span> <span class='ocrx_word' id='word_1_43' title='bbox 518 1055 703 1117; x_wconf 84' lang='lat' dir='ltr'><strong>maeroribus</strong></span> <span class='ocrx_word' id='word_1_44' title='bbox 727 1057 789 1118; x_wconf 91' lang='lat' dir='ltr'><strong>suis</strong></span> <span class='ocrx_word' id='word_1_45' title='bbox 813 1064 906 1120; x_wconf 84' lang='lat' dir='ltr'><strong>rneter</strong></span> <span class='ocrx_word' id='word_1_46' title='bbox 929 1058 1061 1136; x_wconf 87' lang='lat' dir='ltr'><strong>intersit,</strong></span> <span class='ocrx_word' id='word_1_47' title='bbox 1093 1059 1160 1138; x_wconf 88' lang='lat' dir='ltr'><strong>boc,</strong></span> 
     </span>
     <span class='ocr_line' id='line_1_7' title="bbox 144 1165 1161 1253; baseline 0.004 -23"><span class='ocrx_word' id='word_1_48' title='bbox 144 1186 199 1250; x_wconf 90' lang='lat' dir='ltr'><strong>pro</strong></span> <span class='ocrx_word' id='word_1_49' title='bbox 224 1167 327 1245; x_wconf 85' lang='lat' dir='ltr'><strong>dolor,</strong></span> <span class='ocrx_word' id='word_1_50' title='bbox 352 1173 446 1228; x_wconf 84' lang='lat' dir='ltr'><strong>mater</strong></span> <span class='ocrx_word' id='word_1_51' title='bbox 471 1173 500 1228; x_wconf 90' lang='lat' dir='ltr'><strong>et</strong></span> <span class='ocrx_word' id='word_1_52' title='bbox 522 1165 656 1242; x_wconf 81' lang='lat' dir='ltr'><strong>redimit,</strong></span> <span class='ocrx_word' id='word_1_53' title='bbox 681 1176 710 1229; x_wconf 91' lang='lat' dir='ltr'><strong>ct</strong></span> <span class='ocrx_word' id='word_1_54' title='bbox 733 1169 760 1230; x_wconf 93' lang='lat' dir='ltr'><strong>in</strong></span> <span class='ocrx_word' id='word_1_55' title='bbox 786 1175 842 1231; x_wconf 86' lang='lat' dir='ltr'><strong>tam</strong></span> <span class='ocrx_word' id='word_1_56' title='bbox 867 1171 961 1252; x_wconf 85' lang='lat' dir='ltr'><strong>impiis</strong></span> <span class='ocrx_word' id='word_1_57' title='bbox 985 1173 1161 1253; x_wconf 75' lang='lat' dir='ltr'><strong>spectaculis</strong></span> 
     </span>
     <span class='ocr_line' id='line_1_8' title="bbox 145 1281 1030 1364; baseline 0.003 -21"><span class='ocrx_word' id='word_1_58' title='bbox 145 1287 263 1363; x_wconf 84' lang='lat' dir='ltr'><strong>temque</strong></span> <span class='ocrx_word' id='word_1_59' title='bbox 286 1281 357 1345; x_wconf 89' lang='lat' dir='ltr'><strong>diris</strong></span> <span class='ocrx_word' id='word_1_60' title='bbox 381 1300 450 1344; x_wconf 89' lang='lat' dir='ltr'><strong>esse</strong></span> <span class='ocrx_word' id='word_1_61' title='bbox 474 1299 508 1343; x_wconf 88' lang='lat' dir='ltr'><strong>se</strong></span> <span class='ocrx_word' id='word_1_62' title='bbox 533 1299 592 1343; x_wconf 90' lang='lat' dir='ltr'><strong>uon</strong></span> <span class='ocrx_word' id='word_1_63' title='bbox 617 1287 718 1362; x_wconf 86' lang='lat' dir='ltr'><strong>putant</strong></span> <span class='ocrx_word' id='word_1_64' title='bbox 741 1283 836 1345; x_wconf 91' lang='lat' dir='ltr'><strong>ocutis</strong></span> <span class='ocrx_word' id='word_1_65' title='bbox 860 1283 1030 1364; x_wconf 81' lang='lat' dir='ltr'><strong>parricidas.</strong></span> 
     </span>
    </p>
   </div>
   <div class='ocr_carea' id='block_1_3' title="bbox 622 1480 683 1550">
    <p class='ocr_par' dir='ltr' id='par_1_3' title="bbox 622 1480 683 1550">
     <span class='ocr_line' id='line_1_9' title="bbox 622 1480 683 1550; baseline -0.066 0"><span class='ocrx_word' id='word_1_66' title='bbox 622 1480 683 1550; x_wconf 72' lang='lat' dir='ltr'><strong>ili.</strong></span> 
     </span>
    </p>
   </div>
   <div class='ocr_carea' id='block_1_4' title="bbox 162 1619 1161 1706">
    <p class='ocr_par' dir='ltr' id='par_1_4' title="bbox 162 1619 1161 1706">
     <span class='ocr_line' id='line_1_10' title="bbox 162 1619 1161 1706; baseline 0.004 -22"><span class='ocrx_word' id='word_1_67' title='bbox 162 1621 164 1625; x_wconf 75' lang='grc'>’</span> <span class='ocrx_word' id='word_1_68' title='bbox 221 1621 382 1702; x_wconf 55' lang='lat' dir='ltr'><strong>¹Converte</strong></span> <span class='ocrx_word' id='word_1_69' title='bbox 413 1623 481 1685; x_wconf 87' lang='lat' dir='ltr'><strong>binc</strong></span> <span class='ocrx_word' id='word_1_70' title='bbox 514 1623 610 1686; x_wconf 88' lang='lat' dir='ltr'><strong>vuitus</strong></span> <span class='ocrx_word' id='word_1_71' title='bbox 629 1621 653 1699; x_wconf 91' lang='lat'><strong>¹)</strong></span> <span class='ocrx_word' id='word_1_72' title='bbox 690 1623 725 1684; x_wconf 84' lang='lat' dir='ltr'><strong>ed</strong></span> <span class='ocrx_word' id='word_1_73' title='bbox 761 1623 871 1686; x_wconf 85' lang='lat' dir='ltr'><strong>diversi</strong></span> <span class='ocrx_word' id='word_1_74' title='bbox 906 1619 1067 1706; x_wconf 81' lang='lat' dir='ltr'><strong>spectaculi</strong></span> <span class='ocrx_word' id='word_1_75' title='bbox 1102 1644 1161 1690; x_wconf 90' lang='lat' dir='ltr'><strong>nou</strong></span> 
     </span>
    </p>
   </div>
   <div class='ocr_carea' id='block_1_5' title="bbox 145 1751 352 1760">
    <p class='ocr_par' dir='ltr' id='par_1_5' title="bbox 145 1751 352 1760">
     <span class='ocr_line' id='line_1_11' title="bbox 145 1751 352 1760; baseline -0.005 -1"><span class='ocrx_word' id='word_1_76' title='bbox 145 1751 352 1760; x_wconf 56' lang='grc' dir='ltr'><em>Ἣ..-</em></span> 
     </span>
    </p>
   </div>
   <div class='ocr_carea' id='block_1_6' title="bbox 142 1803 1166 3087">
    <p class='ocr_par' dir='ltr' id='par_1_6' title="bbox 142 1803 1166 3087">
     <span class='ocr_line' id='line_1_12' title="bbox 216 1803 1162 1872; baseline 0 -16"><span class='ocrx_word' id='word_1_77' title='bbox 216 1803 246 1871; x_wconf 80' lang='grc'><strong>8)</strong></span> <span class='ocrx_word' id='word_1_78' title='bbox 270 1813 293 1857; x_wconf 88' lang='lat' dir='ltr'><strong>et</strong></span> <span class='ocrx_word' id='word_1_79' title='bbox 316 1803 407 1872; x_wconf 85' lang='lat' dir='ltr'><strong>(etiam</strong></span> <span class='ocrx_word' id='word_1_80' title='bbox 430 1803 523 1871; x_wconf 80' lang='lat' dir='ltr'><strong>tegitur</strong></span> <span class='ocrx_word' id='word_1_81' title='bbox 547 1805 571 1854; x_wconf 90' lang='lat' dir='ltr'><strong>in</strong></span> <span class='ocrx_word' id='word_1_82' title='bbox 598 1805 638 1855; x_wconf 90' lang='lat' dir='ltr'><strong>ed.</strong></span> <span class='ocrx_word' id='word_1_83' title='bbox 660 1803 767 1868; x_wconf 77' lang='lat' dir='ltr'><strong>Mureti)</strong></span> <span class='ocrx_word' id='word_1_84' title='bbox 787 1806 873 1872; x_wconf 78' lang='lat' dir='ltr'><strong>recepi</strong></span> <span class='ocrx_word' id='word_1_85' title='bbox 893 1821 925 1858; x_wconf 83' lang='lat' dir='ltr'><strong>ex</strong></span> <span class='ocrx_word' id='word_1_86' title='bbox 943 1805 1016 1858; x_wconf 86' lang='lat' dir='ltr'><strong>codd.</strong></span> <span class='ocrx_word' id='word_1_87' title='bbox 1036 1805 1076 1858; x_wconf 88' lang='lat' dir='ltr'><strong>W.</strong></span> <span class='ocrx_word' id='word_1_88' title='bbox 1097 1805 1162 1858; x_wconf 77' lang='lat' dir='ltr'><strong>ttatr.</strong></span> 
     </span>
     <span class='ocr_line' id='line_1_13' title="bbox 146 1871 1162 1959; baseline 0.001 -16"><span class='ocrx_word' id='word_1_89' title='bbox 146 1889 206 1943; x_wconf 85' lang='lat' dir='ltr'><strong>Bab.</strong></span> <span class='ocrx_word' id='word_1_90' title='bbox 228 1889 264 1955; x_wconf 84' lang='lat' dir='ltr'><strong>tt,</strong></span> <span class='ocrx_word' id='word_1_91' title='bbox 293 1889 440 1958; x_wconf 83' lang='lat' dir='ltr'><strong>quibuscum</strong></span> <span class='ocrx_word' id='word_1_92' title='bbox 465 1887 525 1940; x_wconf 82' lang='lat' dir='ltr'><strong>iacit</strong></span> <span class='ocrx_word' id='word_1_93' title='bbox 545 1889 585 1940; x_wconf 80' lang='lat' dir='ltr'><strong>ed&#39;.</strong></span> <span class='ocrx_word' id='word_1_94' title='bbox 607 1871 671 1941; x_wconf 70' lang='lat' dir='ltr'><strong>Der.</strong></span> <span class='ocrx_word' id='word_1_95' title='bbox 709 1889 765 1941; x_wconf 89' lang='lat' dir='ltr'><strong>Vid.</strong></span> <span class='ocrx_word' id='word_1_96' title='bbox 784 1905 860 1958; x_wconf 84' lang='lat' dir='ltr'><strong>supra</strong></span> <span class='ocrx_word' id='word_1_97' title='bbox 880 1891 911 1942; x_wconf 84' lang='lat' dir='ltr'><strong>ed</strong></span> <span class='ocrx_word' id='word_1_98' title='bbox 931 1907 985 1959; x_wconf 85' lang='lat' dir='ltr'><strong>cap.</strong></span> <span class='ocrx_word' id='word_1_99' title='bbox 1005 1890 1046 1943; x_wconf 85' lang='grc' dir='ltr'><strong>ΙΙΙ.</strong></span> <span class='ocrx_word' id='word_1_100' title='bbox 1067 1899 1118 1944; x_wconf 83' lang='lat' dir='ltr'><strong>not.</strong></span> <span class='ocrx_word' id='word_1_101' title='bbox 1138 1893 1162 1945; x_wconf 90' lang='lat'><strong>1.</strong></span> 
     </span>
     <span class='ocr_line' id='line_1_14' title="bbox 146 1976 1164 2046; baseline 0.005 -16"><span class='ocrx_word' id='word_1_102' title='bbox 146 1978 359 2046; x_wconf 72' lang='lat' dir='ltr'><strong>structurae,</strong></span> <span class='ocrx_word' id='word_1_103' title='bbox 384 1981 480 2032; x_wconf 81' lang='lat' dir='ltr'><strong>tertiae</strong></span> <span class='ocrx_word' id='word_1_104' title='bbox 498 1995 551 2032; x_wconf 80' lang='lat' dir='ltr'><strong>aron</strong></span> <span class='ocrx_word' id='word_1_105' title='bbox 568 1980 672 2031; x_wconf 69' lang='lat' dir='ltr'><strong>sacunino</strong></span> <span class='ocrx_word' id='word_1_106' title='bbox 690 1976 746 2026; x_wconf 82' lang='lat' dir='ltr'><strong>Vnt.</strong></span> <span class='ocrx_word' id='word_1_107' title='bbox 771 1978 791 2027; x_wconf 83' lang='lat' dir='ltr'><strong>t.</strong></span> <span class='ocrx_word' id='word_1_108' title='bbox 813 1986 838 2028; x_wconf 88' lang='lat' dir='ltr'><strong>et</strong></span> <span class='ocrx_word' id='word_1_109' title='bbox 858 1978 894 2042; x_wconf 79' lang='lat' dir='ltr'><strong>tt,</strong></span> <span class='ocrx_word' id='word_1_110' title='bbox 920 1996 972 2032; x_wconf 86' lang='lat' dir='ltr'><strong>non</strong></span> <span class='ocrx_word' id='word_1_111' title='bbox 989 1983 1096 2046; x_wconf 64' lang='lat' dir='ltr'><strong>florere,</strong></span> <span class='ocrx_word' id='word_1_112' title='bbox 1116 1985 1164 2035; x_wconf 79' lang='lat' dir='ltr'><strong>rod</strong></span> 
     </span>
     <span class='ocr_line' id='line_1_15' title="bbox 145 2061 1163 2135; baseline -0.001 -16"><span class='ocrx_word' id='word_1_113' title='bbox 145 2067 256 2119; x_wconf 81' lang='lat' dir='ltr'><strong>crimine</strong></span> <span class='ocrx_word' id='word_1_114' title='bbox 275 2062 323 2116; x_wconf 85' lang='lat' dir='ltr'><strong>bib.</strong></span> <span class='ocrx_word' id='word_1_115' title='bbox 356 2061 475 2133; x_wconf 73' lang='lat' dir='ltr'><strong>Respexit</strong></span> <span class='ocrx_word' id='word_1_116' title='bbox 493 2063 559 2115; x_wconf 86' lang='lat' dir='ltr'><strong>bunc</strong></span> <span class='ocrx_word' id='word_1_117' title='bbox 578 2063 661 2116; x_wconf 85' lang='lat' dir='ltr'><strong>iocum</strong></span> <span class='ocrx_word' id='word_1_118' title='bbox 681 2065 974 2135; x_wconf 77' lang='lat' dir='ltr'><strong>Pseudo-Aupurtinus</strong></span> <span class='ocrx_word' id='word_1_119' title='bbox 994 2064 1026 2116; x_wconf 87' lang='lat' dir='ltr'><strong>de</strong></span> <span class='ocrx_word' id='word_1_120' title='bbox 1045 2066 1163 2134; x_wconf 79' lang='lat' dir='ltr'><strong>symbolo</strong></span> 
     </span>
     <span class='ocr_line' id='line_1_16' title="bbox 143 2135 1164 2219; baseline 0.001 -17"><span class='ocrx_word' id='word_1_121' title='bbox 143 2151 175 2204; x_wconf 83' lang='lat' dir='ltr'><strong>ed</strong></span> <span class='ocrx_word' id='word_1_122' title='bbox 195 2150 398 2204; x_wconf 70' lang='lat' dir='ltr'><strong>catechumenos</strong></span> <span class='ocrx_word' id='word_1_123' title='bbox 418 2135 473 2219; x_wconf 84' lang='lat' dir='ltr'><strong>cap.</strong></span> <span class='ocrx_word' id='word_1_124' title='bbox 493 2150 523 2202; x_wconf 90' lang='grc' dir='ltr'><strong>ΙΙ,</strong></span> <span class='ocrx_word' id='word_1_125' title='bbox 544 2154 568 2217; x_wconf 86' lang='lat'><strong>§.</strong></span> <span class='ocrx_word' id='word_1_126' title='bbox 589 2151 614 2201; x_wconf 87' lang='grc'><strong>5.</strong></span> <span class='ocrx_word' id='word_1_127' title='bbox 632 2148 658 2201; x_wconf 86' lang='grc' dir='ltr'><strong>Τ.</strong></span> <span class='ocrx_word' id='word_1_128' title='bbox 681 2149 720 2201; x_wconf 85' lang='lat' dir='ltr'><strong>vt.</strong></span> <span class='ocrx_word' id='word_1_129' title='bbox 747 2167 771 2218; x_wconf 81' lang='lat' dir='ltr'><strong>p.</strong></span> <span class='ocrx_word' id='word_1_130' title='bbox 791 2151 850 2203; x_wconf 81' lang='lat'><strong>557.</strong></span> <span class='ocrx_word' id='word_1_131' title='bbox 870 2151 898 2204; x_wconf 82' lang='lat' dir='ltr'><strong>F.</strong></span> <span class='ocrx_word' id='word_1_132' title='bbox 945 2153 989 2215; x_wconf 84' lang='grc'><strong>10)</strong></span> <span class='ocrx_word' id='word_1_133' title='bbox 1015 2155 1164 2217; x_wconf 70' lang='lat' dir='ltr'><strong>Expectant</strong></span> 
     </span>
     <span class='ocr_line' id='line_1_17' title="bbox 142 2237 1164 2308; baseline 0.002 -18"><span class='ocrx_word' id='word_1_134' title='bbox 142 2241 329 2307; x_wconf 85' lang='lat' dir='ltr'><strong>permutatione</strong></span> <span class='ocrx_word' id='word_1_135' title='bbox 348 2238 482 2308; x_wconf 76' lang='lat' dir='ltr'><strong>frequente</strong></span> <span class='ocrx_word' id='word_1_136' title='bbox 503 2237 548 2290; x_wconf 87' lang='lat' dir='ltr'><strong>Bb.</strong></span> <span class='ocrx_word' id='word_1_137' title='bbox 602 2240 642 2299; x_wconf 83' lang='lat' dir='ltr'><strong>tt)</strong></span> <span class='ocrx_word' id='word_1_138' title='bbox 662 2242 690 2292; x_wconf 86' lang='lat' dir='ltr'><strong>ia</strong></span> <span class='ocrx_word' id='word_1_139' title='bbox 709 2249 800 2293; x_wconf 83' lang='lat' dir='ltr'><strong>cateno</strong></span> <span class='ocrx_word' id='word_1_140' title='bbox 820 2238 865 2290; x_wconf 81' lang='lat' dir='ltr'><strong>eo.</strong></span> <span class='ocrx_word' id='word_1_141' title='bbox 903 2242 968 2303; x_wconf 73' lang='lat' dir='ltr'><strong>Est,</strong></span> <span class='ocrx_word' id='word_1_142' title='bbox 996 2241 1063 2308; x_wconf 87' lang='lat' dir='ltr'><strong>quod</strong></span> <span class='ocrx_word' id='word_1_143' title='bbox 1086 2242 1164 2292; x_wconf 86' lang='lat' dir='ltr'><strong>tacite</strong></span> 
     </span>
     <span class='ocr_line' id='line_1_18' title="bbox 142 2324 1164 2394; baseline 0.001 -17"><span class='ocrx_word' id='word_1_144' title='bbox 142 2325 236 2378; x_wconf 88' lang='lat' dir='ltr'><strong>adiecit</strong></span> <span class='ocrx_word' id='word_1_145' title='bbox 255 2324 379 2378; x_wconf 80' lang='lat' dir='ltr'><strong>Panaetius</strong></span> <span class='ocrx_word' id='word_1_146' title='bbox 398 2333 423 2376; x_wconf 89' lang='lat' dir='ltr'><strong>et</strong></span> <span class='ocrx_word' id='word_1_147' title='bbox 443 2324 555 2376; x_wconf 85' lang='lat' dir='ltr'><strong>editores</strong></span> <span class='ocrx_word' id='word_1_148' title='bbox 575 2326 731 2378; x_wconf 86' lang='lat' dir='ltr'><strong>recentiores</strong></span> <span class='ocrx_word' id='word_1_149' title='bbox 754 2340 802 2376; x_wconf 91' lang='lat' dir='ltr'><strong>non</strong></span> <span class='ocrx_word' id='word_1_150' title='bbox 823 2325 1046 2394; x_wconf 83' lang='lat' dir='ltr'><strong>improbaverunt,</strong></span> <span class='ocrx_word' id='word_1_151' title='bbox 1074 2329 1164 2379; x_wconf 84' lang='lat' dir='ltr'><strong>merito</strong></span> 
     </span>
     <span class='ocr_line' id='line_1_19' title="bbox 143 2412 1165 2482; baseline 0.002 -16"><span class='ocrx_word' id='word_1_152' title='bbox 143 2421 266 2481; x_wconf 86' lang='lat' dir='ltr'><strong>respuunt</strong></span> <span class='ocrx_word' id='word_1_153' title='bbox 285 2412 389 2465; x_wconf 90' lang='lat' dir='ltr'><strong>codices</strong></span> <span class='ocrx_word' id='word_1_154' title='bbox 409 2414 486 2464; x_wconf 88' lang='lat' dir='ltr'><strong>nostri</strong></span> <span class='ocrx_word' id='word_1_155' title='bbox 506 2427 603 2467; x_wconf 85' lang='lat' dir='ltr'><strong>omncs.</strong></span> <span class='ocrx_word' id='word_1_156' title='bbox 636 2412 699 2464; x_wconf 86' lang='lat' dir='ltr'><strong>Dein</strong></span> <span class='ocrx_word' id='word_1_157' title='bbox 718 2423 825 2482; x_wconf 79' lang='lat' dir='ltr'><strong>praesto</strong></span> <span class='ocrx_word' id='word_1_158' title='bbox 844 2423 890 2466; x_wconf 85' lang='lat' dir='ltr'><strong>cet.</strong></span> <span class='ocrx_word' id='word_1_159' title='bbox 910 2417 1062 2480; x_wconf 61' lang='lat' dir='ltr'><strong>mocreonti·</strong></span> <span class='ocrx_word' id='word_1_160' title='bbox 1090 2417 1165 2468; x_wconf 77' lang='lat' dir='ltr'><strong>Licet</strong></span> 
     </span>
     <span class='ocr_line' id='line_1_20' title="bbox 143 2497 1164 2570; baseline -0.001 -18"><span class='ocrx_word' id='word_1_161' title='bbox 143 2517 157 2552; x_wconf 85' lang='lat' dir='ltr'><strong>e</strong></span> <span class='ocrx_word' id='word_1_162' title='bbox 178 2518 209 2570; x_wconf 68' lang='lat' dir='ltr'><strong>ru,</strong></span> <span class='ocrx_word' id='word_1_163' title='bbox 228 2516 265 2568; x_wconf 88' lang='lat' dir='ltr'><strong>pr.</strong></span> <span class='ocrx_word' id='word_1_164' title='bbox 281 2498 359 2552; x_wconf 88' lang='lat' dir='ltr'><strong>babet</strong></span> <span class='ocrx_word' id='word_1_165' title='bbox 372 2497 419 2550; x_wconf 81' lang='lat' dir='ltr'><strong>bic.</strong></span> <span class='ocrx_word' id='word_1_166' title='bbox 451 2497 512 2550; x_wconf 84' lang='lat' dir='ltr'><strong>Rec.</strong></span> <span class='ocrx_word' id='word_1_167' title='bbox 532 2507 616 2552; x_wconf 83' lang='lat' dir='ltr'><strong>autem</strong></span> <span class='ocrx_word' id='word_1_168' title='bbox 636 2515 723 2551; x_wconf 84' lang='lat' dir='ltr'><strong>manus</strong></span> <span class='ocrx_word' id='word_1_169' title='bbox 744 2500 810 2568; x_wconf 79' lang='lat' dir='ltr'><strong>quod</strong></span> <span class='ocrx_word' id='word_1_170' title='bbox 830 2507 888 2550; x_wconf 86' lang='lat' dir='ltr'><strong>ante</strong></span> <span class='ocrx_word' id='word_1_171' title='bbox 907 2503 1054 2570; x_wconf 80' lang='lat' dir='ltr'><strong>apecraeuu·</strong></span> <span class='ocrx_word' id='word_1_172' title='bbox 1070 2516 1164 2568; x_wconf 88' lang='lat' dir='ltr'><strong>super·</strong></span> 
     </span>
     <span class='ocr_line' id='line_1_21' title="bbox 143 2571 1164 2656; baseline -0.002 -16"><span class='ocrx_word' id='word_1_173' title='bbox 143 2571 280 2655; x_wconf 79' lang='lat' dir='ltr'><strong>scripserat</strong></span> <span class='ocrx_word' id='word_1_174' title='bbox 306 2597 330 2640; x_wconf 87' lang='lat' dir='ltr'><strong>et</strong></span> <span class='ocrx_word' id='word_1_175' title='bbox 357 2595 445 2655; x_wconf 84' lang='lat' dir='ltr'><strong>postea</strong></span> <span class='ocrx_word' id='word_1_176' title='bbox 475 2586 572 2637; x_wconf 87' lang='lat' dir='ltr'><strong>delevit</strong></span> <span class='ocrx_word' id='word_1_177' title='bbox 601 2595 626 2638; x_wconf 90' lang='lat' dir='ltr'><strong>et</strong></span> <span class='ocrx_word' id='word_1_178' title='bbox 652 2590 799 2656; x_wconf 77' lang='lat' dir='ltr'><strong>spectaculi</strong></span> <span class='ocrx_word' id='word_1_179' title='bbox 825 2588 848 2638; x_wconf 90' lang='lat' dir='ltr'><strong>in</strong></span> <span class='ocrx_word' id='word_1_180' title='bbox 873 2591 1025 2656; x_wconf 79' lang='lat' dir='ltr'><strong>spectaculo</strong></span> <span class='ocrx_word' id='word_1_181' title='bbox 1051 2588 1164 2638; x_wconf 84' lang='lat' dir='ltr'><strong>urutavit.</strong></span> 
     </span>
     <span class='ocr_line' id='line_1_22' title="bbox 145 2671 1164 2743; baseline 0.001 -19"><span class='ocrx_word' id='word_1_182' title='bbox 145 2673 189 2738; x_wconf 83' lang='lat'><strong>12)</strong></span> <span class='ocrx_word' id='word_1_183' title='bbox 208 2678 329 2728; x_wconf 79' lang='lat' dir='ltr'><strong>numeris</strong></span> <span class='ocrx_word' id='word_1_184' title='bbox 347 2673 392 2726; x_wconf 87' lang='lat' dir='ltr'><strong>Bb.</strong></span> <span class='ocrx_word' id='word_1_185' title='bbox 430 2671 490 2724; x_wconf 83' lang='lat' dir='ltr'><strong>Turn</strong></span> <span class='ocrx_word' id='word_1_186' title='bbox 516 2679 660 2743; x_wconf 79' lang='lat' dir='ltr'><strong>adparatus</strong></span> <span class='ocrx_word' id='word_1_187' title='bbox 685 2691 720 2742; x_wconf 87' lang='lat' dir='ltr'><strong>pr</strong></span> <span class='ocrx_word' id='word_1_188' title='bbox 744 2675 789 2726; x_wconf 78' lang='lat' dir='ltr'><strong>uc.</strong></span> <span class='ocrx_word' id='word_1_189' title='bbox 828 2674 892 2727; x_wconf 74' lang='lat' dir='ltr'><strong>state</strong></span> <span class='ocrx_word' id='word_1_190' title='bbox 917 2679 1082 2729; x_wconf 74' lang='lat' dir='ltr'><strong>ineat-aritae</strong></span> <span class='ocrx_word' id='word_1_191' title='bbox 1107 2675 1164 2727; x_wconf 91' lang='lat' dir='ltr'><strong>cdd.</strong></span> 
     </span>
     <span class='ocr_line' id='line_1_23' title="bbox 143 2759 1163 2831; baseline 0 -19"><span class='ocrx_word' id='word_1_192' title='bbox 143 2759 239 2814; x_wconf 86' lang='lat' dir='ltr'><strong>Erasm.</strong></span> <span class='ocrx_word' id='word_1_193' title='bbox 259 2761 334 2814; x_wconf 85' lang='lat' dir='ltr'><strong>Gruv.</strong></span> <span class='ocrx_word' id='word_1_194' title='bbox 355 2761 450 2812; x_wconf 83' lang='lat' dir='ltr'><strong>Moreit.</strong></span> <span class='ocrx_word' id='word_1_195' title='bbox 471 2760 760 2829; x_wconf 59' lang='lat' dir='ltr'><strong>repercuterentur.</strong></span> <span class='ocrx_word' id='word_1_196' title='bbox 793 2761 848 2812; x_wconf 85' lang='lat' dir='ltr'><strong>Vid.</strong></span> <span class='ocrx_word' id='word_1_197' title='bbox 866 2766 985 2830; x_wconf 73' lang='lat' dir='ltr'><strong>Wapner.</strong></span> <span class='ocrx_word' id='word_1_198' title='bbox 1002 2762 1052 2831; x_wconf 59' lang='lat'><strong>¹2⁰·</strong></span> <span class='ocrx_word' id='word_1_199' title='bbox 1068 2780 1092 2831; x_wconf 90' lang='lat' dir='ltr'><strong>p.</strong></span> <span class='ocrx_word' id='word_1_200' title='bbox 1105 2761 1163 2814; x_wconf 81' lang='grc'><strong>453.</strong></span> 
     </span>
     <span class='ocr_line' id='line_1_24' title="bbox 144 2845 1166 2920; baseline -0.002 -16"><span class='ocrx_word' id='word_1_201' title='bbox 144 2848 243 2902; x_wconf 75' lang='lat' dir='ltr'><strong>Deinde</strong></span> <span class='ocrx_word' id='word_1_202' title='bbox 261 2854 343 2920; x_wconf 82' lang='lat' dir='ltr'><strong>prucis</strong></span> <span class='ocrx_word' id='word_1_203' title='bbox 361 2852 437 2903; x_wconf 86' lang='lat' dir='ltr'><strong>detor</strong></span> <span class='ocrx_word' id='word_1_204' title='bbox 457 2847 496 2897; x_wconf 80' lang='lat' dir='ltr'><strong>bid</strong></span> <span class='ocrx_word' id='word_1_205' title='bbox 517 2851 577 2898; x_wconf 75' lang='grc' dir='ltr'><strong>οιΑ</strong></span> <span class='ocrx_word' id='word_1_206' title='bbox 598 2865 620 2897; x_wconf 91' lang='lat' dir='ltr'><strong>c.</strong></span> <span class='ocrx_word' id='word_1_207' title='bbox 641 2847 697 2898; x_wconf 88' lang='lat' dir='ltr'><strong>edd.</strong></span> <span class='ocrx_word' id='word_1_208' title='bbox 715 2845 778 2898; x_wconf 86' lang='lat' dir='ltr'><strong>Dav.</strong></span> <span class='ocrx_word' id='word_1_209' title='bbox 796 2856 873 2913; x_wconf 85' lang='lat' dir='ltr'><strong>etque</strong></span> <span class='ocrx_word' id='word_1_210' title='bbox 887 2847 1072 2916; x_wconf 82' lang='lat' dir='ltr'><strong>Rcmb.‚.protr</strong></span> <span class='ocrx_word' id='word_1_211' title='bbox 1090 2853 1166 2902; x_wconf 79' lang='lat' dir='ltr'><strong>dolor</strong></span> 
     </span>
     <span class='ocr_line' id='line_1_25' title="bbox 144 2931 1165 3002; baseline 0.001 -16"><span class='ocrx_word' id='word_1_212' title='bbox 144 2934 189 2986; x_wconf 85' lang='lat' dir='ltr'><strong>SP.</strong></span> <span class='ocrx_word' id='word_1_213' title='bbox 209 2937 298 2989; x_wconf 86' lang='lat' dir='ltr'><strong>Venet.</strong></span> <span class='ocrx_word' id='word_1_214' title='bbox 323 2936 403 2986; x_wconf 81' lang='lat' dir='ltr'><strong>Kunn.</strong></span> <span class='ocrx_word' id='word_1_215' title='bbox 430 2933 519 2984; x_wconf 82' lang='lat' dir='ltr'><strong>Remb.</strong></span> <span class='ocrx_word' id='word_1_216' title='bbox 546 2931 643 2983; x_wconf 85' lang='lat' dir='ltr'><strong>Erasm.</strong></span> <span class='ocrx_word' id='word_1_217' title='bbox 671 2933 744 2983; x_wconf 83' lang='lat' dir='ltr'><strong>Grau.</strong></span> <span class='ocrx_word' id='word_1_218' title='bbox 769 2933 860 3000; x_wconf 71' lang='lat' dir='ltr'><strong>urgan.</strong></span> <span class='ocrx_word' id='word_1_219' title='bbox 881 2931 960 2983; x_wconf 86' lang='lat' dir='ltr'><strong>Oxou.</strong></span> <span class='ocrx_word' id='word_1_220' title='bbox 982 2932 1085 3000; x_wconf 65' lang='lat' dir='ltr'><strong>Butae,</strong></span> <span class='ocrx_word' id='word_1_221' title='bbox 1114 2953 1165 3002; x_wconf 81' lang='lat' dir='ltr'><strong>pro</strong></span> 
     </span>
     <span class='ocr_line' id='line_1_26' title="bbox 143 3018 1164 3087; baseline -0.005 -11"><span class='ocrx_word' id='word_1_222' title='bbox 143 3025 233 3076; x_wconf 84' lang='lat' dir='ltr'><strong>dolore</strong></span> <span class='ocrx_word' id='word_1_223' title='bbox 254 3021 302 3074; x_wconf 83' lang='lat' dir='ltr'><strong>bib.</strong></span> <span class='ocrx_word' id='word_1_224' title='bbox 323 3021 360 3074; x_wconf 85' lang='lat' dir='ltr'><strong>Bb</strong></span> <span class='ocrx_word' id='word_1_225' title='bbox 380 3029 407 3071; x_wconf 90' lang='lat' dir='ltr'><strong>et</strong></span> <span class='ocrx_word' id='word_1_226' title='bbox 425 3037 438 3070; x_wconf 84' lang='lat' dir='ltr'><strong>a</strong></span> <span class='ocrx_word' id='word_1_227' title='bbox 459 3037 490 3068; x_wconf 88' lang='lat' dir='ltr'><strong>nr.</strong></span> <span class='ocrx_word' id='word_1_228' title='bbox 512 3035 549 3085; x_wconf 92' lang='lat' dir='ltr'><strong>pr.</strong></span> <span class='ocrx_word' id='word_1_229' title='bbox 571 3018 618 3084; x_wconf 82' lang='lat' dir='ltr'><strong>Mc,</strong></span> <span class='ocrx_word' id='word_1_230' title='bbox 642 3019 666 3069; x_wconf 90' lang='lat' dir='ltr'><strong>iu</strong></span> <span class='ocrx_word' id='word_1_231' title='bbox 686 3035 735 3086; x_wconf 91' lang='lat' dir='ltr'><strong>quo</strong></span> <span class='ocrx_word' id='word_1_232' title='bbox 755 3034 807 3069; x_wconf 87' lang='lat' dir='ltr'><strong>rec.</strong></span> <span class='ocrx_word' id='word_1_233' title='bbox 831 3035 861 3069; x_wconf 90' lang='grc' dir='ltr'>ιιι.</span> <span class='ocrx_word' id='word_1_234' title='bbox 881 3020 980 3084; x_wconf 80' lang='lat' dir='ltr'><strong>scripsit</strong></span> <span class='ocrx_word' id='word_1_235' title='bbox 997 3023 1063 3087; x_wconf 79' lang='lat' dir='ltr'><strong>prob</strong></span> <span class='ocrx_word' id='word_1_236' title='bbox 1081 3022 1164 3074; x_wconf 82' lang='lat' dir='ltr'><strong>dator.</strong></span> 
     </span>
    </p>
   </div>
   <div class='ocr_carea' id='block_1_7' title="bbox 145 3097 1164 3204">
    <p class='ocr_par' dir='ltr' id='par_1_7' title="bbox 145 3097 1164 3204">
     <span class='ocr_line' id='line_1_27' title="bbox 145 3097 1164 3204; baseline -0.003 -27"><span class='ocrx_word' id='word_1_237' title='bbox 145 3125 231 3204; x_wconf 77' lang='lat' dir='ltr'><strong>Statius</strong></span> <span class='ocrx_word' id='word_1_238' title='bbox 250 3097 271 3130; x_wconf 56' lang='lat' dir='ltr'><strong><em>u</em></strong></span> <span class='ocrx_word' id='word_1_239' title='bbox 291 3129 396 3180; x_wconf 84' lang='lat' dir='ltr'><strong>redimit</strong></span> <span class='ocrx_word' id='word_1_240' title='bbox 415 3123 465 3186; x_wconf 79' lang='lat' dir='ltr'><strong>bib,</strong></span> <span class='ocrx_word' id='word_1_241' title='bbox 483 3126 592 3176; x_wconf 77' lang='lat' dir='ltr'><strong>rcdmit</strong></span> <span class='ocrx_word' id='word_1_242' title='bbox 610 3122 649 3174; x_wconf 82' lang='lat' dir='ltr'><strong>bid</strong></span> <span class='ocrx_word' id='word_1_243' title='bbox 670 3131 696 3174; x_wconf 88' lang='lat' dir='ltr'><strong>et</strong></span> <span class='ocrx_word' id='word_1_244' title='bbox 715 3123 773 3174; x_wconf 89' lang='lat' dir='ltr'><strong>edd.</strong></span> <span class='ocrx_word' id='word_1_245' title='bbox 794 3122 839 3175; x_wconf 75' lang='lat' dir='ltr'><strong>st&#39;.</strong></span> <span class='ocrx_word' id='word_1_246' title='bbox 861 3123 951 3174; x_wconf 79' lang='lat' dir='ltr'><strong>venet.</strong></span> <span class='ocrx_word' id='word_1_247' title='bbox 970 3121 1049 3175; x_wconf 85' lang='lat' dir='ltr'><strong>tiunn.</strong></span> <span class='ocrx_word' id='word_1_248' title='bbox 1065 3121 1164 3188; x_wconf 62' lang='lat' dir='ltr'><strong>beorh„</strong></span> 
     </span>
    </p>
   </div>
   <div class='ocr_carea' id='block_1_8' title="bbox 144 3207 1166 3470">
    <p class='ocr_par' dir='ltr' id='par_1_8' title="bbox 144 3207 1166 3470">
     <span class='ocr_line' id='line_1_28' title="bbox 145 3207 1164 3298; baseline -0.001 -17"><span class='ocrx_word' id='word_1_249' title='bbox 145 3229 186 3282; x_wconf 88' lang='lat' dir='ltr'><strong>bib</strong></span> <span class='ocrx_word' id='word_1_250' title='bbox 205 3207 230 3235; x_wconf 59' lang='grc' dir='ltr'><strong>Μ</strong></span> <span class='ocrx_word' id='word_1_251' title='bbox 249 3241 302 3283; x_wconf 82' lang='lat' dir='ltr'><strong>tarn</strong></span> <span class='ocrx_word' id='word_1_252' title='bbox 321 3232 349 3293; x_wconf 88' lang='lat' dir='ltr'><strong>(e</strong></span> <span class='ocrx_word' id='word_1_253' title='bbox 368 3228 462 3292; x_wconf 67' lang='lat' dir='ltr'><strong>corn),</strong></span> <span class='ocrx_word' id='word_1_254' title='bbox 490 3225 528 3278; x_wconf 86' lang='lat' dir='ltr'><strong>Bb</strong></span> <span class='ocrx_word' id='word_1_255' title='bbox 552 3230 644 3295; x_wconf 74' lang='lat' dir='ltr'><strong>inpiis.</strong></span> <span class='ocrx_word' id='word_1_256' title='bbox 681 3226 730 3280; x_wconf 87' lang='lat' dir='ltr'><strong>Pro</strong></span> <span class='ocrx_word' id='word_1_257' title='bbox 755 3238 858 3298; x_wconf 82' lang='lat' dir='ltr'><strong>tamquo</strong></span> <span class='ocrx_word' id='word_1_258' title='bbox 883 3227 903 3280; x_wconf 79' lang='grc' dir='ltr'>Α</span> <span class='ocrx_word' id='word_1_259' title='bbox 928 3237 1067 3298; x_wconf 71' lang='lat' dir='ltr'><strong>tanquam,</strong></span> <span class='ocrx_word' id='word_1_260' title='bbox 1097 3228 1164 3298; x_wconf 87' lang='lat' dir='ltr'><strong>quod</strong></span> 
     </span>
     <span class='ocr_line' id='line_1_29' title="bbox 144 3313 1166 3384; baseline 0 -16"><span class='ocrx_word' id='word_1_261' title='bbox 144 3318 272 3384; x_wconf 89' lang='lat' dir='ltr'><strong>reperitur</strong></span> <span class='ocrx_word' id='word_1_262' title='bbox 290 3317 366 3366; x_wconf 80' lang='lat' dir='ltr'><strong>etiem</strong></span> <span class='ocrx_word' id='word_1_263' title='bbox 386 3316 410 3365; x_wconf 93' lang='lat' dir='ltr'><strong>in</strong></span> <span class='ocrx_word' id='word_1_264' title='bbox 430 3314 489 3366; x_wconf 90' lang='lat' dir='ltr'><strong>edd.</strong></span> <span class='ocrx_word' id='word_1_265' title='bbox 507 3313 551 3366; x_wconf 84' lang='lat' dir='ltr'><strong>SP.</strong></span> <span class='ocrx_word' id='word_1_266' title='bbox 569 3314 658 3367; x_wconf 86' lang='lat' dir='ltr'><strong>Venet.</strong></span> <span class='ocrx_word' id='word_1_267' title='bbox 680 3324 706 3368; x_wconf 90' lang='lat' dir='ltr'><strong>et</strong></span> <span class='ocrx_word' id='word_1_268' title='bbox 718 3316 798 3368; x_wconf 79' lang='lat' dir='ltr'><strong>Kuun.</strong></span> <span class='ocrx_word' id='word_1_269' title='bbox 833 3316 908 3380; x_wconf 46' lang='lat' dir='ltr'><strong>Voces</strong></span> <span class='ocrx_word' id='word_1_270' title='bbox 929 3325 953 3370; x_wconf 84' lang='lat' dir='ltr'><strong>et</strong></span> <span class='ocrx_word' id='word_1_271' title='bbox 970 3320 1088 3384; x_wconf 68' lang='lat' dir='ltr'><strong>secutis</strong></span> <span class='ocrx_word' id='word_1_272' title='bbox 1108 3324 1166 3383; x_wconf 89' lang='lat' dir='ltr'><strong>post</strong></span> 
     </span>
     <span class='ocr_line' id='line_1_30' title="bbox 145 3399 1165 3470; baseline -0.002 -12"><span class='ocrx_word' id='word_1_273' title='bbox 145 3403 372 3468; x_wconf 51' lang='lat' dir='ltr'><strong>testudinem</strong></span> <span class='ocrx_word' id='word_1_274' title='bbox 397 3401 473 3454; x_wconf 81' lang='lat' dir='ltr'><strong>babet</strong></span> <span class='ocrx_word' id='word_1_275' title='bbox 492 3402 532 3454; x_wconf 90' lang='lat' dir='ltr'><strong>ed.</strong></span> <span class='ocrx_word' id='word_1_276' title='bbox 553 3404 683 3470; x_wconf 87' lang='lat' dir='ltr'><strong>princeps)</strong></span> <span class='ocrx_word' id='word_1_277' title='bbox 703 3420 717 3453; x_wconf 91' lang='lat' dir='ltr'><strong>e</strong></span> <span class='ocrx_word' id='word_1_278' title='bbox 737 3403 794 3456; x_wconf 88' lang='lat' dir='ltr'><strong>cod.</strong></span> <span class='ocrx_word' id='word_1_279' title='bbox 815 3402 914 3468; x_wconf 78' lang='lat' dir='ltr'><strong>¹Cunrbr.</strong></span> <span class='ocrx_word' id='word_1_280' title='bbox 934 3419 947 3454; x_wconf 84' lang='lat' dir='ltr'><strong>e</strong></span> <span class='ocrx_word' id='word_1_281' title='bbox 966 3399 1078 3457; x_wconf 76' lang='lat' dir='ltr'><strong>Pometio</strong></span> <span class='ocrx_word' id='word_1_282' title='bbox 1096 3403 1165 3456; x_wconf 77' lang='lat' dir='ltr'><strong>iliata</strong></span> 
     </span>
    </p>
   </div>
   <div class='ocr_carea' id='block_1_9' title="bbox 46 3487 1165 3564">
    <p class='ocr_par' dir='ltr' id='par_1_9' title="bbox 46 3487 1165 3564">
     <span class='ocr_line' id='line_1_31' title="bbox 46 3487 1165 3564; baseline 0.001 -25"><span class='ocrx_word' id='word_1_283' title='bbox 46 3559 49 3564; x_wconf 26' lang='lat'>¹</span> <span class='ocrx_word' id='word_1_284' title='bbox 145 3495 172 3539; x_wconf 89' lang='lat' dir='ltr'><strong>et</strong></span> <span class='ocrx_word' id='word_1_285' title='bbox 190 3495 288 3538; x_wconf 86' lang='lat' dir='ltr'><strong>retente</strong></span> <span class='ocrx_word' id='word_1_286' title='bbox 308 3487 339 3538; x_wconf 86' lang='lat' dir='ltr'><strong>eb</strong></span> <span class='ocrx_word' id='word_1_287' title='bbox 359 3487 498 3540; x_wconf 88' lang='lat' dir='ltr'><strong>editoribus</strong></span> <span class='ocrx_word' id='word_1_288' title='bbox 517 3488 683 3556; x_wconf 86' lang='lat' dir='ltr'><strong>sequentibus</strong></span> <span class='ocrx_word' id='word_1_289' title='bbox 702 3490 777 3540; x_wconf 86' lang='lat' dir='ltr'><strong>codd.</strong></span> <span class='ocrx_word' id='word_1_290' title='bbox 798 3490 876 3542; x_wconf 85' lang='lat' dir='ltr'><strong>nostri</strong></span> <span class='ocrx_word' id='word_1_291' title='bbox 896 3496 922 3538; x_wconf 90' lang='lat' dir='ltr'><strong>et</strong></span> <span class='ocrx_word' id='word_1_292' title='bbox 941 3490 981 3539; x_wconf 86' lang='lat' dir='ltr'><strong>ed.</strong></span> <span class='ocrx_word' id='word_1_293' title='bbox 996 3489 1060 3540; x_wconf 83' lang='lat' dir='ltr'><strong>Dav.</strong></span> <span class='ocrx_word' id='word_1_294' title='bbox 1076 3492 1165 3541; x_wconf 86' lang='lat' dir='ltr'><strong>merito</strong></span> 
     </span>
    </p>
   </div>
   <div class='ocr_carea' id='block_1_10' title="bbox 145 3575 1166 4090">
    <p class='ocr_par' dir='ltr' id='par_1_10' title="bbox 145 3575 1166 4090">
     <span class='ocr_line' id='line_1_32' title="bbox 145 3575 1163 3647; baseline 0 -20"><span class='ocrx_word' id='word_1_295' title='bbox 145 3575 269 3627; x_wconf 86' lang='lat' dir='ltr'><strong>omittunt.</strong></span> <span class='ocrx_word' id='word_1_296' title='bbox 308 3575 392 3639; x_wconf 80' lang='lat' dir='ltr'><strong>Quare</strong></span> <span class='ocrx_word' id='word_1_297' title='bbox 421 3577 537 3642; x_wconf 78' lang='lat' dir='ltr'><strong>expunxi.</strong></span> <span class='ocrx_word' id='word_1_298' title='bbox 580 3579 659 3630; x_wconf 80' lang='lat' dir='ltr'><strong>Diris</strong></span> <span class='ocrx_word' id='word_1_299' title='bbox 686 3580 835 3630; x_wconf 78' lang='lat' dir='ltr'><strong>sceteritus</strong></span> <span class='ocrx_word' id='word_1_300' title='bbox 861 3577 922 3628; x_wconf 81' lang='lat' dir='ltr'><strong>dent</strong></span> <span class='ocrx_word' id='word_1_301' title='bbox 948 3579 1060 3647; x_wconf 85' lang='lat' dir='ltr'><strong>quinque</strong></span> <span class='ocrx_word' id='word_1_302' title='bbox 1089 3575 1163 3627; x_wconf 92' lang='lat' dir='ltr'><strong>codd.</strong></span> 
     </span>
     <span class='ocr_line' id='line_1_33' title="bbox 145 3660 1164 3730; baseline 0.002 -18"><span class='ocrx_word' id='word_1_303' title='bbox 145 3660 219 3730; x_wconf 78' lang='lat' dir='ltr'><strong>Angl.</strong></span> <span class='ocrx_word' id='word_1_304' title='bbox 239 3677 262 3712; x_wconf 92' lang='lat' dir='ltr'><strong>c.</strong></span> <span class='ocrx_word' id='word_1_305' title='bbox 283 3662 340 3714; x_wconf 90' lang='lat' dir='ltr'><strong>edd.</strong></span> <span class='ocrx_word' id='word_1_306' title='bbox 359 3661 448 3714; x_wconf 87' lang='lat' dir='ltr'><strong>Venet.</strong></span> <span class='ocrx_word' id='word_1_307' title='bbox 469 3663 548 3715; x_wconf 79' lang='lat' dir='ltr'><strong>Kunu.</strong></span> <span class='ocrx_word' id='word_1_308' title='bbox 570 3662 659 3715; x_wconf 78' lang='lat' dir='ltr'><strong>tiemb.</strong></span> <span class='ocrx_word' id='word_1_309' title='bbox 680 3661 775 3714; x_wconf 86' lang='lat' dir='ltr'><strong>Erasm.</strong></span> <span class='ocrx_word' id='word_1_310' title='bbox 796 3669 821 3714; x_wconf 84' lang='lat' dir='ltr'><strong>et</strong></span> <span class='ocrx_word' id='word_1_311' title='bbox 841 3661 916 3714; x_wconf 76' lang='lat' dir='ltr'><strong>Grau.</strong></span> <span class='ocrx_word' id='word_1_312' title='bbox 953 3666 1105 3717; x_wconf 70' lang='lat' dir='ltr'><strong>sceleribus</strong></span> <span class='ocrx_word' id='word_1_313' title='bbox 1124 3662 1164 3714; x_wconf 87' lang='lat' dir='ltr'><strong>ic-</strong></span> 
     </span>
     <span class='ocr_line' id='line_1_34' title="bbox 145 3747 1166 3820; baseline 0 -20"><span class='ocrx_word' id='word_1_314' title='bbox 145 3749 211 3816; x_wconf 74' lang='lat' dir='ltr'><strong>gitur</strong></span> <span class='ocrx_word' id='word_1_315' title='bbox 230 3749 305 3802; x_wconf 85' lang='lat' dir='ltr'><strong>etiarn</strong></span> <span class='ocrx_word' id='word_1_316' title='bbox 323 3751 347 3801; x_wconf 92' lang='lat' dir='ltr'><strong>in</strong></span> <span class='ocrx_word' id='word_1_317' title='bbox 368 3765 416 3819; x_wconf 76' lang='lat' dir='ltr'><strong>urg.</strong></span> <span class='ocrx_word' id='word_1_318' title='bbox 438 3749 493 3802; x_wconf 90' lang='lat' dir='ltr'><strong>iibri</strong></span> <span class='ocrx_word' id='word_1_319' title='bbox 507 3749 546 3802; x_wconf 79' lang='lat' dir='ltr'><strong>tte</strong></span> <span class='ocrx_word' id='word_1_320' title='bbox 566 3767 579 3802; x_wconf 82' lang='lat' dir='ltr'><strong>a</strong></span> <span class='ocrx_word' id='word_1_321' title='bbox 600 3767 633 3817; x_wconf 70' lang='lat' dir='ltr'><strong>nn</strong></span> <span class='ocrx_word' id='word_1_322' title='bbox 652 3765 702 3801; x_wconf 87' lang='lat' dir='ltr'><strong>rec.</strong></span> <span class='ocrx_word' id='word_1_323' title='bbox 722 3748 857 3800; x_wconf 82' lang='lat' dir='ltr'><strong>adiectum.</strong></span> <span class='ocrx_word' id='word_1_324' title='bbox 896 3747 952 3800; x_wconf 81' lang='lat' dir='ltr'><strong>Mos</strong></span> <span class='ocrx_word' id='word_1_325' title='bbox 973 3767 1014 3820; x_wconf 86' lang='lat' dir='ltr'><strong>so,</strong></span> <span class='ocrx_word' id='word_1_326' title='bbox 1033 3750 1101 3818; x_wconf 87' lang='lat' dir='ltr'><strong>quod</strong></span> <span class='ocrx_word' id='word_1_327' title='bbox 1115 3764 1166 3801; x_wconf 86' lang='lat' dir='ltr'><strong>our.</strong></span> 
     </span>
     <span class='ocr_line' id='line_1_35' title="bbox 145 3831 1164 3907; baseline 0.003 -20"><span class='ocrx_word' id='word_1_328' title='bbox 145 3832 198 3901; x_wconf 78' lang='lat' dir='ltr'><strong>Bb,</strong></span> <span class='ocrx_word' id='word_1_329' title='bbox 219 3831 259 3889; x_wconf 85' lang='lat' dir='ltr'><strong>ttt</strong></span> <span class='ocrx_word' id='word_1_330' title='bbox 278 3839 344 3889; x_wconf 88' lang='lat' dir='ltr'><strong>iuter</strong></span> <span class='ocrx_word' id='word_1_331' title='bbox 361 3851 427 3889; x_wconf 80' lang='lat' dir='ltr'><strong>vers.</strong></span> <span class='ocrx_word' id='word_1_332' title='bbox 447 3835 546 3889; x_wconf 47' lang='lat' dir='ltr'><strong>hebete*</strong></span> <span class='ocrx_word' id='word_1_333' title='bbox 570 3835 618 3888; x_wconf 90' lang='lat' dir='ltr'><strong>Pro</strong></span> <span class='ocrx_word' id='word_1_334' title='bbox 635 3846 729 3907; x_wconf 80' lang='lat' dir='ltr'><strong>pataret</strong></span> <span class='ocrx_word' id='word_1_335' title='bbox 743 3834 781 3886; x_wconf 81' lang='lat' dir='ltr'><strong>tta</strong></span> <span class='ocrx_word' id='word_1_336' title='bbox 799 3835 887 3888; x_wconf 86' lang='lat' dir='ltr'><strong>scribit</strong></span> <span class='ocrx_word' id='word_1_337' title='bbox 901 3846 974 3906; x_wconf 83' lang='lat' dir='ltr'><strong>putat</strong></span> <span class='ocrx_word' id='word_1_338' title='bbox 990 3835 1020 3902; x_wconf 86' lang='lat' dir='ltr'><strong>[i.</strong></span> <span class='ocrx_word' id='word_1_339' title='bbox 1033 3851 1056 3886; x_wconf 90' lang='lat' dir='ltr'><strong>o.</strong></span> <span class='ocrx_word' id='word_1_340' title='bbox 1069 3837 1164 3901; x_wconf 84' lang='lat' dir='ltr'><strong>mater)</strong></span> 
     </span>
     <span class='ocr_line' id='line_1_36' title="bbox 147 3921 1139 3993; baseline -0.004 -15"><span class='ocrx_word' id='word_1_341' title='bbox 147 3952 177 3960; x_wconf 89' lang='lat'><em>-</em></span> <span class='ocrx_word' id='word_1_342' title='bbox 196 3928 368 3993; x_wconf 73' lang='lat' dir='ltr'><strong>parricidam.</strong></span> <span class='ocrx_word' id='word_1_343' title='bbox 407 3927 501 3980; x_wconf 81' lang='lat' dir='ltr'><strong>Oerrti&#39;s</strong></span> <span class='ocrx_word' id='word_1_344' title='bbox 519 3924 593 3977; x_wconf 88' lang='lat' dir='ltr'><strong>deest</strong></span> <span class='ocrx_word' id='word_1_345' title='bbox 610 3925 636 3975; x_wconf 90' lang='lat' dir='ltr'><strong>in</strong></span> <span class='ocrx_word' id='word_1_346' title='bbox 655 3921 700 3975; x_wconf 79' lang='lat' dir='ltr'><strong>bb.</strong></span> <span class='ocrx_word' id='word_1_347' title='bbox 739 3921 805 3974; x_wconf 84' lang='lat' dir='ltr'><strong>Dein</strong></span> <span class='ocrx_word' id='word_1_348' title='bbox 823 3925 970 3990; x_wconf 83' lang='lat' dir='ltr'><strong>patricidas</strong></span> <span class='ocrx_word' id='word_1_349' title='bbox 990 3921 1092 3974; x_wconf 83' lang='lat' dir='ltr'><strong>exbibet</strong></span> <span class='ocrx_word' id='word_1_350' title='bbox 1110 3925 1139 3974; x_wconf 84' lang='grc' dir='ltr'><strong>Α,</strong></span> 
     </span>
     <span class='ocr_line' id='line_1_37' title="bbox 216 4009 1166 4090; baseline 0.003 -28"><span class='ocrx_word' id='word_1_351' title='bbox 216 4009 268 4064; x_wconf 82' lang='lat' dir='ltr'><strong>vtt.</strong></span> <span class='ocrx_word' id='word_1_352' title='bbox 307 4013 334 4080; x_wconf 83' lang='lat' dir='ltr'><strong>t]</strong></span> <span class='ocrx_word' id='word_1_353' title='bbox 355 4016 448 4068; x_wconf 80' lang='lat' dir='ltr'><strong>cattus</strong></span> <span class='ocrx_word' id='word_1_354' title='bbox 467 4022 527 4067; x_wconf 82' lang='lat' dir='ltr'><strong>tuos</strong></span> <span class='ocrx_word' id='word_1_355' title='bbox 548 4009 588 4090; x_wconf 70' lang='lat' dir='ltr'><strong>bib</strong></span> <span class='ocrx_word' id='word_1_356' title='bbox 610 4019 636 4064; x_wconf 85' lang='lat' dir='ltr'><strong>et</strong></span> <span class='ocrx_word' id='word_1_357' title='bbox 656 4009 699 4062; x_wconf 90' lang='lat' dir='ltr'><strong>Ba.</strong></span> <span class='ocrx_word' id='word_1_358' title='bbox 738 4009 799 4063; x_wconf 86' lang='lat' dir='ltr'><strong>Tura</strong></span> <span class='ocrx_word' id='word_1_359' title='bbox 824 4028 840 4063; x_wconf 88' lang='lat' dir='ltr'><strong>a</strong></span> <span class='ocrx_word' id='word_1_360' title='bbox 863 4011 981 4064; x_wconf 80' lang='lat' dir='ltr'><strong>diversis</strong></span> <span class='ocrx_word' id='word_1_361' title='bbox 1005 4014 1166 4078; x_wconf 73' lang='lat' dir='ltr'><strong>spectaculis</strong></span> 
     </span>
    </p>
   </div>
   <div class='ocr_carea' id='block_1_11' title="bbox 937 4099 957 4164">
    <p class='ocr_par' dir='ltr' id='par_1_11' title="bbox 937 4099 957 4164">
     <span class='ocr_line' id='line_1_38' title="bbox 937 4099 957 4164; baseline 0 0"><span class='ocrx_word' id='word_1_362' title='bbox 937 4099 957 4164; x_wconf 80' lang='lat'><strong>2</strong></span> 
     </span>
    </p>
   </div>
   <div class='ocr_carea' id='block_1_12' title="bbox 0 0 1449 4692">
    <p class='ocr_par' dir='ltr' id='par_1_12' title="bbox 0 0 1449 4692">
     <span class='ocr_line' id='line_1_39' title="bbox 0 0 1449 4692; baseline 0 0"><span class='ocrx_word' id='word_1_363' title='bbox 0 0 1449 4692; x_wconf 95' lang='lat' dir='ltr'><strong> </strong></span> 
     </span>
    </p>
   </div>
  </div>
 </body>
</html>
