2868 4700
706 389 749 456 46

219 546 303 611 bitar
325 555 355 612 et
377 547 430 629 qni
446 543 473 627 Β)
496 547 639 612 humitiat
659 570 692 612 sc
717 548 924 624 exaitabitur,
955 553 985 610 et
1015 546 1080 630 ipse
1109 567 1126 610 a
1152 553 1236 630 patre

219 662 363 726 exaltatus
386 662 433 740 sit,
456 662 524 743 quia
548 681 581 723 se
606 664 633 723 in
659 664 746 725 terris
769 680 868 724 sermo
893 668 922 722 et
945 661 1038 722 uirtus
1062 667 1092 724 et
1112 662 1236 742 sapien-

218 775 256 838 tia
273 769 300 851 9)
323 773 371 836 dei
393 773 484 854 patris
514 773 692 852 humiliavit,
723 771 875 855 quomodo
903 779 1003 853 potest
1034 773 1235 836 extollentiam
1339 757 1342 762 ¹

211 887 344 970 diligere
374 886 424 966 qui
456 892 485 946 et
513 873 612 950 nohis
632 886 821 950 humilitatem
852 905 906 948 sua
933 885 1002 968 iege
1030 885 1179 950 mandavit
1207 893 1237 948 et

192 1002 283 1082 sipse
305 995 380 1076 ¹⁰)a
411 1006 495 1081 patre
524 1000 735 1080 amplissimum
766 1017 873 1063 nomen
906 1000 1037 1080 praemio
1068 973 1236 1064 humilitatis

216 1113 357 1194 accepit?
396 1113 563 1177 Coniessor
585 1122 631 1178 est
647 1115 766 1192 Christi,
790 1113 843 1176 sed
868 1112 893 1174 si
916 1131 976 1175 non
997 1108 1001 1196 i
1022 1122 1128 1194 postea
1151 1115 1234 1178 hlas-
1248 1122 1290 1165 ²⁰2

216 1226 372 1308 phemetur
393 1223 430 1303 ¹¹)
454 1245 508 1307 per
531 1228 627 1308 ipsum
652 1227 792 1290 maiestas
816 1232 846 1288 et
862 1225 990 1308 dignitas
1007 1226 1123 1290 Christi.
1160 1228 1234 1290 Lin-

215 1358 276 1422 gua
300 1339 449 1402 Christum
473 1340 613 1404 consessa
639 1359 701 1404 non
724 1341 762 1402 sit
784 1338 926 1403 maledica
947 1337 1004 1419 12),
1034 1359 1094 1404 non
1127 1341 1235 1403 turhu-

215 1453 313 1533 lenta,
345 1471 406 1516 non
437 1454 580 1516 conuiciis
612 1461 642 1516 et
664 1454 763 1516 litihus
786 1459 980 1534 perstrepens
1003 1453 1150 1532 audiatur,
1173 1472 1234 1517 non

179 1572 320 1630 incontra
346 1565 454 1630 iratres
477 1573 508 1630 et
531 1569 580 1630 dei
603 1566 778 1630 sacerdotes
798 1573 866 1646 post
881 1566 973 1628 verba
989 1565 1083 1629 laudis
1101 1563 1141 1643 ¹³)
1164 1584 1234 1628 ser-

215 1682 312 1761 pentis
331 1699 449 1744 venena
464 1680 618 1744 iaculetur.
659 1680 797 1744 Ceterum
821 1681 846 1741 si
869 1679 1023 1761 culpabilis
1048 1685 1078 1741 et
1099 1680 1235 1742 detesta-

216 1794 282 1856 hilis
303 1791 340 1873 ¹⁴)
361 1794 560 1876 postmodum
592 1794 697 1872 inerit,
731 1795 757 1856 si
792 1792 1014 1856 contessionem
1047 1809 1129 1856 suam
1158 1791 1234 1854 mala

217 1909 447 1972 conversatione
478 1905 671 1989 prodegerit,
701 1907 727 1968 si
757 1907 846 1968 vitam
875 1922 959 1967 suam
990 1905 1069 1986 turpi
1092 1903 1234 1966 foeditate

286 2083 388 2166 8J'qni
413 2105 500 2151 antem
525 2095 576 2148 bih.
617 2094 683 2147 Dein
708 2111 738 2148 sc
764 2095 885 2148 humiliat
902 2091 949 2145 Bh.
988 2091 1104 2144 Pronom.
1127 2110 1158 2146 se
1184 2107 1233 2144 om.

218 2182 267 2236 hih.
304 2181 419 2235 Proxime
438 2192 479 2236 est
496 2195 542 2249 pro
561 2185 597 2235 sit
622 2180 700 2233 habet
724 2178 771 2231 Bh.
807 2178 836 2248 9)
854 2181 987 2248 pacientia
1012 2182 1070 2232 siae
1097 2181 1236 2248 sapiencia

217 2269 278 2338 (sic)
300 2270 331 2321 A.
369 2269 415 2328 10)
439 2273 570 2334 inseom.
595 2267 643 2319 hic.
687 2265 733 2334 11)
760 2268 931 2333 blasfemetnr
955 2263 995 2315 W.
1032 2263 1161 2331 Deinceps
1186 2281 1237 2334 per

216 2357 293 2410 ittam
307 2356 365 2406 edd.
379 2355 500 2408 Devenit.
520 2363 546 2406 et
560 2352 644 2418 Grau,
664 2369 747 2420 neque
764 2370 813 2422 per
830 2355 919 2419 ipsum
937 2367 1020 2418 neque
1035 2368 1085 2420 per
1103 2354 1179 2404 ittam
1198 2358 1237 2401 est

217 2443 242 2493 in
266 2441 322 2494 reli.
341 2450 402 2495 vett.
421 2441 510 2504 editis,
536 2442 596 2491 item
621 2441 648 2490 in
672 2439 762 2490 liemh.
782 2446 857 2505 sique
884 2437 981 2488 Erasm.
1019 2435 1079 2489 Tum
1104 2449 1237 2507 mapestas

217 2528 321 2580 exhibet
339 2527 378 2579 tta
396 2545 418 2578 c.
439 2527 496 2580 edd.
516 2526 561 2580 SP.
579 2525 667 2578 Venet.
688 2529 710 2577 1.
730 2534 756 2576 ct
774 2524 865 2589 iiunn„
885 2529 1029 2595 mapiestas
1048 2524 1176 2577 Venett.
1194 2525 1236 2576 12.

217 2618 357 2698 maledicta
381 2613 419 2664 Bb
444 2621 470 2664 et
494 2612 524 2665 Α.
562 2612 649 2664 Statim
674 2629 728 2666 non
751 2615 789 2666 sit
813 2614 961 2665 turbulenta
988 2612 1046 2663 edd.
1066 2619 1125 2662 ante
1143 2612 1236 2706 Manui.

218 2733 317 2783 omnes,
336 2736 397 2773 non.
423 2700 479 2737 ⁶⁰¹¹·
503 2719 655 2770 turbulenta
682 2719 750 2782 (con.
770 2715 802 2767 ah
827 2717 857 2768 ai.
885 2733 917 2768 m.
936 2716 1075 2784 superam.)
1100 2716 1159 2780 hih,
1184 2733 1237 2769 non

217 2807 366 2860 turbotenta
389 2803 436 2856 hia.
482 2803 526 2867 13)
546 2802 604 2854 Ver.
623 2802 692 2854 addit
718 2813 741 2856 ct
765 2808 945 2873 corasessionis
967 2802 1091 2870 probante
1116 2802 1236 2870 Rigaitio.

218 2890 279 2944 uum
297 2908 396 2946 amena
421 2895 554 2961 serpentis
578 2890 664 2942 scribit
683 2889 736 2954 tib,
762 2909 829 2946 cena
853 2911 877 2945 s·
897 2889 926 2943 Α.
971 2891 1015 2954 14)
1035 2901 1059 2944 et
1077 2892 1237 2944 detestabilis

218 2994 267 3031 om.
287 2978 346 3030 Ver.
381 2976 443 3030 Post
460 2981 621 3032 detestabilis
640 2979 666 3028 in
686 2977 726 3029 hib
745 2980 939 3046 superscriptum
963 2982 1026 3033 cita.
1061 2977 1089 3030 ln
1115 2994 1187 3046 seqq.
1208 2980 1237 3032 si

217 3069 396 3134 confusionis
414 3081 481 3119 suae
503 3067 599 3120 matam
624 3070 850 3120 conversationem
867 3068 1012 3134 prodiderit
1028 3066 1115 3134 inepte
1134 3068 1236 3120 exhibet

218 3151 269 3204 nib.
310 3157 462 3208 Prodiderat
484 3155 509 3204 in
536 3152 585 3204 hoe
609 3152 673 3206 iihro
699 3162 801 3206 enatum
827 3152 928 3205 videtur
946 3156 1140 3223 spretionem,
1168 3154 1236 3225 quod

218 3241 313 3306 primus
326 3239 421 3291 invexit
433 3237 567 3306 Panotios,
588 3257 663 3309 quem
677 3243 767 3292 merito
781 3241 863 3292 secuti
875 3249 932 3292 sunt
946 3239 1058 3292 editores
1070 3243 1235 3306 posteriores.

217 3323 288 3376 itanc
315 3327 381 3377 enim
404 3325 539 3378 lectionem
564 3330 670 3396 egregie
691 3327 840 3379 confirmant
858 3325 933 3394 codd.
951 3325 1009 3376 Ver.
1028 3325 1068 3377 W.
1090 3327 1137 3378 hia.
1155 3326 1193 3379 tta
1211 3336 1237 3381 et

218 3410 347 3468 sexdecim
358 3410 454 3478 Belua,
474 3412 578 3464 alteram
597 3429 660 3465 uero
679 3416 704 3465 in
724 3414 813 3465 decem
832 3415 942 3483 antiquis
960 3412 1089 3464 aBaiuaio
1108 3415 1236 3466 inuentam

219 3515 252 3550 ex
276 3500 367 3550 nostris
389 3508 492 3566 praeter
518 3499 559 3552 hib
584 3500 760 3553 tantummodo
783 3499 906 3567 praebent
931 3497 969 3550 Bh
994 3508 1019 3557 et
1038 3498 1079 3551 hid
1105 3517 1154 3552 una
1180 3518 1236 3554 curn

220 3584 406 3652 exemplaribus
431 3595 489 3638 ante
507 3585 601 3640 Pamei.
620 3589 686 3654 typis
706 3588 846 3654 exscriptis.
882 3591 1017 3641 Prodierit
1036 3587 1078 3639 dat
1095 3587 1149 3656 Mc,
1166 3608 1235 3660 pro·

219 3671 331 3728 deritb.
363 3672 463 3725 Deinde
480 3678 601 3745 fidetitmc
619 3676 767 3728 macntetnr
786 3673 847 3741 (sic)
860 3674 890 3726 Α.
921 3673 981 3726 Post
997 3677 1139 3730 ecetesiam
1158 3680 1235 3730 deni-

220 3776 269 3829 qna
297 3774 329 3810 ex
352 3758 411 3812 Ver.
438 3761 589 3815 inseruimus
616 3764 704 3829 ipsam
732 3769 836 3814 auctore
864 3761 982 3830 Rigaitio.
1026 3760 1120 3846 Paulo¹
1133 3770 1191 3829 post
1213 3760 1237 3813 Α

219 3861 306 3915 scribit
322 3867 404 3917 citam
426 3866 542 3934 prienam
567 3877 614 3930 pro
639 3866 714 3932 tidem
732 3867 854 3933 primam.
890 3864 952 3916 Tum
976 3849 1122 3935 pastoriam
1149 3869 1188 3928 (ri
1204 3864 1236 3918 ah

220 3946 304 4013 aim.
324 3949 423 4016 addito)
451 3949 529 4001 hahet
545 3948 594 4012 his.
