2904 4692
243 599 320 650 onus
343 593 430 668 peter
452 588 503 668 qni
526 592 572 650 est
595 587 623 648 in
647 584 746 648 coelis.
786 583 821 646 Et
837 583 992 666 discipulo,
1015 586 1065 667 qni
1082 586 1260 659 mentionem

244 699 375 762 defuncti
399 700 491 782 petris
515 698 629 761 fecerat
645 691 689 776 ⁹),
722 694 877 778 respondit
894 693 949 771 ¹⁰):
985 697 1059 760 Sine
1077 697 1117 776 ¹¹)
1146 701 1261 764 mortni

242 823 382 878 morinos
405 833 482 877 soor
505 815 675 894 sepeliant;
699 810 815 874 dixerat
837 813 914 874 enirn
937 818 1049 894 petrem
1070 829 1155 877 suurn
1175 832 1260 877 rnor-

243 935 335 1008 tunm,
358 927 485 991 comsit
508 925 691 989 credentium
712 931 798 1006 pater
821 926 917 988 vivus.

718 1123 781 1193 ltl.

329 1267 392 1329 Nec
414 1266 471 1329 hoc
492 1264 513 1338 ¹)
537 1265 643 1344 solnrn,
667 1263 776 1328 iratres
800 1261 999 1341 dilectissimi,
1022 1264 1259 1329 animadvertere

241 1389 271 1443 et
293 1379 469 1460 intellegere
492 1378 654 1456 debemus,
685 1376 765 1458 qnod
789 1376 971 1457 appellemus
997 1382 1110 1458 patrem
1141 1379 1191 1458 qni
1221 1379 1259 1440 sit

241 1495 269 1555 in
293 1493 401 1568 coelis,
426 1491 481 1553 sed
504 1491 712 1573 coniungimns
736 1489 929 1576 etdicimos:
964 1487 1057 1550 Pater
1080 1498 1204 1566 noster,
1229 1490 1258 1551 id

152 1620 163 1632 ·
241 1610 304 1683 est,
338 1621 443 1666 eorurn
466 1605 515 1685 qni
539 1603 683 1683 credunt,
716 1620 820 1665 eorurn
843 1603 894 1683 qni
916 1621 972 1683 per
995 1620 1062 1666 enm
1085 1603 1259 1666 sanctificati

241 1723 270 1780 et
293 1717 409 1800 gratioe
432 1717 570 1797 spiritalis
595 1717 743 1779 netivitete
766 1717 895 1797 reparati
922 1715 973 1777 lilii
1001 1714 1050 1776 dei
1080 1733 1151 1778 esse
1181 1733 1257 1778 coe-

240 1838 355 1912 perunt.
402 1835 486 1905 once
510 1828 615 1905 noxi)
647 1829 773 1892 ludaeos
802 1829 888 1892 etiem
919 1829 1093 1912 perstringit
1125 1835 1154 1890 et
1182 1845 1257 1908 per-

240 1946 330 2022 cutit,
360 1946 410 2025 qui
433 1943 581 2007 Christum
604 1943 661 2007 sibi
682 1962 737 2024 per
758 1943 920 2024 prophetes
943 1941 1144 2004 odnunlintn'rn
1168 1947 1198 2004 et
1219 1942 1256 2004 od

239 2059 382 2138 seprius
410 2058 530 2121 missurn
560 2072 620 2120 non
651 2064 762 2120 tontum
789 2061 970 2138 spreverunt
991 2053 1168 2134 infideliter,
1202 2054 1256 2118 sed

239 2254 287 2306 Pro
306 2258 335 2308 in
354 2253 499 2308 terrcVer.
518 2259 546 2307 in
565 2258 654 2308 torris.
690 2251 756 2304 Dein
777 2270 837 2307 rum
855 2257 892 2307 eit
904 2252 940 2304 Bo
960 2252 1063 2305 otlicd.
1101 2257 1143 2306 Sit
1162 2252 1255 2306 orno.

239 2339 327 2392 stettin
346 2342 370 2391 in
391 2338 424 2392 Be
443 2341 532 2392 ordine
550 2341 651 2392 inverso
670 2338 763 2407 legitur
782 2359 854 2395 nnus
872 2351 948 2411 potor
966 2345 1058 2405 nobie,
1083 2349 1133 2391 turn
1153 2344 1198 2410 prri
1217 2351 1258 2395 osi

239 2443 289 2479 orn.
308 2424 343 2477 Bc
363 2435 389 2478 et
408 2423 457 2477 ltd.
494 2428 522 2484 9)
541 2431 670 2495 defecerat
689 2424 737 2476 ne.
775 2425 820 2493 10)
840 2424 925 2476 Metti.
945 2427 970 2490 8,
989 2427 1032 2476 22.
1079 2426 1122 2494 tl)
1145 2431 1258 2480 sterent

238 2520 337 2570 mortui
354 2517 482 2581 sepeliant
500 2515 620 2566 mortim
637 2529 705 2564 soor
724 2509 767 2561 Bc.
785 2510 848 2562 olco.
866 2510 895 2560 Α.
934 2514 965 2563 tn
984 2514 1008 2560 in
1028 2511 1068 2563 lib
1088 2527 1107 2562 r.
1128 2529 1159 2563 ni.
1179 2527 1255 2578 supr·

239 2599 343 2652 eddidit.
375 2597 402 2647 ln
420 2613 491 2664 seqq.
511 2614 572 2650 cum
590 2612 627 2664 pr.
649 2598 767 2648 onrissurn
787 2613 807 2648 r.
826 2612 858 2646 m.
878 2599 945 2647 inter
964 2596 1008 2648 lin.
1027 2597 1161 2663 supplevit.
1193 2596 1255 2650 Turn

237 2696 312 2754 potor
329 2686 489 2736 credentium
508 2682 543 2733 Bc
563 2692 588 2733 et
608 2682 673 2745 lind,
693 2687 775 2737 unios
794 2698 840 2750 pro
858 2687 939 2737 vivus
959 2682 1013 2748 lie,
1033 2701 1105 2754 unus
1124 2681 1160 2733 Mi
1178 2693 1203 2734 et
1224 2685 1255 2738 Α.

310 2768 360 2819 vlt.
382 2769 408 2836 l)
426 2772 475 2821 troc
494 2783 544 2820 orn.
558 2767 585 2820 G.
618 2769 682 2821 Dein
700 2774 800 2839 [ratres
817 2773 961 2824 karissimi
976 2770 1090 2821 scribunt
1103 2769 1137 2821 Bc
1151 2779 1176 2820 et
1191 2769 1256 2836 nied,

240 2865 266 2907 ot
290 2860 391 2924 possim.
428 2855 485 2909 Mox
509 2861 673 2927 appellemus
699 2855 741 2908 Bc.
766 2856 821 2908 olco
847 2865 872 2908 et
895 2857 926 2908 Α.
963 2855 1094 2908 Posterior
1120 2857 1185 2908 liber
1212 2858 1256 2908 dol

237 2947 341 3014 quiesi
360 2949 387 2997 in
409 2948 497 3000 coelis.
535 2945 645 2997 Vocules
670 2949 696 2999 id
719 2955 759 2999 ost
783 2944 815 2996 ob
840 2945 873 2996 sl.
894 2961 924 2997 nr.
946 2947 1012 2996 inter
1033 2961 1098 2995 vers.
1118 2944 1196 2996 hebet
1214 2943 1254 2995 W.

238 3027 299 3079 Turn
320 3034 364 3100 poi
382 3034 500 3085 creditor
517 3031 565 3083 Me.
604 3030 664 3082 Post
682 3035 792 3085 crodunt
810 3029 846 3081 Bb
868 3031 936 3081 cddn
959 3035 987 3083 in
1012 3049 1078 3084 enm.
1116 3030 1189 3094 Quod
1209 3048 1254 3083 so·

238 3117 322 3183 quitur
339 3133 430 3170 eornm
449 3119 524 3170 deest
543 3119 567 3168 in
588 3117 627 3168 lto
647 3126 672 3168 et
691 3118 726 3181 Α,
744 3135 797 3170 non
815 3134 907 3171 eornm
926 3121 970 3187 poi
986 3129 1095 3188 perorent
1114 3121 1159 3184 (ite
1180 3121 1255 3170 etiarn

239 3199 273 3251 Bc
293 3211 319 3252 et
338 3200 422 3269 lico),
443 3191 609 3267 sericorum,
628 3207 673 3272 poi
689 3221 737 3271 per
755 3221 815 3256 eom
833 3207 994 3273 sanctificari
1011 3214 1075 3259 snrtt
1094 3204 1195 3256 exhibet
1214 3204 1253 3255 ed.

238 3285 300 3336 lien.
338 3287 425 3338 Statim
445 3293 571 3357 specialis
591 3304 638 3355 pro
657 3292 793 3358 spiritatis
812 3298 851 3355 (nt
870 3306 925 3357 cop.
943 3290 961 3342 1.
981 3291 1081 3355 notri)
1103 3293 1137 3356 Α,
1163 3295 1253 3360 spiri·

237 3376 320 3427 tirolis
335 3374 382 3424 ote.
414 3373 568 3444 sumptio
587 3375 672 3426 eills.
705 3374 777 3427 Coni.
797 3393 872 3445 supra
892 3377 1003 3445 capvt.
1024 3379 1112 3428 not.5.
1150 3378 1180 3446 2)
1199 3395 1255 3431 voce

237 3475 286 3511 orn.
307 3459 341 3510 Bc
361 3469 387 3510 et
406 3459 469 3513 llcd.
508 3465 620 3517 ludaeos
638 3453 784 3516 erlamfnoc
802 3466 893 3516 ordine
913 3465 1025 3517 scribunt
1042 3463 1070 3515 G.
1086 3465 1125 3514 W.
1141 3464 1254 3516 linbrde.

237 3544 297 3599 Bac.
316 3547 355 3611 Α,
383 3564 432 3598 nec
458 3548 600 3615 discrepent
624 3551 682 3600 edd.
708 3549 782 3602 Grec.
809 3550 902 3602 Menut.
928 3550 1020 3602 Pornel.
1041 3550 1096 3620 ntg.
1117 3559 1142 3603 st
1162 3548 1254 3615 Oron,

237 3639 313 3687 etinm
332 3639 443 3689 ludaeos
470 3635 563 3687 liabent
587 3637 662 3688 codd.
688 3645 714 3688 et
739 3637 797 3689 edd.
822 3638 877 3690 roll.
915 3637 975 3689 Post
998 3641 1157 3707 perstrinpit
1175 3634 1210 3688 Bc
1230 3645 1255 3688 et

237 3719 292 3772 ltcd
315 3721 427 3773 inierunt
449 3727 585 3777 contortis.
622 3723 683 3774 turn
708 3729 770 3794 quio
796 3739 841 3791 pro
867 3729 911 3793 poi
935 3724 1012 3775 hebet
1031 3723 1058 3775 C.
1097 3723 1213 3774 Proximo
1239 3743 1255 3776 a

235 3811 369 3878 propinetis
388 3807 448 3859 dent
466 3805 502 3857 Bc
522 3815 546 3859 et
566 3807 639 3874 llcd,
666 3811 724 3861 dein
743 3813 927 3864 adnuntiatum
945 3808 973 3861 G.
994 3809 1034 3861 W.
1056 3809 1104 3862 lib.
1126 3808 1176 3873 lis,
1202 3811 1253 3862 crd-

236 3898 390 3948 nonoiatosn
409 3893 460 3959 Bc,
484 3899 670 3949 mnnntiatnnr
687 3896 728 3948 rel
748 3900 938 3950 annuiteiciom
956 3895 1024 3964 vulg.
1062 3894 1145 3946 Verbo
1164 3909 1254 3962 sopp:

237 3987 261 4030 et
279 3983 312 4032 stt
328 3997 359 4034 se
375 3983 453 4048 prior
472 3985 587 4037 missurn
606 3983 698 4035 dosunt
717 3986 742 4034 in
758 3982 808 4034 lto.
846 3982 933 4034 Statim
952 4001 1004 4037 non
1023 3991 1124 4036 rmum
1140 3983 1254 4035 παππία-
