2858 4688
649 323 712 386 me
845 295 849 302 ’

172 483 234 544 ists
259 479 455 560 adponentur
476 479 575 542 nobis.
614 477 665 541 Eis
679 473 705 554 7)
729 480 826 542 omnin
849 479 957 564 sdponi
974 481 1043 545 dicit
1059 489 1088 545 et
1103 483 1188 564 tundi,

172 595 222 676 qui
247 611 372 676 regnum
397 599 427 656 et
449 595 586 656 iustitiam
609 593 657 656 dei
679 597 833 674 quaerunt.
871 593 932 658 Eos
950 597 1026 658 enim
1043 597 1189 675 dominus,

171 726 237 770 cum
260 707 361 770 iudicii
385 705 449 769 dies
472 707 599 786 venerit,
624 707 660 768 nd
683 707 905 789 percipiendum
929 704 1096 792 regnum⁸)
1120 709 1189 773 dicit
1237 751 1239 756 -

171 821 298 898 admitti,
332 820 383 902 qui
412 819 521 882 fuerint
550 821 580 882 in
611 821 737 888 ecclesia
763 821 826 882 eius
849 825 973 903 operati.
1020 823 1126 885 Metuis
1151 840 1189 886 nc

171 934 376 1016 patrimonium
403 909 489 995 tuum·
509 932 586 996 torte
603 927 630 1006 9)
654 933 785 1010 deficiet,
809 934 834 997 si
858 937 976 1017 operari
1001 953 1100 998 exeo
1124 937 1188 998 lar-

170 1047 250 1129 giter
273 1045 430 1126 coeperis,
462 1049 491 1106 et
513 1044 613 1106 nescis
637 1030 755 1122 misen
769 1045 854 1126 quio,
878 1045 945 1107 dum
969 1047 1054 1110 times
1077 1065 1116 1109 ne
1139 1065 1190 1110 res

171 1159 320 1222 familiaris
345 1157 477 1236 deiciet,
511 1158 568 1220 vite
600 1159 663 1239 ipse
695 1165 725 1219 ct
754 1159 834 1221 seius
858 1157 975 1239 deficit,
1007 1167 1037 1223 et
1060 1160 1128 1223 dum
1151 1166 1189 1223 nc

170 1270 239 1352 quid
263 1269 414 1334 derebus
438 1270 495 1332 tuis
520 1269 666 1332 minuatur
689 1269 833 1348 attendis,
865 1287 925 1334 non
954 1273 1080 1355 respicis
1109 1272 1188 1354 quod

170 1387 234 1468 ipse
256 1386 408 1463 minueris,
433 1391 546 1448 smetor
572 1387 665 1468 mngis
687 1403 849 1464 mamonae,
874 1405 961 1476 quem
978 1389 1094 1452 enimse
1110 1397 1188 1469 tunc,

170 1506 202 1562 ut
225 1499 293 1562 dum
315 1501 401 1563 times
424 1519 462 1562 nc
484 1517 540 1581 pro
564 1507 593 1562 te
615 1501 822 1582 patrimonium
846 1500 973 1582 perdas,
996 1501 1025 1564 id
1049 1503 1133 1585 ogis,
1157 1507 1189 1581 ut

170 1699 301 1769 iustitiam
318 1717 360 1768 ttee'
378 1728 425 1780 pro
445 1711 539 1785 vulgat.
557 1731 669 1783 repnsion
688 1717 729 1768 dei
746 1725 770 1767 et
789 1717 920 1768 iustitium
937 1718 997 1769 sius
1015 1717 1188 1783 praebuerunt

172 1801 247 1852 codd.
261 1799 302 1850 W.
316 1799 372 1851 binb
386 1807 412 1851 et
426 1799 472 1864 Bo,
493 1801 518 1850 in
538 1815 587 1868 quo
607 1807 646 1851 est
664 1803 762 1854 domini
774 1803 960 1867 permutatione
973 1801 1187 1870 frequentissima.

172 1888 313 1939 Goncinont
335 1889 359 1939 in
379 1885 447 1938 Test.
466 1886 506 1938 W.
525 1886 583 1937 bibo
602 1893 628 1938 et
646 1886 697 1950 Βιι,
725 1902 773 1937 neo
793 1902 843 1938 non
864 1888 896 1937 de
915 1887 1007 1938 domin.
1028 1897 1091 1940 onst.
1111 1890 1187 1940 codd.
1221 1923 1225 1933 ·

171 1973 227 2026 iere
248 1989 336 2026 omnes
355 1982 381 2025 et
399 1973 544 2042 complures
563 1973 618 2024 iibri
639 1974 707 2024 editi.
742 1972 769 2024 ln
783 1971 925 2024 Manutinno
946 1988 1056 2042 qnoque,
1075 1975 1119 2026 nbi
1139 1976 1187 2026 de-

171 2068 229 2112 sunt
253 2074 326 2112 voco.
347 2071 370 2114 et
388 2065 520 2115 iustitiam
538 2066 613 2127 eius,
641 2063 679 2111 vir
705 2061 771 2112 doct.
796 2071 819 2113 et
842 2064 974 2115 iustitiam
998 2071 1056 2128 post
1079 2081 1189 2132 repnusn

171 2147 277 2198 addidit.
322 2145 441 2200 Ceterum
467 2148 602 2200 vorborum
631 2148 747 2199 ordinem
775 2165 788 2198 ιι
816 2164 857 2199 me
885 2157 1014 2215 receptum
1043 2150 1190 2218 confirment

171 2237 247 2286 etism
266 2235 351 2286 Nostri
370 2235 448 2288 verbs
468 2251 554 2303 seqq.r
582 2239 627 2303 qui
651 2253 762 2305 reponem
787 2246 811 2289 et
834 2221 964 2290 iustitiam
989 2239 1030 2290 dei
1053 2247 1189 2306 quaenunt.

171 2320 259 2372 Statim
281 2326 345 2376 boec
368 2325 455 2376 omnia
479 2321 569 2388 (ταῦτα
594 2318 688 2384 edura)
715 2321 808 2373 hebent
834 2322 891 2373 edd.
916 2304 978 2374 vett.
1004 2331 1030 2373 et
1047 2321 1145 2374 Essem.
1168 2339 1189 2374 c.

174 2408 269 2460 biorell.
308 2408 369 2460 Tum
396 2412 561 2478 adponentur
584 2406 624 2458 W.
651 2408 697 2459 bin.
725 2407 761 2459 Bb
787 2410 858 2473 (item
883 2411 907 2460 in
932 2407 1000 2460 Test.
1026 2410 1057 2459 W
1073 2418 1108 2464 :et
1132 2408 1191 2477 Bu),

174 2507 337 2567 opponentur
354 2497 448 2564 uulgo,
476 2507 645 2566 apponuntur
663 2495 706 2548 bn.
755 2496 783 2560 7)
803 2500 865 2551 Hts's
884 2495 940 2560 bid,
967 2503 990 2551 e't
1009 2499 1037 2548 σι’
1055 2493 1094 2546 bin
1114 2503 1140 2546 et
1159 2493 1189 2545 Α.

173 2585 237 2636 Dein
257 2589 353 2654 adponi
371 2589 430 2652 (pro
450 2587 557 2654 opponi)
576 2584 616 2635 W.
636 2582 674 2634 bie
695 2583 801 2635 et·Bsb.
838 2582 896 2634 Post
915 2587 959 2652 que·
977 2583 1001 2634 iu
1021 2583 1043 2633 Α
1062 2583 1126 2634 mole
1146 2597 1190 2634 re·

173 2675 265 2738 petitor
284 2677 360 2725 tradi.
398 2673 425 2734 8)
446 2671 480 2723 Bn
499 2671 570 2722 nddit
588 2675 636 2726 dei.
675 2672 704 2731 9)
724 2676 792 2741 forte
811 2687 861 2723 om.
883 2669 903 2720 Α
925 2679 950 2720 et
969 2670 1010 2723 ed.
1030 2669 1139 2732 bisunt.;
1166 2672 1191 2722 in

174 2755 249 2808 Genu.
269 2756 318 2808 boc
336 2757 486 2809 vocabulum
505 2767 563 2825 post
581 2775 613 2811 ne
632 2760 752 2808 inscrtum
772 2767 818 2809 est.
851 2755 913 2807 Tum
933 2761 1039 2826 operari
1054 2775 1090 2810 ecc
1104 2761 1192 2811 eodem

164 2842 263 2902 ¹scribit
283 2842 331 2893 bib.
368 2843 447 2893 Penio
472 2852 531 2910 post
555 2848 623 2910 forte
649 2846 750 2909 deficiat
776 2851 858 2893 exstet
884 2844 908 2892 in
936 2841 995 2893 edd.
1022 2850 1086 2892 vett.
1115 2851 1140 2892 et
1166 2843 1191 2892 in

174 2928 271 2980 Erssm.
292 2937 368 2996 etque
386 2927 471 2990 Grnm,
491 2931 516 2979 in
535 2943 582 2995 quo
602 2928 747 2994 posteriore
766 2927 821 2978 sdv.
841 2931 910 2996 forte
929 2927 1106 2979 minutioribus
1125 2929 1193 2994 typis

176 3031 294 3066 excusum
320 3014 434 3067 babetur.
473 3014 555 3065 Verbo
582 3015 709 3080 proxime:
736 3015 791 3065 es'to
816 3007 876 3082 ipe'o
899 3023 923 3066 et
948 3016 1025 3066 satus
1050 3015 1135 3082 defficit
1158 3023 1191 3080 ct,

175 3103 266 3152 desunt
290 3104 315 3152 in
338 3103 365 3154 Α.
403 3101 503 3153 Deinde
527 3103 613 3155 minui
637 3107 686 3167 (pr.
705 3102 854 3162 minuatur)
878 3099 923 3152 Bb.
961 3099 1049 3151 Statim
1074 3102 1193 3153 adtendis
1300 3165 1303 3172 Ι

176 3189 214 3240 W.
234 3189 272 3241 bin
294 3198 320 3242 et
338 3188 400 3242 Bab.
438 3187 573 3256 Perpetem
593 3206 641 3258 qne
660 3189 691 3254 (i.
713 3204 736 3239 e.
757 3188 834 3256 ᾳιιαε)
855 3192 915 3256 ipse
938 3187 1109 3249 mercuritii,
1135 3189 1194 3255 ipse

175 3293 206 3328 ex
232 3293 296 3329 corr.
317 3277 514 3344 superscriptum
536 3277 560 3326 in
580 3275 620 3326 W.
658 3275 719 3328 Tum
744 3293 879 3330 mamonae
897 3275 928 3325 W
953 3283 978 3326 et
1002 3292 1039 3342 pr.
1061 3274 1101 3327 bib
1128 3289 1192 3326 con-

174 3365 300 3416 sentiente
321 3362 456 3430 exemplari
474 3362 580 3427 bouelt,
599 3381 716 3418 montone
735 3362 784 3426 tte,
802 3380 964 3416 mammonae
982 3361 1021 3413 bin
1041 3371 1067 3413 et
1086 3379 1099 3412 e
1119 3377 1139 3412 s.
1160 3378 1193 3412 ιιι.

176 3450 233 3514 bib,
260 3453 318 3502 item
338 3451 391 3502 Bnb
416 3459 441 3503 et
463 3450 522 3502 edd.
542 3449 638 3501 Erssm.
660 3448 734 3501 Grsv.
754 3447 844 3500 Μιιιιιι.
866 3448 960 3501 anei.
980 3465 1010 3500 sc
1028 3449 1193 3517 posteriores,
1253 3458 1255 3462 '

174 3555 320 3593 mammone
339 3538 387 3590 bid.
408 3539 437 3590 Α.
476 3537 532 3588 Vid.
554 3536 585 3587 nd
605 3551 660 3603 cop.
681 3535 744 3587 vm.
766 3545 818 3586 not.
839 3536 878 3586 2¹.
916 3539 1018 3601 Tuum,
1046 3536 1113 3604 quod
1133 3534 1193 3585 vni-

175 3627 227 3692 gsti
252 3623 308 3676 iibri
332 3624 426 3676 addunt
450 3632 507 3690 post
529 3625 733 3693 patrimonium,
761 3623 833 3673 omisi
857 3622 1039 3690 praeeuntibus
1064 3619 1194 3672 codicibus

176 3712 234 3764 Ver.
255 3713 294 3763 W.
315 3713 394 3764 binbc.
416 3709 477 3763 Bnb.
496 3710 526 3761 Α.
564 3709 663 3763 Deinde
686 3725 717 3761 ex
735 3709 793 3761 Ver.
815 3711 901 3777 recepi
920 3709 999 3761 verbs
1018 3711 1046 3761 s'd
1063 3711 1136 3777 apis,
1166 3717 1195 3761 ut

175 3799 282 3870 prebete
307 3801 357 3852 inm
383 3799 544 3868 eRignlti03
573 3802 631 3868 ipse
652 3801 809 3867 patrimonio
833 3814 927 3867 pereso
952 3795 1030 3847 bnbet
1054 3793 1101 3847 Bh.
1137 3797 1194 3848 uec

174 3895 232 3957 post
255 3889 416 3960 patrimonio
440 3886 512 3942 eben
533 3886 607 3941 etiem
628 3901 641 3934 s
662 3883 720 3939 Ver.
741 3883 773 3936 W
792 3891 817 3937 et
835 3882 933 3938 Mnbcd.
970 3876 1054 3948 Quare
1074 3881 1193 3949 expunxi.
1221 3900 1224 3906 ι
