2904 4692
752 371 815 440 tao

273 531 383 611 timeat,
407 530 460 593 sed
485 532 538 612 qui,
559 550 599 594 cx
622 543 698 611 aqua
715 537 744 594 et
759 531 863 613 spiritu
876 527 903 606 ⁴)
921 547 980 594 non
997 537 1117 596 renatus
1133 533 1290 615 gebonnue

273 645 392 730 ignibus
420 646 617 726 mancipatur,
640 645 715 708 mori
737 645 836 708 timeat
859 646 908 725 qui
932 661 991 708 non
1016 643 1126 708 Gbriati
1147 663 1238 708 cruce
1260 653 1290 708 et

271 761 411 843 passione
435 765 594 838 censetur,
625 758 700 822 mori
723 758 825 821 timeat
846 758 896 838 qui
919 757 956 819 ad
980 759 1141 822 secundnm
1165 766 1288 823 mortem

271 873 309 936 dc
332 874 387 936 bac
411 879 507 936 morte
531 872 674 950 transibit,
698 873 772 935 mori
797 872 895 934 timeat
917 890 1004 951 quem
1029 871 1066 934 dc
1090 873 1212 937 saeculo
1235 893 1289 937 ra-

271 985 426 1048 eedentem
443 983 626 1064 perennibus
641 984 746 1064 paenis
760 987 882 1044 aeterna
900 981 1013 1044 flamma
1030 985 1190 1065 torquebit,
1214 988 1288 1050 mori

270 1101 370 1161 timeat
393 1097 441 1159 cui
464 1096 521 1160 boe
545 1115 627 1158 mora
650 1095 791 1176 longiore
814 1094 978 1174 confertur,
1002 1103 1034 1158 ut
1053 1097 1203 1162 cruciatus
1223 1099 1288 1162 cius

270 1217 300 1274 et
322 1211 451 1294 gemitus
474 1210 590 1272 interim
615 1207 774 1274 differatur.

753 1406 802 1477 XI.

356 1551 438 1613 Multi
460 1556 499 1612 ex
522 1552 633 1613 nostris
656 1551 684 1612 in
708 1549 763 1612 buc
782 1527 964 1612 'mortalitate
983 1545 1008 1625 ¹)
1031 1548 1205 1626 moriuntur,
1229 1547 1287 1610 boc

268 1669 324 1737 est,
348 1662 428 1725 multi
452 1679 490 1724 cx
514 1663 625 1726 nostris
647 1661 684 1724 de
705 1660 826 1723 saecuto
842 1648 1014 1722 liberantur.
1053 1660 1215 1724 Mortalitas
1231 1662 1285 1724 ista
1363 1689 1366 1692 ·

267 1773 384 1836 iudaeis
401 1772 429 1852 Ἰ)
452 1782 481 1864 et
505 1773 665 1858 gentilibus
689 1781 719 1836 et
742 1773 849 1834 Obristi
874 1773 1008 1836 hostibus
1031 1774 1124 1854 pestis
1148 1781 1211 1850 est,
1238 1772 1285 1834 dei

267 1888 365 1950 servis
388 1884 527 1951 salutaris
551 1905 696 1950 excessus
721 1895 775 1949 est.
815 1885 878 1948 Hoc
891 1884 919 1960 ³)
943 1886 1023 1967 quod
1048 1887 1113 1949 sinc
1136 1886 1196 1948 uilo
1219 1885 1285 1949 dis-

267 2003 390 2064 crimine
420 2001 543 2084 generis
575 2000 692 2062 bumani
723 2017 789 2078 cum
821 1999 936 2061 iniustis
967 1999 1130 2060 moriuntur
1154 2006 1183 2060 et
1206 1999 1285 2078 iusti,

267 2133 327 2178 non
352 2123 397 2176 est
420 2115 500 2195 quod
523 2114 632 2195 putetis
654 2113 739 2175 malis
763 2117 792 2173 et
816 2112 903 2174 bunis
925 2112 1074 2174 interitum
1098 2129 1167 2174 esse
1196 2128 1286 2173 com·-

266 2247 393 2290 munem.
424 2209 486 2290 'Ad
521 2227 711 2312 refrigerium
744 2216 1006 2306 iusti'vocantur,
1042 2227 1079 2287 ad
1111 2225 1286 2308 supplicium

265 2343 419 2423 rapiuntur
444 2341 551 2404 iniusti.
598 2341 689 2402 Datur
720 2339 854 2402 velocius
885 2324 975 2402 tutele
1005 2337 1178 2416 fidentibus,
1209 2355 1286 2419 per-

264 2451 330 2516 tidia
352 2473 457 2535 paene.
503 2453 655 2535 lnprovidi
679 2459 708 2514 et
732 2453 840 2535 ingrati
862 2469 980 2529 sumus,
1012 2452 1120 2514 iratres
1145 2451 1286 2514 diiectis-

222 2734 226 2748 r
264 2719 324 2768 itam
351 2717 376 2768 in
400 2715 497 2770 Erasm.
525 2724 551 2767 et
576 2714 650 2768 Grau.
676 2718 796 2768 omissum
823 2726 870 2769 eat.
913 2716 971 2769 biox
995 2722 1055 2787 fidei
1082 2717 1175 2769 excidit
1201 2719 1226 2768 iu
1252 2721 1283 2770 Α.

263 2805 294 2871 4)
312 2804 423 2855 Additur
439 2814 531 2858 sanato
550 2805 575 2853 in
589 2802 633 2854 un.
671 2803 731 2854 Tum
749 2808 880 2874 pebersnas
896 2808 969 2873 ipaia
986 2805 1075 2856 scribit
1087 2803 1132 2856 Bb.
1169 2802 1196 2854 ln
1210 2819 1284 2872 seqq.

263 2891 358 2943 rerba:
386 2896 456 2944 mori
480 2895 570 2944 timeat
595 2894 640 2960 qui
664 2894 697 2944 ad
715 2894 858 2944 secandam
876 2900 985 2946 martem
1004 2925 1035 2934 -
1056 2920 1089 2928 -
1109 2920 1140 2930 -
1160 2894 1287 2944 transibit

223 3023 225 3030 .
262 2977 609 3046 ar.m.inmg.babetbic.
647 2976 709 3028 Tum
729 2979 921 3044 corruptissime
939 2981 984 3046 qui
1001 2995 1032 3031 se
1049 2982 1187 3032 sacrato-
1202 3006 1285 3018 --

261 3054 396 3133 torquebat
415 3093 444 3103 -—
465 3069 572 3119 timebat
590 3065 618 3118 Α,
656 3066 743 3118 Statim
761 3070 824 3122 baec
843 3065 903 3133 (bec
921 3065 955 3133 Α)
974 3083 1050 3120 arrosa
1066 3069 1171 3136 tonpior
1189 3069 1214 3132 (a
1232 3065 1284 3118 ab·

261 3155 332 3214 raso)
354 3149 403 3202 ttb.
1009 3165 1015 3176 ·

331 3236 371 3288 xi.
409 3239 435 3300 1)
457 3243 508 3292 boc
525 3243 553 3292 iu
571 3242 730 3293 mortalitate
748 3238 795 3290 bic.
830 3239 889 3292 btox
907 3243 938 3294 ris
955 3243 1130 3294 boccaccetto
1148 3237 1186 3290 Bb
1205 3247 1231 3289 et
1250 3241 1283 3290 Α.

260 3324 290 3392 2)
318 3335 348 3378 at
373 3327 480 3378 iudaeis
508 3359 537 3368 -
565 3329 602 3378 ita
627 3329 670 3378 aiei
694 3329 785 3380 amuis
810 3325 891 3377 Marte
916 3341 963 3377 suo
990 3327 1125 3392 scripserat
1150 3325 1282 3376 Erasmus.

144 3441 145 3444 =
259 3411 358 3462 Abeunt
377 3411 518 3476 particulae
537 3413 725 3479 comparativae
745 3429 759 3462 a
779 3413 854 3465 codd.
869 3413 928 3464 Ver.
943 3411 1024 3478 Neap.
1038 3421 1063 3463 et
1076 3413 1140 3462 meis
1154 3412 1282 3464 omnibus.

259 3495 391 3548 Erasmum
410 3500 493 3549 secuti
510 3507 568 3549 aunt
587 3499 701 3549 editores
720 3503 876 3569 posteriores
894 3508 998 3567 praeter
1018 3497 1158 3550 btoreiiium
1180 3513 1284 3558 omnes.

258 3581 307 3634 Pro
326 3587 468 3652 perstitimus
486 3583 562 3635 codd.
577 3583 617 3634 bib
631 3593 656 3634 et
669 3585 690 3634 Α
704 3585 883 3653 editioneaque
897 3583 992 3636 Erasm.
1006 3582 1080 3634 Grau.
1094 3591 1170 3651 atquc
1184 3581 1283 3634 Manui.

259 3668 378 3721 exhibent
391 3672 517 3738 pendisse
557 3669 586 3737 3)
606 3673 661 3723 Hoc
676 3675 745 3722 caim
758 3669 807 3723 bib.
844 3668 922 3722 Paulo
939 3678 997 3737 pust
1011 3679 1036 3722 at
1046 3673 1115 3724 iusti
1126 3672 1284 3722 moriautur

258 3755 315 3805 iibri
332 3763 390 3804 ante
411 3753 546 3804 Manutium
565 3755 634 3807 editi.
674 3755 734 3807 Tum
753 3773 805 3810 aaa
823 3761 892 3812 enim
911 3759 978 3826 paud
996 3756 1033 3822 A,
1060 3750 1112 3809 rica
1132 3760 1284 3820 computetis

258 3840 307 3892 bid.
345 3839 409 3892 Dein
433 3843 513 3892 matie
537 3851 561 3894 et
585 3846 675 3908 bonis,
704 3843 777 3912 quod·
797 3857 843 3911 pro
868 3847 944 3898 tonia
968 3846 1089 3898 esinatis
1107 3843 1210 3910 recepi,
1237 3839 1282 3894 W.

258 3924 329 3975 biacd
347 3934 373 3976 st
392 3925 444 3978 Bab
463 3941 520 3976 curn
538 3927 618 3994 Neep.
1098 3941 1104 3950 ¹
