2880 4696
650 382 693 450 85

168 537 334 618 martyrum
356 534 461 600 meritc
485 543 515 600 et
537 555 628 622 opere
651 543 812 627 iustorum,
835 547 890 612 sed
914 569 980 615 cum
1001 551 1101 620 iudicii
1124 557 1188 624 dies

169 648 306 728 venerit,
337 666 403 714 cum
430 659 499 734 post
530 672 670 722 occasum
699 661 810 726 saeculi
833 663 921 730 huius
944 675 974 730 et
995 667 1096 732 muudi
1118 677 1187 736 ente

169 761 298 827 tribunal
329 762 438 829 Christi
467 769 596 852 populus
631 773 695 838 eius
729 774 882 843 adstiterit.
943 780 1081 846 ceterum
1100 781 1128 863 2)
1161 786 1188 850 si

170 873 236 956 quis
259 893 461 959 praepropere
484 878 675 948 festinatione
696 891 871 954 temerarius
886 895 1093 970 remissionem
1108 916 1188 981 pecs

144 995 303 1052 scutorum
334 991 405 1055 dure
435 1009 470 1057 se
499 997 611 1078 cunctis
641 1007 723 1082 putet
750 1020 861 1086 posse,
891 1013 942 1070 aut
963 1009 1052 1076 nudet
1076 1011 1187 1079 domini
1276 1018 1282 1030 ’

169 1110 330 1187 praecepte
350 1107 544 1190 rescindere,
567 1129 629 1176 non
651 1121 765 1179 tuntum
787 1118 858 1184 nihil
881 1121 1024 1204 prodest,
1048 1125 1103 1188 sed
1127 1127 1187 1191 ob-

169 1223 218 1282 est
238 1218 340 1301 lapsis.
384 1221 570 1290 Provocesse
592 1233 640 1291 est
661 1229 733 1292 iem
755 1248 817 1296 non
845 1251 986 1300 servasse
1002 1235 1030 1316 ³)
1059 1246 1187 1306 senten-

105 1391 106 1396 ,
169 1331 256 1411 dam,
296 1351 353 1396 uec
390 1335 621 1403 misericordium
654 1342 738 1424 prius
774 1343 884 1410 domini
905 1343 933 1426 ⁴)
968 1339 1186 1431 deprecandum

168 1449 291 1526 putere,
323 1444 378 1509 sed
411 1454 580 1531 contempto
612 1450 731 1519 domino
764 1455 802 1520 de
835 1476 888 1522 sue
921 1459 1059 1528 facilitate
1093 1485 1186 1549 pree-

130 1577 158 1621 m
169 1575 298 1622 sumere.
344 1560 404 1626 Sub
426 1581 479 1626 ere
501 1563 549 1628 dei
558 1563 585 1644 ⁵)
607 1567 720 1634 enimse
745 1571 914 1638 occisorum
937 1583 1100 1662 martyrum
1119 1582 1186 1647 cle-

168 1679 250 1736 ment
271 1693 379 1758 magne
401 1694 478 1741 voce
507 1679 640 1746 dicentes
659 1678 705 1760 6);
741 1683 923 1770 Quousque,
958 1691 1078 1758 domim
1107 1715 1185 1760 sua-

168 1793 237 1851 etus
251 1781 278 1866 ⁷)
312 1797 343 1852 et
371 1808 480 1871 cerus,
513 1811 576 1856 nen
608 1795 733 1860 iudicas
765 1807 795 1862 et
824 1801 970 1868 uindices
1002 1810 1184 1890 sanquinem
1216 1819 1224 1830 “

167 2043 264 2096 iudicis*
280 2043 337 2096 da'ss
354 2045 469 2110 uenerit,
496 2061 556 2098 cum
578 2055 640 2116 past
661 2064 786 2103 occasum
804 2049 831 2100 in
848 2057 919 2103 textu
945 2056 1037 2108 enimse
1061 2056 1093 2108 sb
1111 2074 1131 2112 r.
1150 2076 1183 2114 nr.

167 2132 193 2182 in
210 2145 262 2199 mg.
279 2127 357 2181 hebet
374 2128 420 2182 Mc.
456 2126 517 2182 Tum
537 2135 620 2187 iuius
637 2138 724 2188 secuta·
744 2145 767 2190 et
791 2139 873 2191 dutus
897 2143 990 2196 munds·
1006 2141 1037 2194 Α.
1072 2141 1139 2200 Purt.
1160 2160 1184 2202 et

167 2221 194 2271 in
219 2219 259 2270 dic
286 2234 306 2270 r.
334 2234 367 2270 m.
392 2235 467 2286 supra
493 2219 596 2274 addidit.
638 2220 695 2274 Mox
722 2226 846 2280 cstidertt
868 2223 931 2280 Bab.
956 2226 994 2294 Α,
1022 2234 1109 2286 astitit
1130 2233 1183 2302 tid,

170 2309 276 2377 affuerit
291 2305 339 2359 Mc.
375 2306 404 2375 2)
424 2317 541 2362 umerum
559 2307 600 2361 W.
637 2307 738 2362 Deinde
754 2331 932 2385 praeprospera
949 2313 983 2381 Δ,
997 2335 1115 2389 propera
1131 2321 1183 2376 itu.

171 2395 245 2451 Voce.
268 2397 441 2465 festinacione
467 2400 624 2453 remeamus
649 2406 691 2451 ter
714 2409 772 2452 sunt
796 2402 888 2470 scriptu
913 2404 939 2454 iu
964 2405 986 2455 A
1012 2412 1038 2456 et
1062 2408 1097 2460 itu
1124 2413 1182 2480 qui-

169 2483 241 2550 dem,
265 2490 293 2535 ut
315 2483 390 2535 tertio
414 2483 471 2536 icco
495 2483 594 2554 legetur
614 2491 747 2542 temerius.
782 2487 844 2542 Tum
868 2495 985 2547 remissa
1002 2493 1044 2546 itt
1070 2505 1097 2548 et
1119 2501 1184 2554 dere

166 2590 198 2629 sc
216 2576 339 2643 cuiquam
357 2575 415 2640 (pro
434 2572 550 2640 cunetis]
570 2571 621 2640 Bb,
640 2592 670 2629 se
688 2579 809 2646 cuiquam
827 2581 890 2632 dare
909 2579 949 2632 ed.
968 2579 1089 2636 Devenit.
1127 2584 1181 2638 Ce-

166 2662 371 2728 teruminvsrsc
389 2659 478 2712 ordine
497 2660 553 2714 edd.
566 2660 707 2715 Menutienu
720 2667 872 2734 antiquiores
890 2667 1057 2726 exhibentes
1076 2678 1181 2730 cremetis

166 2753 238 2803 dare.
273 2747 332 2801 Mox
350 2759 396 2804 eset
413 2749 531 2801 omissum
549 2751 574 2802 in
594 2751 704 2817 eodem,
729 2755 754 2804 in
777 2753 817 2805 Mc
843 2764 927 2808 eutem
951 2761 1145 2829 superscriptum
1167 2778 1182 2815 s

165 2853 186 2887 r.
206 2852 238 2888 m.
274 2835 339 2887 Dein
356 2839 479 2892 scindere
496 2854 534 2906 pr.
551 2837 599 2891 tto
635 2838 713 2893 Peuic
731 2851 789 2910 post
807 2859 854 2912 pro
877 2848 926 2899 sed
949 2856 973 2900 et
997 2851 1070 2901 otest
1093 2851 1183 2918 recepi

165 2925 215 2978 scd
232 2927 305 2979 obest
321 2939 337 2976 e
352 2924 428 2978 codd.
447 2923 488 2976 Mc
506 2933 532 2977 et
549 2925 581 2992 Α,
601 2926 749 2996 quibuscum
766 2929 828 2982 iecit
846 2932 922 2983 etism
942 2933 1069 3002 exemplar
1088 2935 1180 2988 dianu-

165 3014 270 3064 uenum.
300 3010 355 3063 Nec
373 3010 449 3063 ulitur
464 3028 502 3079 pr.
520 3011 655 3082 legebatur
672 3015 699 3066 in
712 3015 760 3067 dib.
790 3016 846 3069 Vid.
860 3016 1052 3073 Rsmshorn.
1074 3020 1180 3077 Grsmm.

165 3098 219 3152 Lat
238 3097 334 3166 §.19st
352 3098 380 3152 Β.
399 3097 424 3152 3.
443 3114 465 3152 s.
483 3116 508 3169 p.
528 3099 588 3153 835.
617 3100 666 3155 Pro
684 3105 804 3170 tapsus
822 3106 900 3159 hebet
919 3111 1036 3178 imptis.
1056 3107 1085 3179 3)
1103 3111 1180 3166 Pra-

164 3203 279 3242 eeeam
297 3188 330 3240 ad
346 3189 416 3240 irum
434 3197 458 3241 et
474 3205 527 3242 neu
544 3205 672 3244 sanasse
684 3189 714 3242 Α.
749 3191 779 3260 4)
797 3192 834 3245 lts
851 3209 898 3262 pro
910 3193 979 3263 vulg.
992 3197 1034 3250 dci
1045 3197 1084 3251 W.
1098 3196 1180 3252 diebu.

165 3272 227 3326 Bab.
245 3276 277 3325 A.
312 3270 385 3326 Geni.
404 3271 466 3343 Cep.
484 3273 548 3326 xiv.
593 3273 651 3327 Mox
674 3292 721 3346 pro
746 3282 887 3350 facultate,
914 3280 981 3348 quud
1006 3300 1021 3335 e
1046 3282 1179 3340 Csmbron.

165 3376 212 3414 suo
237 3361 333 3430 primus
357 3361 453 3414 invexit
476 3358 620 3428 Pemclius,
649 3378 724 3432 quern
754 3363 860 3432 posthac
883 3371 963 3421 secuti
986 3379 1045 3423 sunt
1068 3374 1181 3427 editores

164 3465 262 3514 omues,
281 3463 338 3501 curn
357 3448 426 3502 libris
443 3447 483 3501 W.
504 3449 552 3502 die.
568 3449 633 3503 Bab.
651 3450 675 3504 A
693 3458 719 3503 et
737 3468 829 3506 novem
847 3463 907 3508 vett.
926 3456 1026 3524 Belum,
1044 3461 1070 3512 in
1089 3461 1181 3529 quibus

164 3545 204 3590 sut
221 3536 354 3606 Seguier„
373 3538 460 3606 scripsi
477 3541 619 3607 facilitate,
638 3539 705 3610 quod
723 3542 749 3592 in
768 3541 823 3594 eliis
841 3553 959 3612 quattuor
976 3563 991 3600 u
1008 3546 1113 3600 Beluzio
1132 3563 1180 3600 ex·

165 3627 245 3677 cussis
270 3625 436 3693 deprevatum
461 3634 500 3679 est
526 3629 552 3678 in
578 3631 710 3698 felicitate.
756 3629 785 3700 5)
812 3634 913 3688 domins·
938 3633 986 3687 Mc.
1031 3633 1093 3687 Tum
1119 3651 1181 3689 cece

163 3731 258 3784 maqua
276 3713 343 3765 dibu.
361 3712 392 3765 Α.
428 3711 602 3782 iiJApoc.6‚
622 3714 662 3766 10.
699 3714 728 3784 7)
746 3719 869 3773 deminus
892 3730 1003 3775 semmua
1021 3720 1067 3772 dic.
1105 3720 1179 3786 Quod

163 3803 276 3872 sequitur
294 3810 320 3856 et
338 3815 387 3854 om.
405 3803 474 3856 idem
492 3802 565 3856 liber.
601 3807 713 3859 Domine
730 3823 782 3859 nen
802 3810 924 3863 uindices
948 3818 972 3863 et
994 3825 1048 3862 mea
1070 3811 1179 3894 {udices

160 3893 320 3962 amrqua'aem
336 3888 417 3942 vlrubet
434 3888 483 3941 Md.
520 3888 578 3942 Mox
598 3893 627 3944 de
646 3893 703 3960 rije
720 3891 742 3944 Α
761 3909 783 3945 e.
803 3895 844 3978 cd.
862 3894 999 3959 Deventr.;
1024 3899 1055 3949 dc
1078 3899 1116 3950 c'is
1136 3895 1178 3947 le-

159 3981 225 4050 gitur
243 3981 271 4031 in
290 3977 351 4030 edd.
369 3985 433 4030 vett.
452 3985 479 4030 et
496 3979 521 4030 iu
539 3977 604 4030 libro
622 3979 657 4030 de
673 3981 794 4048 patientie
811 3998 836 4051 p.
849 3982 909 4035 254.
938 3980 1038 4034 Deinde
1055 3985 1085 4037 ἐκ
1103 3992 1176 4038 tena-
