2868 4700
635 365 674 432 51

143 525 285 608 linquam
308 531 390 589 tumn
411 543 433 588 a
453 525 536 588 molo
560 533 590 588 et
612 525 697 590 lubin
723 533 794 603 tuo,
827 546 865 588 ne
897 528 1062 609 loquantur
1085 531 1164 597 insi·

144 641 231 704 diosc
244 637 281 717 ³).
321 637 492 720 Declinc⁴)
515 642 678 704 emulcet
695 641 752 720 foc
774 641 897 720 honum,
922 663 1036 724 queem
1055 639 1167 725 pacem

145 763 177 818 et
195 774 329 836 sequere
351 773 426 816 eum.
472 753 579 816 Pacem
603 771 750 834 quaerere
774 754 864 816 debet
881 752 908 834 ⁵)
932 761 962 818 et
983 759 1069 838 sequi
1090 759 1167 822 lilius

145 871 241 952 pacis,
265 889 282 932 a
305 868 502 932 dissensionis
526 868 603 930 melo
628 869 785 933 continere
807 859 949 954 linigusin
971 891 1053 936 suam
1078 873 1220 936 debetne

120 984 201 1064 equi
223 984 308 1046 novit
330 990 360 1045 et
383 983 479 1064 diligit
500 982 652 1046 vinculum
675 985 804 1052 caritatis
822 979 858 1063 6).
897 985 977 1048 lntar
992 1005 1046 1049 sua
1070 987 1168 1051 divina

147 1097 287 1162 mandata
301 1091 326 1176 7)
350 1103 380 1159 et
401 1097 573 1180 magisteria
597 1098 739 1160 salutaria
766 1098 899 1178 passioni
928 1101 985 1160 iam
1015 1101 1169 1182 proximus

149 1212 289 1275 dominus
311 1211 422 1274 addidit
445 1205 602 1288 dicens⁸):
627 1211 737 1274 Pacem
759 1213 878 1276 dimitto
899 1213 989 1277 codis
1003 1209 1040 1293 ⁹),
1060 1233 1172 1293 pacem

148 1345 248 1388 mecm
275 1325 315 1388 do
336 1322 436 1389 oolris.
481 1325 565 1388 Hane
595 1327 682 1388 nobis
705 1327 901 1391 hereditatem
917 1323 954 1405 ¹⁰)
978 1328 1069 1409 dedit,
1094 1329 1172 1395 dona

151 1441 251 1504 omnia
273 1458 346 1503 suae
360 1440 580 1521 pollicitationis
598 1449 628 1503 et
643 1443 776 1522 praemia
792 1443 822 1504 in
837 1444 918 1522 pacis
936 1443 1171 1506 conservatione

106 1567 139 1612 1⁰
152 1553 353 1637 promisit¹¹).
397 1555 428 1620 Si
458 1555 626 1618 coheredes
657 1555 766 1619 Christi
782 1553 823 1634 ι1)
855 1573 974 1637 sumus,
1007 1557 1037 1621 in
1064 1556 1173 1620 Christi

153 1709 218 1762 Turn
237 1715 318 1765 tenos
337 1710 380 1761 dat
397 1707 436 1760 Bb
456 1727 478 1762 c.
495 1709 547 1762 hid.
583 1709 612 1776 3)
631 1709 797 1780 loquaturh.
833 1709 902 1764 ldern
921 1720 947 1764 ct
959 1711 1000 1764 hib
1019 1715 1108 1766 dotum
1125 1728 1174 1781 pro

154 1799 294 1860 insidiose,
312 1794 367 1849 cod.
383 1793 592 1863 Compendiensis
605 1805 707 1848 notante
721 1796 824 1848 Balanio
840 1802 936 1863 dolose,
956 1808 1074 1868 quattuor
1087 1799 1127 1850 aiii
1144 1797 1176 1850 ab

156 1883 281 1935 eocollnti
289 1886 387 1947 dolum,
394 1880 567 1950 Burgundicus
575 1886 748 1952 iniquitatem,
758 1881 887 1951 Eligianus
893 1888 1065 1939 ntendneium.
1084 1887 1113 1953 4)
1122 1889 1176 1939 lle-

155 1981 229 2026 uerte
246 1987 261 2022 a
278 1987 311 2022 m.
329 1986 377 2037 pr.‚
396 1985 410 2020 s
429 1985 481 2022 seo.
494 1973 594 2023 diverte
606 1967 655 2020 hlb.
687 1968 744 2020 hlox
761 1973 867 2039 desquiro
884 1989 976 2040 pacem
994 1971 1028 2023 id.
1040 1971 1083 2022 lib.
1096 1987 1119 2022 c.
1131 1970 1178 2023 Bb.

157 2056 225 2109 Dein
243 2073 402 2128 consequere
420 2055 482 2107 Ver.
524 2056 553 2120 5)
572 2059 643 2110 dedet
667 2071 717 2108 om.
738 2056 785 2106 hic.
830 2057 858 2122 6)
877 2059 1014 2111 uinculum
1037 2061 1114 2127 pacis
1132 2057 1178 2109 Bb.

156 2145 188 2213 7)
207 2144 327 2211 „Rectius
345 2145 370 2195 in
390 2143 544 2196 Veronensi:
563 2147 636 2196 luter
653 2161 705 2197 suc
723 2147 832 2213 deniqne
850 2146 997 2198 mundatu.“
1034 2147 1182 2214 Ripaltius.

158 2262 190 2271 -
211 2231 273 2283 'l'urn
297 2235 438 2302 passionis
462 2230 502 2282 hle
530 2239 556 2282 et
582 2247 619 2300 pr.
639 2231 688 2282 hlb.
726 2230 755 2297 8)
777 2231 864 2284 loann.
884 2231 932 2296 14,
952 2231 993 2282 27.
1031 2230 1058 2295 9)
1083 2234 1180 2284 Pacem

157 2335 243 2373 meam
261 2319 306 2371 Ba.
342 2319 407 2371 Dein
433 2323 510 2373 vodis
534 2322 636 2373 dimitto
662 2318 735 2370 codd.
754 2320 832 2371 nostri
852 2318 992 2370 Germanici
1019 2333 1120 2380 omnes;
1148 2317 1180 2368 de

157 2407 252 2460 Italicis
270 2407 368 2460 siletur.
407 2406 434 2458 ln
454 2407 545 2458 testim.
566 2406 623 2456 adv.
643 2405 906 2473 tuu.111.3.p.3os,
926 2406 970 2458 ubi
987 2405 1055 2476 vulg.
1073 2405 1180 2472 legitur:

158 2500 237 2551 cotie
249 2499 360 2562 remitto,
383 2492 446 2545 Cod.
460 2493 500 2544 W.
514 2493 605 2544 habet:
625 2497 722 2547 Pacem
733 2511 817 2547 mecm
830 2497 905 2548 codis
921 2497 1029 2548 dimitto.
1067 2491 1111 2560 10)
1124 2491 1181 2554 Ad·

159 2583 197 2635 dit
216 2583 256 2636 ed.
269 2573 367 2634 'Manat
388 2584 515 2636 Christus
542 2581 626 2631 invitis
653 2580 728 2632 codd.
748 2581 855 2644 nostris,
883 2579 1027 2632 Balunianis
1056 2588 1081 2631 et
1101 2579 1182 2647 Neap.

159 2678 237 2738 atque
254 2668 311 2719 Vnt.
330 2666 454 2730 omnibus,
473 2667 532 2717 item
551 2673 612 2717 vett.
632 2661 713 2718 editis.
750 2665 816 2718 Part.
835 2677 859 2719 et
877 2675 936 2718 ante
961 2669 1081 2737 praemia
1109 2682 1130 2719 r.
1149 2683 1182 2718 m.

161 2755 339 2823 superscripsit
369 2755 395 2804 in
424 2753 474 2805 hlh.
534 2752 577 2818 11)
611 2757 791 2822 promissione
824 2759 1024 2810 corrueruntione
1055 2757 1181 2824 promisit

161 2843 200 2904 A,
225 2843 425 2895 conversatione
454 2839 501 2890 hle.
552 2838 595 2904 12)
627 2838 738 2892 Adnotat
768 2843 917 2894 Betucius:
953 2839 1111 2906 „Fatendum
1143 2848 1183 2893 est

162 2929 284 2980 maiorem
304 2935 419 2978 veterum
444 2926 565 2977 librorum
592 2933 690 2993 partem
718 2925 814 2977 hahere
842 2925 989 2992 simpliciter
1017 2930 1126 2981 heredes
1158 2936 1184 2980 et
1292 2971 1294 2978 ,

164 3013 311 3081 lectionem,
331 3031 404 3085 quam
423 3030 473 3083 ego
492 3015 602 3078 retineo,
622 3022 722 3066 exstare
741 3015 766 3064 in
784 3022 883 3081 septem
903 3022 997 3065 tantum
1017 3022 1042 3065 et
1060 3015 1085 3064 in
1105 3022 1184 3066 vetu-

165 3105 210 3159 stis
229 3103 401 3168 editionibus,
420 3104 486 3154 inter
504 3119 566 3170 quas
585 3116 652 3169 pono
671 3101 851 3153 Morelliananr.
888 3099 1007 3163 Quamvis
1025 3119 1086 3155 vero
1105 3105 1186 3155 maior

165 3201 281 3245 veterum
299 3190 419 3243 librorum
437 3207 496 3258 pars
514 3190 607 3242 habeat
624 3177 740 3253 heredes,
760 3204 808 3258 ego
824 3189 897 3240 aliam
910 3188 1046 3241 lectionem
1058 3191 1187 3259 praefero,

166 3282 228 3348 quia
245 3281 271 3331 in
290 3280 372 3345 eapite
391 3281 484 3330 octavo
503 3277 625 3346 epistolae
643 3276 714 3330 Pauli
733 3278 764 3329 ad
783 3277 930 3342 Romanus,
958 3293 989 3328 en
1008 3295 1057 3348 qua
1074 3287 1187 3358 sumptus

167 3379 208 3422 est
226 3369 268 3421 hie
286 3369 367 3432 locus,
385 3367 489 3436 legitur:
514 3370 547 3420 Si
570 3349 657 3422 antem
679 3369 730 3435 filii
753 3375 777 3419 et
799 3368 922 3431 heredes,
949 3369 1056 3420 heredes
1082 3369 1188 3436 quidem

166 3461 218 3523 dei,
237 3458 374 3511 coheredes
393 3466 479 3510 eutem
498 3458 609 3510 Christi.
642 3453 683 3504 Sic
701 3455 776 3505 ctiam
795 3451 903 3505 refertur
920 3453 959 3504 hic
977 3453 1048 3506 iocus
1061 3455 1132 3521 epist.
1146 3453 1187 3504 56.

166 3563 193 3614 p.
211 3546 245 3597 90
263 3553 289 3597 et
307 3546 380 3613 epist.
399 3544 441 3596 81.
467 3560 491 3612 p.
517 3543 567 3594 164
594 3550 620 3595 et
643 3544 668 3593 in
696 3541 804 3609 epistola
830 3540 863 3592 ad
888 3539 1052 3592 Fortunatam
1080 3539 1112 3590 de
1141 3555 1188 3589 ex-

166 3633 314 3686 hortatione
343 3633 458 3698 martyrii
489 3648 544 3699 cap.
572 3631 596 3682 2.
626 3629 716 3698 [immo
746 3629 786 3696 8.]
815 3637 840 3679 et
868 3629 912 3680 lib.
939 3629 963 3681 3.
991 3627 1188 3680 testimoniorum

170 3737 226 3788 esp.
247 3719 305 3772 16.“
342 3721 487 3774 coheredes
507 3717 602 3768 hebent
620 3724 672 3768 tres
689 3715 771 3783 Neap.
790 3713 831 3764 hld
850 3722 876 3766 et
897 3731 911 3766 e
930 3731 994 3767 corr.
1012 3713 1063 3776 Mb,
1087 3716 1191 3766 heredes

170 3806 212 3860 W.
231 3807 295 3861 lilac.
315 3805 377 3859 Bab.
396 3805 418 3858 Α
437 3814 463 3858 et
480 3822 517 3876 pr.
536 3805 586 3857 Mb.
623 3804 685 3855 Tum
709 3807 738 3856 in
760 3821 824 3873 poce
844 3806 947 3857 Christi
971 3817 1124 3854 maneamus
1143 3798 1190 3865 Bb,

172 3902 201 3952 in
219 3901 280 3954 err.
300 3917 326 3969 p.
346 3913 483 3951 munemne
506 3893 547 3960 A,
571 3898 601 3948 in
619 3896 681 3946 Cirr.
700 3908 793 3961 pacem
818 3895 943 3945 adeamus
963 3885 1125 3940 Corbciensis
1148 3902 1190 3956 ep.

173 3985 266 4055 Rigalt.

930 4045 986 4112 4*
