<?xml version="1.0" encoding="UTF-8"?>
<!DOCTYPE html PUBLIC "-//W3C//DTD XHTML 1.0 Transitional//EN"
    "http://www.w3.org/TR/xhtml1/DTD/xhtml1-transitional.dtd">
<html xmlns="http://www.w3.org/1999/xhtml" xml:lang="en" lang="en">
 <head>
  <title>
</title>
<meta http-equiv="Content-Type" content="text/html;charset=utf-8" />
  <meta name='ocr-system' content='tesseract 3.04.00' />
  <meta name='ocr-capabilities' content='ocr_page ocr_carea ocr_par ocr_line ocrx_word'/>
</head>
<body>
  <div class='ocr_page' id='page_1' title='image "./libridecatholic00krabgoog_0140.png"; bbox 0 0 2880 4696; ppageno 0'>
   <div class='ocr_carea' id='block_1_1' title="bbox 633 355 696 426">
    <p class='ocr_par' dir='ltr' id='par_1_1' title="bbox 633 355 696 426">
     <span class='ocr_line' id='line_1_1' title="bbox 633 355 696 426; baseline -0.032 -1"><span class='ocrx_word' id='word_1_1' title='bbox 633 355 696 426; x_wconf 81' lang='lat' dir='ltr'>tit</span> 
     </span>
    </p>
   </div>
   <div class='ocr_carea' id='block_1_2' title="bbox 112 513 1174 1741">
    <p class='ocr_par' dir='ltr' id='par_1_2' title="bbox 154 513 1173 942">
     <span class='ocr_line' id='line_1_2' title="bbox 154 513 1172 604; baseline 0.004 -24"><span class='ocrx_word' id='word_1_2' title='bbox 154 513 219 580; x_wconf 88' lang='lat' dir='ltr'>suis</span> <span class='ocrx_word' id='word_1_3' title='bbox 243 513 496 581; x_wconf 81' lang='lat' dir='ltr'>satisfactionibus</span> <span class='ocrx_word' id='word_1_4' title='bbox 518 518 655 597; x_wconf 85' lang='lat' dir='ltr'>moverit,</span> <span class='ocrx_word' id='word_1_5' title='bbox 679 517 704 580; x_wconf 88' lang='lat' dir='ltr'>si</span> <span class='ocrx_word' id='word_1_6' title='bbox 727 517 793 580; x_wconf 90' lang='lat' dir='ltr'>eius</span> <span class='ocrx_word' id='word_1_7' title='bbox 815 517 906 601; x_wconf 84' lang='lat' dir='ltr'>iram,</span> <span class='ocrx_word' id='word_1_8' title='bbox 938 520 964 582; x_wconf 89' lang='lat' dir='ltr'>si</span> <span class='ocrx_word' id='word_1_9' title='bbox 993 519 1172 604; x_wconf 78' lang='lat' dir='ltr'>indignantis</span> 
     </span>
     <span class='ocr_line' id='line_1_3' title="bbox 156 629 1173 711; baseline 0.001 -17"><span class='ocrx_word' id='word_1_10' title='bbox 156 629 304 694; x_wconf 85' lang='lat' dir='ltr'>oliensnm</span> <span class='ocrx_word' id='word_1_11' title='bbox 327 631 403 694; x_wconf 90' lang='lat' dir='ltr'>iusta</span> <span class='ocrx_word' id='word_1_12' title='bbox 427 629 641 711; x_wconf 75' lang='lat' dir='ltr'>deprecatione</span> <span class='ocrx_word' id='word_1_13' title='bbox 663 629 843 711; x_wconf 88' lang='lat' dir='ltr'>placaverit,</span> <span class='ocrx_word' id='word_1_14' title='bbox 875 631 925 695; x_wconf 90' lang='lat' dir='ltr'>dnt</span> <span class='ocrx_word' id='word_1_15' title='bbox 953 632 1001 694; x_wconf 91' lang='lat' dir='ltr'>iile</span> <span class='ocrx_word' id='word_1_16' title='bbox 1032 639 1061 694; x_wconf 93' lang='lat' dir='ltr'>et</span> <span class='ocrx_word' id='word_1_17' title='bbox 1092 652 1173 696; x_wconf 85' lang='lat' dir='ltr'>armo</span> 
     </span>
     <span class='ocr_line' id='line_1_4' title="bbox 154 743 1172 827; baseline 0.004 -21"><span class='ocrx_word' id='word_1_18' title='bbox 154 761 285 823; x_wconf 89' lang='lat' dir='ltr'>rursum,</span> <span class='ocrx_word' id='word_1_19' title='bbox 308 743 415 825; x_wconf 86' lang='lat' dir='ltr'>quibus</span> <span class='ocrx_word' id='word_1_20' title='bbox 437 744 534 807; x_wconf 84' lang='lat' dir='ltr'>victus</span> <span class='ocrx_word' id='word_1_21' title='bbox 557 751 695 824; x_wconf 89' lang='lat' dir='ltr'>armetur,</span> <span class='ocrx_word' id='word_1_22' title='bbox 718 752 838 827; x_wconf 86' lang='lat' dir='ltr'>reparat</span> <span class='ocrx_word' id='word_1_23' title='bbox 864 753 893 808; x_wconf 95' lang='lat' dir='ltr'>et</span> <span class='ocrx_word' id='word_1_24' title='bbox 915 747 1094 811; x_wconf 89' lang='lat' dir='ltr'>corroborat</span> <span class='ocrx_word' id='word_1_25' title='bbox 1122 748 1172 810; x_wconf 88' lang='lat' dir='ltr'>vi-</span> 
     </span>
     <span class='ocr_line' id='line_1_5' title="bbox 154 857 1172 942; baseline 0.004 -22"><span class='ocrx_word' id='word_1_26' title='bbox 154 875 225 937; x_wconf 90' lang='lat' dir='ltr'>res,</span> <span class='ocrx_word' id='word_1_27' title='bbox 257 857 364 938; x_wconf 90' lang='lat' dir='ltr'>quibus</span> <span class='ocrx_word' id='word_1_28' title='bbox 392 857 466 920; x_wconf 85' lang='lat' dir='ltr'>fides</span> <span class='ocrx_word' id='word_1_29' title='bbox 496 857 657 921; x_wconf 87' lang='lat' dir='ltr'>instaurata</span> <span class='ocrx_word' id='word_1_30' title='bbox 680 865 848 941; x_wconf 74' lang='lat' dir='ltr'>vegetetur.</span> <span class='ocrx_word' id='word_1_31' title='bbox 892 860 1018 942; x_wconf 86' lang='lat' dir='ltr'>Repetet</span> <span class='ocrx_word' id='word_1_32' title='bbox 1037 860 1077 938; x_wconf 86' lang='lat'>¹¹)</span> <span class='ocrx_word' id='word_1_33' title='bbox 1100 879 1172 926; x_wconf 88' lang='lat' dir='ltr'>cer-</span> 
     </span>
    </p>

    <p class='ocr_par' dir='ltr' id='par_1_3' title="bbox 127 973 1174 1516">
     <span class='ocr_line' id='line_1_6' title="bbox 127 973 1174 1056; baseline 0.005 -23"><span class='ocrx_word' id='word_1_34' title='bbox 127 979 255 1036; x_wconf 83' lang='lat' dir='ltr'>atamen</span> <span class='ocrx_word' id='word_1_35' title='bbox 281 990 366 1036; x_wconf 90' lang='lat' dir='ltr'>suum</span> <span class='ocrx_word' id='word_1_36' title='bbox 388 973 483 1052; x_wconf 90' lang='lat' dir='ltr'>miles,</span> <span class='ocrx_word' id='word_1_37' title='bbox 506 973 624 1036; x_wconf 79' lang='lat' dir='ltr'>iterabit</span> <span class='ocrx_word' id='word_1_38' title='bbox 646 975 758 1053; x_wconf 92' lang='lat' dir='ltr'>aciem,</span> <span class='ocrx_word' id='word_1_39' title='bbox 789 976 964 1056; x_wconf 84' lang='lat' dir='ltr'>provocabit</span> <span class='ocrx_word' id='word_1_40' title='bbox 986 975 1119 1054; x_wconf 88' lang='lat' dir='ltr'>hostem,</span> <span class='ocrx_word' id='word_1_41' title='bbox 1143 983 1174 1038; x_wconf 90' lang='lat' dir='ltr'>et</span> 
     </span>
     <span class='ocr_line' id='line_1_7' title="bbox 156 1085 1173 1171; baseline 0.004 -22"><span class='ocrx_word' id='word_1_42' title='bbox 156 1086 278 1170; x_wconf 87' lang='lat' dir='ltr'>quidem</span> <span class='ocrx_word' id='word_1_43' title='bbox 300 1085 456 1149; x_wconf 85' lang='lat' dir='ltr'>iactus·ad</span> <span class='ocrx_word' id='word_1_44' title='bbox 478 1087 622 1168; x_wconf 89' lang='lat' dir='ltr'>praelium</span> <span class='ocrx_word' id='word_1_45' title='bbox 646 1086 754 1152; x_wconf 89' lang='lat' dir='ltr'>iortior</span> <span class='ocrx_word' id='word_1_46' title='bbox 776 1108 833 1171; x_wconf 91' lang='lat' dir='ltr'>per</span> <span class='ocrx_word' id='word_1_47' title='bbox 855 1088 1000 1154; x_wconf 90' lang='lat' dir='ltr'>dolorem.</span> <span class='ocrx_word' id='word_1_48' title='bbox 1046 1091 1103 1166; x_wconf 82' lang='lat' dir='ltr'>Qui</span> <span class='ocrx_word' id='word_1_49' title='bbox 1129 1091 1173 1153; x_wconf 93' lang='lat' dir='ltr'>sic</span> 
     </span>
     <span class='ocr_line' id='line_1_8' title="bbox 155 1198 1173 1287; baseline 0.003 -22"><span class='ocrx_word' id='word_1_50' title='bbox 155 1201 216 1265; x_wconf 93' lang='lat' dir='ltr'>deo</span> <span class='ocrx_word' id='word_1_51' title='bbox 237 1198 275 1279; x_wconf 75' lang='lat'>¹²)</span> <span class='ocrx_word' id='word_1_52' title='bbox 297 1201 491 1281; x_wconf 77' lang='lat' dir='ltr'>satisfecerit,</span> <span class='ocrx_word' id='word_1_53' title='bbox 524 1203 574 1283; x_wconf 93' lang='lat' dir='ltr'>qui</span> <span class='ocrx_word' id='word_1_54' title='bbox 597 1204 775 1285; x_wconf 87' lang='lat' dir='ltr'>paenitentia</span> <span class='ocrx_word' id='word_1_55' title='bbox 799 1203 868 1267; x_wconf 85' lang='lat' dir='ltr'>iacti</span> <span class='ocrx_word' id='word_1_56' title='bbox 890 1208 954 1285; x_wconf 89' lang='lat' dir='ltr'>sui,</span> <span class='ocrx_word' id='word_1_57' title='bbox 985 1207 1035 1287; x_wconf 85' lang='lat' dir='ltr'>qui</span> <span class='ocrx_word' id='word_1_58' title='bbox 1057 1204 1173 1286; x_wconf 87' lang='lat' dir='ltr'>pudore</span> 
     </span>
     <span class='ocr_line' id='line_1_9' title="bbox 155 1314 1173 1402; baseline 0.002 -24"><span class='ocrx_word' id='word_1_59' title='bbox 155 1314 256 1378; x_wconf 89' lang='lat' dir='ltr'>delicti</span> <span class='ocrx_word' id='word_1_60' title='bbox 284 1315 349 1397; x_wconf 90' lang='lat' dir='ltr'>plus</span> <span class='ocrx_word' id='word_1_61' title='bbox 383 1323 414 1379; x_wconf 90' lang='lat' dir='ltr'>et</span> <span class='ocrx_word' id='word_1_62' title='bbox 444 1317 559 1380; x_wconf 91' lang='lat' dir='ltr'>virtutis</span> <span class='ocrx_word' id='word_1_63' title='bbox 583 1323 613 1379; x_wconf 89' lang='lat' dir='ltr'>et</span> <span class='ocrx_word' id='word_1_64' title='bbox 634 1316 703 1380; x_wconf 89' lang='lat' dir='ltr'>fidei</span> <span class='ocrx_word' id='word_1_65' title='bbox 727 1317 764 1380; x_wconf 90' lang='lat' dir='ltr'>de</span> <span class='ocrx_word' id='word_1_66' title='bbox 786 1319 852 1401; x_wconf 91' lang='lat' dir='ltr'>ipso</span> <span class='ocrx_word' id='word_1_67' title='bbox 876 1318 977 1402; x_wconf 86' lang='lat' dir='ltr'>lapsus</span> <span class='ocrx_word' id='word_1_68' title='bbox 999 1319 1046 1381; x_wconf 93' lang='lat' dir='ltr'>sni</span> <span class='ocrx_word' id='word_1_69' title='bbox 1069 1318 1173 1382; x_wconf 88' lang='lat' dir='ltr'>dolore</span> 
     </span>
     <span class='ocr_line' id='line_1_10' title="bbox 155 1431 1173 1516; baseline 0.002 -24"><span class='ocrx_word' id='word_1_70' title='bbox 155 1431 349 1512; x_wconf 84' lang='lat' dir='ltr'>conceperit,</span> <span class='ocrx_word' id='word_1_71' title='bbox 372 1431 528 1495; x_wconf 85' lang='lat' dir='ltr'>exauditus</span> <span class='ocrx_word' id='word_1_72' title='bbox 553 1439 582 1495; x_wconf 89' lang='lat' dir='ltr'>et</span> <span class='ocrx_word' id='word_1_73' title='bbox 606 1431 721 1496; x_wconf 90' lang='lat' dir='ltr'>adiutus</span> <span class='ocrx_word' id='word_1_74' title='bbox 745 1452 761 1494; x_wconf 87' lang='lat' dir='ltr'>a</span> <span class='ocrx_word' id='word_1_75' title='bbox 785 1433 923 1514; x_wconf 93' lang='lat' dir='ltr'>domino,</span> <span class='ocrx_word' id='word_1_76' title='bbox 946 1452 1034 1516; x_wconf 89' lang='lat' dir='ltr'>quam</span> <span class='ocrx_word' id='word_1_77' title='bbox 1057 1433 1173 1496; x_wconf 93' lang='lat' dir='ltr'>contri-</span> 
     </span>
    </p>

    <p class='ocr_par' dir='ltr' id='par_1_4' title="bbox 112 1545 1172 1741">
     <span class='ocr_line' id='line_1_11' title="bbox 112 1545 1172 1629; baseline 0.004 -23"><span class='ocrx_word' id='word_1_78' title='bbox 112 1551 289 1609; x_wconf 85' lang='lat' dir='ltr'>rostaverat</span> <span class='ocrx_word' id='word_1_79' title='bbox 310 1563 423 1629; x_wconf 87' lang='lat' dir='ltr'>nuper,</span> <span class='ocrx_word' id='word_1_80' title='bbox 453 1546 561 1609; x_wconf 71' lang='lat' dir='ltr'>laeum</span> <span class='ocrx_word' id='word_1_81' title='bbox 584 1546 673 1610; x_wconf 82' lang='lat' dir='ltr'>faciet</span> <span class='ocrx_word' id='word_1_82' title='bbox 694 1545 878 1626; x_wconf 82' lang='lat' dir='ltr'>Ecclesiam3</span> <span class='ocrx_word' id='word_1_83' title='bbox 908 1567 966 1612; x_wconf 89' lang='lat' dir='ltr'>nec</span> <span class='ocrx_word' id='word_1_84' title='bbox 994 1549 1051 1611; x_wconf 90' lang='lat' dir='ltr'>iarn</span> <span class='ocrx_word' id='word_1_85' title='bbox 1079 1548 1172 1610; x_wconf 91' lang='lat' dir='ltr'>solam</span> 
     </span>
     <span class='ocr_line' id='line_1_12' title="bbox 155 1659 795 1741; baseline 0 -17"><span class='ocrx_word' id='word_1_86' title='bbox 155 1661 207 1724; x_wconf 90' lang='lat' dir='ltr'>dei</span> <span class='ocrx_word' id='word_1_87' title='bbox 229 1659 347 1722; x_wconf 87' lang='lat' dir='ltr'>veniam</span> <span class='ocrx_word' id='word_1_88' title='bbox 369 1661 540 1741; x_wconf 90' lang='lat' dir='ltr'>merebitur,</span> <span class='ocrx_word' id='word_1_89' title='bbox 564 1660 620 1725; x_wconf 89' lang='lat' dir='ltr'>sed</span> <span class='ocrx_word' id='word_1_90' title='bbox 644 1679 795 1725; x_wconf 88' lang='lat' dir='ltr'>coronam.</span> 
     </span>
    </p>
   </div>
   <div class='ocr_carea' id='block_1_3' title="bbox 151 1886 1176 2488">
    <p class='ocr_par' dir='ltr' id='par_1_5' title="bbox 151 1886 1176 2488">
     <span class='ocr_line' id='line_1_13' title="bbox 153 1886 1171 1960; baseline 0.002 -20"><span class='ocrx_word' id='word_1_91' title='bbox 153 1892 185 1946; x_wconf 72' lang='lat' dir='ltr'>aa·</span> <span class='ocrx_word' id='word_1_92' title='bbox 207 1895 266 1940; x_wconf 88' lang='lat' dir='ltr'>ante</span> <span class='ocrx_word' id='word_1_93' title='bbox 290 1890 453 1959; x_wconf 78' lang='lat' dir='ltr'>indlpnaatia</span> <span class='ocrx_word' id='word_1_94' title='bbox 475 1886 548 1952; x_wconf 74' lang='lat' dir='ltr'>abeat</span> <span class='ocrx_word' id='word_1_95' title='bbox 565 1903 581 1941; x_wconf 81' lang='lat' dir='ltr'>a</span> <span class='ocrx_word' id='word_1_96' title='bbox 598 1886 645 1940; x_wconf 87' lang='lat' dir='ltr'>Bb.</span> <span class='ocrx_word' id='word_1_97' title='bbox 680 1887 739 1942; x_wconf 78' lang='lat' dir='ltr'>bion</span> <span class='ocrx_word' id='word_1_98' title='bbox 763 1903 810 1957; x_wconf 92' lang='lat' dir='ltr'>pro</span> <span class='ocrx_word' id='word_1_99' title='bbox 834 1893 981 1960; x_wconf 75' lang='lat' dir='ltr'>placaverit</span> <span class='ocrx_word' id='word_1_100' title='bbox 1004 1891 1029 1942; x_wconf 90' lang='lat' dir='ltr'>in</span> <span class='ocrx_word' id='word_1_101' title='bbox 1048 1889 1070 1941; x_wconf 93' lang='lat' dir='ltr'><strong>A</strong></span> <span class='ocrx_word' id='word_1_102' title='bbox 1089 1897 1171 1942; x_wconf 85' lang='lat' dir='ltr'>exstat</span> 
     </span>
     <span class='ocr_line' id='line_1_14' title="bbox 151 1974 1172 2050; baseline -0.006 -17"><span class='ocrx_word' id='word_1_103' title='bbox 151 1979 299 2050; x_wconf 76' lang='lat' dir='ltr'>placuerit,</span> <span class='ocrx_word' id='word_1_104' title='bbox 318 1991 366 2028; x_wconf 89' lang='lat' dir='ltr'>nec</span> <span class='ocrx_word' id='word_1_105' title='bbox 378 1975 453 2027; x_wconf 90' lang='lat' dir='ltr'>aliter</span> <span class='ocrx_word' id='word_1_106' title='bbox 463 1990 500 2043; x_wconf 90' lang='lat' dir='ltr'>pr.</span> <span class='ocrx_word' id='word_1_107' title='bbox 515 1974 670 2028; x_wconf 85' lang='lat' dir='ltr'>exhibebant</span> <span class='ocrx_word' id='word_1_108' title='bbox 682 1975 746 2028; x_wconf 78' lang='lat' dir='ltr'>Mbc.</span> <span class='ocrx_word' id='word_1_109' title='bbox 779 1975 865 2028; x_wconf 85' lang='lat' dir='ltr'>Statim</span> <span class='ocrx_word' id='word_1_110' title='bbox 879 1976 934 2028; x_wconf 90' lang='lat' dir='ltr'>cod.</span> <span class='ocrx_word' id='word_1_111' title='bbox 948 1976 1061 2029; x_wconf 87' lang='lat' dir='ltr'>Lamonii</span> <span class='ocrx_word' id='word_1_112' title='bbox 1074 1975 1172 2028; x_wconf 83' lang='lat' dir='ltr'>scribit:</span> 
     </span>
     <span class='ocr_line' id='line_1_15' title="bbox 153 2063 1172 2134; baseline -0.005 -12"><span class='ocrx_word' id='word_1_113' title='bbox 153 2071 200 2122; x_wconf 70' lang='lat' dir='ltr'>aar</span> <span class='ocrx_word' id='word_1_114' title='bbox 217 2067 263 2118; x_wconf 85' lang='lat' dir='ltr'>ille</span> <span class='ocrx_word' id='word_1_115' title='bbox 280 2082 355 2117; x_wconf 85' lang='lat' dir='ltr'>arma</span> <span class='ocrx_word' id='word_1_116' title='bbox 372 2067 501 2133; x_wconf 71' lang='lat' dir='ltr'>iustitiae,</span> <span class='ocrx_word' id='word_1_117' title='bbox 522 2067 617 2134; x_wconf 77' lang='lat' dir='ltr'>quidue</span> <span class='ocrx_word' id='word_1_118' title='bbox 634 2068 727 2119; x_wconf 83' lang='lat' dir='ltr'>iactata</span> <span class='ocrx_word' id='word_1_119' title='bbox 743 2075 868 2118; x_wconf 77' lang='lat' dir='ltr'>armetur.</span> <span class='ocrx_word' id='word_1_120' title='bbox 898 2063 998 2116; x_wconf 86' lang='lat' dir='ltr'>Deinde</span> <span class='ocrx_word' id='word_1_121' title='bbox 1011 2063 1047 2116; x_wconf 92' lang='lat' dir='ltr'>Ba</span> <span class='ocrx_word' id='word_1_122' title='bbox 1059 2082 1172 2132; x_wconf 79' lang='lat' dir='ltr'>rursus,</span> 
     </span>
     <span class='ocr_line' id='line_1_16' title="bbox 154 2149 1176 2223; baseline -0.006 -15"><span class='ocrx_word' id='word_1_123' title='bbox 154 2171 171 2208; x_wconf 84' lang='lat' dir='ltr'>e</span> <span class='ocrx_word' id='word_1_124' title='bbox 190 2168 242 2223; x_wconf 84' lang='lat' dir='ltr'>qno</span> <span class='ocrx_word' id='word_1_125' title='bbox 261 2159 364 2204; x_wconf 87' lang='lat' dir='ltr'>enatum</span> <span class='ocrx_word' id='word_1_126' title='bbox 387 2159 437 2222; x_wconf 70' lang='lat' dir='ltr'>est¹</span> <span class='ocrx_word' id='word_1_127' title='bbox 449 2168 563 2206; x_wconf 75' lang='lat' dir='ltr'>rursiam</span> <span class='ocrx_word' id='word_1_128' title='bbox 586 2153 611 2204; x_wconf 90' lang='lat' dir='ltr'>in</span> <span class='ocrx_word' id='word_1_129' title='bbox 630 2150 678 2204; x_wconf 83' lang='lat' dir='ltr'>bia.</span> <span class='ocrx_word' id='word_1_130' title='bbox 715 2149 838 2204; x_wconf 84' lang='lat' dir='ltr'>Neutrum</span> <span class='ocrx_word' id='word_1_131' title='bbox 856 2153 983 2219; x_wconf 89' lang='lat' dir='ltr'>reperitur</span> <span class='ocrx_word' id='word_1_132' title='bbox 1001 2153 1025 2203; x_wconf 93' lang='lat' dir='ltr'>in</span> <span class='ocrx_word' id='word_1_133' title='bbox 1046 2151 1077 2202; x_wconf 97' lang='lat' dir='ltr'>A.</span> <span class='ocrx_word' id='word_1_134' title='bbox 1114 2151 1176 2203; x_wconf 87' lang='lat' dir='ltr'>Turn</span> 
     </span>
     <span class='ocr_line' id='line_1_17' title="bbox 155 2237 1175 2313; baseline -0.004 -19"><span class='ocrx_word' id='word_1_135' title='bbox 155 2250 298 2313; x_wconf 80' lang='lat' dir='ltr'>praeparat</span> <span class='ocrx_word' id='word_1_136' title='bbox 314 2237 392 2291; x_wconf 84' lang='lat' dir='ltr'>babet</span> <span class='ocrx_word' id='word_1_137' title='bbox 404 2237 449 2290; x_wconf 84' lang='lat' dir='ltr'>Da.</span> <span class='ocrx_word' id='word_1_138' title='bbox 480 2239 547 2291; x_wconf 90' lang='lat' dir='ltr'>Ante</span> <span class='ocrx_word' id='word_1_139' title='bbox 565 2243 631 2310; x_wconf 71' lang='lat' dir='ltr'>fides</span> <span class='ocrx_word' id='word_1_140' title='bbox 650 2241 676 2291; x_wconf 93' lang='lat' dir='ltr'>in</span> <span class='ocrx_word' id='word_1_141' title='bbox 691 2240 730 2292; x_wconf 88' lang='lat' dir='ltr'>bic</span> <span class='ocrx_word' id='word_1_142' title='bbox 748 2240 815 2292; x_wconf 87' lang='lat' dir='ltr'>male</span> <span class='ocrx_word' id='word_1_143' title='bbox 833 2242 955 2308; x_wconf 87' lang='lat' dir='ltr'>repetitur</span> <span class='ocrx_word' id='word_1_144' title='bbox 973 2244 1054 2294; x_wconf 84' lang='lat' dir='ltr'>cirea.</span> <span class='ocrx_word' id='word_1_145' title='bbox 1085 2239 1175 2292; x_wconf 78' lang='lat' dir='ltr'>Statim</span> 
     </span>
     <span class='ocr_line' id='line_1_18' title="bbox 157 2326 1175 2398; baseline -0.004 -16"><span class='ocrx_word' id='word_1_146' title='bbox 157 2329 199 2382; x_wconf 82' lang='lat' dir='ltr'>lla</span> <span class='ocrx_word' id='word_1_147' title='bbox 216 2337 243 2381; x_wconf 90' lang='lat' dir='ltr'>et</span> <span class='ocrx_word' id='word_1_148' title='bbox 260 2326 283 2380; x_wconf 90' lang='lat' dir='ltr'><strong>A</strong></span> <span class='ocrx_word' id='word_1_149' title='bbox 300 2343 435 2396; x_wconf 83' lang='lat' dir='ltr'>perperam</span> <span class='ocrx_word' id='word_1_150' title='bbox 454 2328 567 2380; x_wconf 85' lang='lat' dir='ltr'>scribunt</span> <span class='ocrx_word' id='word_1_151' title='bbox 586 2337 701 2398; x_wconf 74' lang='lat' dir='ltr'>nepetam.</span> <span class='ocrx_word' id='word_1_152' title='bbox 737 2327 770 2380; x_wconf 88' lang='lat' dir='ltr'>Et</span> <span class='ocrx_word' id='word_1_153' title='bbox 788 2330 821 2380; x_wconf 86' lang='lat' dir='ltr'>ita</span> <span class='ocrx_word' id='word_1_154' title='bbox 840 2343 879 2396; x_wconf 90' lang='lat' dir='ltr'>pr.</span> <span class='ocrx_word' id='word_1_155' title='bbox 897 2328 1033 2398; x_wconf 73' lang='lat' dir='ltr'>legebatur</span> <span class='ocrx_word' id='word_1_156' title='bbox 1051 2329 1126 2380; x_wconf 89' lang='lat' dir='ltr'>etiarn</span> <span class='ocrx_word' id='word_1_157' title='bbox 1149 2329 1175 2379; x_wconf 92' lang='lat' dir='ltr'>in</span> 
     </span>
     <span class='ocr_line' id='line_1_19' title="bbox 157 2411 1174 2488; baseline 0 -20"><span class='ocrx_word' id='word_1_158' title='bbox 157 2416 192 2468; x_wconf 84' lang='lat' dir='ltr'>W</span> <span class='ocrx_word' id='word_1_159' title='bbox 207 2424 234 2468; x_wconf 88' lang='lat' dir='ltr'>et</span> <span class='ocrx_word' id='word_1_160' title='bbox 251 2415 299 2468; x_wconf 83' lang='lat' dir='ltr'>bic.</span> <span class='ocrx_word' id='word_1_161' title='bbox 328 2411 381 2480; x_wconf 75' lang='grc'>’11)</span> <span class='ocrx_word' id='word_1_162' title='bbox 403 2419 511 2488; x_wconf 79' lang='lat' dir='ltr'>Repetat</span> <span class='ocrx_word' id='word_1_163' title='bbox 528 2414 585 2480; x_wconf 80' lang='lat' dir='ltr'>tta,</span> <span class='ocrx_word' id='word_1_164' title='bbox 610 2426 706 2487; x_wconf 84' lang='lat' dir='ltr'>repetet</span> <span class='ocrx_word' id='word_1_165' title='bbox 724 2427 748 2471; x_wconf 89' lang='lat' dir='ltr'>et</span> <span class='ocrx_word' id='word_1_166' title='bbox 764 2415 822 2482; x_wconf 75' lang='lat' dir='ltr'>tto,</span> <span class='ocrx_word' id='word_1_167' title='bbox 836 2425 861 2467; x_wconf 90' lang='lat' dir='ltr'>ut</span> <span class='ocrx_word' id='word_1_168' title='bbox 881 2417 940 2470; x_wconf 89' lang='lat' dir='ltr'>edd.</span> <span class='ocrx_word' id='word_1_169' title='bbox 960 2415 1077 2470; x_wconf 82' lang='lat' dir='ltr'>Gravian.</span> <span class='ocrx_word' id='word_1_170' title='bbox 1097 2425 1174 2468; x_wconf 88' lang='lat' dir='ltr'>ante·</span> 
     </span>
    </p>
   </div>
   <div class='ocr_carea' id='block_1_4' title="bbox 152 2513 1176 2784">
    <p class='ocr_par' dir='ltr' id='par_1_6' title="bbox 152 2513 1176 2784">
     <span class='ocr_line' id='line_1_20' title="bbox 154 2513 1174 2610; baseline -0.004 -16"><span class='ocrx_word' id='word_1_171' title='bbox 154 2540 279 2594; x_wconf 84' lang='lat' dir='ltr'>cedentes</span> <span class='ocrx_word' id='word_1_172' title='bbox 297 2547 323 2592; x_wconf 89' lang='lat' dir='ltr'>et</span> <span class='ocrx_word' id='word_1_173' title='bbox 340 2537 453 2604; x_wconf 76' lang='lat' dir='ltr'>tiarati,</span> <span class='ocrx_word' id='word_1_174' title='bbox 478 2549 577 2610; x_wconf 86' lang='lat' dir='ltr'>repetet</span> <span class='ocrx_word' id='word_1_175' title='bbox 593 2513 618 2558; x_wconf 51' lang='grc' dir='ltr'>θ’</span> <span class='ocrx_word' id='word_1_176' title='bbox 636 2548 765 2594; x_wconf 73' lang='lat' dir='ltr'>certoawn</span> <span class='ocrx_word' id='word_1_177' title='bbox 784 2539 820 2609; x_wconf 86' lang='lat' dir='ltr'>(ct</span> <span class='ocrx_word' id='word_1_178' title='bbox 838 2555 852 2592; x_wconf 86' lang='lat' dir='ltr'>a</span> <span class='ocrx_word' id='word_1_179' title='bbox 872 2555 936 2592; x_wconf 89' lang='lat' dir='ltr'>corr.</span> <span class='ocrx_word' id='word_1_180' title='bbox 956 2557 989 2592; x_wconf 82' lang='lat' dir='ltr'>nr.</span> <span class='ocrx_word' id='word_1_181' title='bbox 1009 2555 1084 2608; x_wconf 84' lang='lat' dir='ltr'>supra</span> <span class='ocrx_word' id='word_1_182' title='bbox 1104 2537 1174 2605; x_wconf 87' lang='lat' dir='ltr'>add.)</span> 
     </span>
     <span class='ocr_line' id='line_1_21' title="bbox 153 2624 1174 2697; baseline -0.004 -15"><span class='ocrx_word' id='word_1_183' title='bbox 153 2627 204 2682; x_wconf 81' lang='lat' dir='ltr'>nte.</span> <span class='ocrx_word' id='word_1_184' title='bbox 232 2626 302 2682; x_wconf 77' lang='lat' dir='ltr'>Tum</span> <span class='ocrx_word' id='word_1_185' title='bbox 325 2629 433 2682; x_wconf 73' lang='lat' dir='ltr'>iteravit</span> <span class='ocrx_word' id='word_1_186' title='bbox 456 2624 504 2694; x_wconf 82' lang='lat' dir='ltr'>[ita</span> <span class='ocrx_word' id='word_1_187' title='bbox 529 2642 567 2694; x_wconf 91' lang='lat' dir='ltr'>pr.</span> <span class='ocrx_word' id='word_1_188' title='bbox 594 2627 671 2678; x_wconf 87' lang='lat' dir='ltr'>etiarn</span> <span class='ocrx_word' id='word_1_189' title='bbox 689 2625 740 2692; x_wconf 87' lang='lat' dir='ltr'>bia)</span> <span class='ocrx_word' id='word_1_190' title='bbox 766 2635 792 2678; x_wconf 91' lang='lat' dir='ltr'>et</span> <span class='ocrx_word' id='word_1_191' title='bbox 816 2643 848 2678; x_wconf 84' lang='lat' dir='ltr'>ex</span> <span class='ocrx_word' id='word_1_192' title='bbox 873 2643 938 2680; x_wconf 89' lang='lat' dir='ltr'>corr.</span> <span class='ocrx_word' id='word_1_193' title='bbox 959 2631 1115 2697; x_wconf 80' lang='lat' dir='ltr'>provocabit</span> <span class='ocrx_word' id='word_1_194' title='bbox 1132 2625 1174 2692; x_wconf 88' lang='lat' dir='ltr'>W,</span> 
     </span>
     <span class='ocr_line' id='line_1_22' title="bbox 152 2709 1176 2784; baseline -0.004 -13"><span class='ocrx_word' id='word_1_195' title='bbox 152 2717 263 2771; x_wconf 81' lang='lat' dir='ltr'>iteravit</span> <span class='ocrx_word' id='word_1_196' title='bbox 281 2742 311 2752; x_wconf 96' lang='lat'>-</span> <span class='ocrx_word' id='word_1_197' title='bbox 331 2717 487 2784; x_wconf 83' lang='lat' dir='ltr'>prccccaait</span> <span class='ocrx_word' id='word_1_198' title='bbox 503 2709 550 2778; x_wconf 89' lang='lat' dir='ltr'>Ba,</span> <span class='ocrx_word' id='word_1_199' title='bbox 568 2716 674 2768; x_wconf 75' lang='lat' dir='ltr'>iterabit</span> <span class='ocrx_word' id='word_1_200' title='bbox 692 2712 754 2776; x_wconf 88' lang='lat' dir='ltr'>(boc</span> <span class='ocrx_word' id='word_1_201' title='bbox 772 2713 878 2766; x_wconf 88' lang='lat' dir='ltr'>verbum</span> <span class='ocrx_word' id='word_1_202' title='bbox 893 2730 950 2766; x_wconf 90' lang='lat' dir='ltr'>curn</span> <span class='ocrx_word' id='word_1_203' title='bbox 963 2715 1176 2782; x_wconf 84' lang='lat' dir='ltr'>praecedentibus</span> 
     </span>
    </p>
   </div>
   <div class='ocr_carea' id='block_1_5' title="bbox 127 2817 1177 3957">
    <p class='ocr_par' dir='ltr' id='par_1_7' title="bbox 127 2817 1177 3957">
     <span class='ocr_line' id='line_1_23' title="bbox 154 2817 1175 2908; baseline -0.003 -17"><span class='ocrx_word' id='word_1_204' title='bbox 154 2840 342 2908; x_wconf 81' lang='lat' dir='ltr'>coniungens),</span> <span class='ocrx_word' id='word_1_205' title='bbox 367 2817 396 2853; x_wconf 56' lang='grc' dir='ltr'><strong><em>ω</em></strong></span> <span class='ocrx_word' id='word_1_206' title='bbox 420 2837 504 2890; x_wconf 86' lang='lat' dir='ltr'>aciem</span> <span class='ocrx_word' id='word_1_207' title='bbox 529 2837 731 2904; x_wconf 84' lang='lat' dir='ltr'>(praepositione</span> <span class='ocrx_word' id='word_1_208' title='bbox 757 2853 772 2888; x_wconf 86' lang='lat' dir='ltr'>a</span> <span class='ocrx_word' id='word_1_209' title='bbox 795 2853 859 2888; x_wconf 88' lang='lat' dir='ltr'>corr.</span> <span class='ocrx_word' id='word_1_210' title='bbox 884 2854 916 2889; x_wconf 88' lang='lat' dir='ltr'>m.</span> <span class='ocrx_word' id='word_1_211' title='bbox 936 2840 1075 2904; x_wconf 86' lang='lat' dir='ltr'>superscr.)</span> <span class='ocrx_word' id='word_1_212' title='bbox 1100 2855 1175 2906; x_wconf 85' lang='lat' dir='ltr'>proc.</span> 
     </span>
     <span class='ocr_line' id='line_1_24' title="bbox 152 2921 1176 2994; baseline -0.004 -14"><span class='ocrx_word' id='word_1_213' title='bbox 152 2925 212 2990; x_wconf 79' lang='lat' dir='ltr'>bic3</span> <span class='ocrx_word' id='word_1_214' title='bbox 230 2931 259 2980; x_wconf 77' lang='lat' dir='ltr'>irs</span> <span class='ocrx_word' id='word_1_215' title='bbox 277 2928 334 2979; x_wconf 88' lang='lat' dir='ltr'>acie</span> <span class='ocrx_word' id='word_1_216' title='bbox 352 2921 403 2976; x_wconf 77' lang='lat' dir='ltr'>tid.</span> <span class='ocrx_word' id='word_1_217' title='bbox 432 2923 491 2975; x_wconf 79' lang='lat' dir='ltr'>bion</span> <span class='ocrx_word' id='word_1_218' title='bbox 509 2926 563 2978; x_wconf 89' lang='lat' dir='ltr'>iam</span> <span class='ocrx_word' id='word_1_219' title='bbox 580 2928 670 2994; x_wconf 74' lang='lat' dir='ltr'>factus</span> <span class='ocrx_word' id='word_1_220' title='bbox 688 2923 732 2975; x_wconf 89' lang='lat' dir='ltr'>Ba.</span> <span class='ocrx_word' id='word_1_221' title='bbox 763 2922 865 2976; x_wconf 85' lang='lat' dir='ltr'>Deinde</span> <span class='ocrx_word' id='word_1_222' title='bbox 883 2928 985 2993; x_wconf 74' lang='lat' dir='ltr'>forcior-</span> <span class='ocrx_word' id='word_1_223' title='bbox 1003 2927 1037 2976; x_wconf 87' lang='lat' dir='ltr'>ad</span> <span class='ocrx_word' id='word_1_224' title='bbox 1054 2927 1176 2991; x_wconf 82' lang='lat' dir='ltr'>predium</span> 
     </span>
     <span class='ocr_line' id='line_1_25' title="bbox 153 2998 1173 3082; baseline -0.006 -16"><span class='ocrx_word' id='word_1_225' title='bbox 153 3015 220 3082; x_wconf 89' lang='lat' dir='ltr'>(sic)</span> <span class='ocrx_word' id='word_1_226' title='bbox 240 3012 271 3066; x_wconf 82' lang='lat' dir='ltr'><strong>A</strong></span> <span class='ocrx_word' id='word_1_227' title='bbox 301 2998 443 3082; x_wconf 80' lang='lat' dir='ltr'>&#39;i&#39;umpoat</span> <span class='ocrx_word' id='word_1_228' title='bbox 460 3009 578 3065; x_wconf 82' lang='lat' dir='ltr'>dolorem</span> <span class='ocrx_word' id='word_1_229' title='bbox 596 3011 677 3078; x_wconf 85' lang='lat' dir='ltr'>Neap.</span> <span class='ocrx_word' id='word_1_230' title='bbox 691 3008 726 3076; x_wconf 87' lang='grc'>3.,</span> <span class='ocrx_word' id='word_1_231' title='bbox 744 3029 793 3080; x_wconf 84' lang='lat' dir='ltr'>pro</span> <span class='ocrx_word' id='word_1_232' title='bbox 813 3013 901 3064; x_wconf 87' lang='lat' dir='ltr'>dolore</span> <span class='ocrx_word' id='word_1_233' title='bbox 918 3026 955 3076; x_wconf 89' lang='lat' dir='ltr'>pr.</span> <span class='ocrx_word' id='word_1_234' title='bbox 974 3009 1021 3061; x_wconf 88' lang='lat' dir='ltr'>bic.</span> <span class='ocrx_word' id='word_1_235' title='bbox 1060 3009 1105 3077; x_wconf 82' lang='lat'>12)</span> <span class='ocrx_word' id='word_1_236' title='bbox 1125 3012 1173 3061; x_wconf 87' lang='lat' dir='ltr'>do-</span> 
     </span>
     <span class='ocr_line' id='line_1_26' title="bbox 152 3094 1174 3168; baseline -0.012 -9"><span class='ocrx_word' id='word_1_237' title='bbox 152 3106 228 3159; x_wconf 81' lang='lat' dir='ltr'>mino</span> <span class='ocrx_word' id='word_1_238' title='bbox 246 3101 305 3152; x_wconf 85' lang='lat' dir='ltr'>Ver.</span> <span class='ocrx_word' id='word_1_239' title='bbox 341 3098 458 3154; x_wconf 86' lang='lat' dir='ltr'>Proxime</span> <span class='ocrx_word' id='word_1_240' title='bbox 481 3101 666 3168; x_wconf 79' lang='lat' dir='ltr'>paenitentiam</span> <span class='ocrx_word' id='word_1_241' title='bbox 690 3127 720 3138; x_wconf 86' lang='lat'>-</span> <span class='ocrx_word' id='word_1_242' title='bbox 737 3101 863 3168; x_wconf 78' lang='lat' dir='ltr'>podorem</span> <span class='ocrx_word' id='word_1_243' title='bbox 881 3095 928 3149; x_wconf 90' lang='lat' dir='ltr'>Bb.</span> <span class='ocrx_word' id='word_1_244' title='bbox 964 3094 1082 3147; x_wconf 85' lang='lat' dir='ltr'>Pronom.</span> <span class='ocrx_word' id='word_1_245' title='bbox 1101 3095 1174 3147; x_wconf 86' lang='lat' dir='ltr'>relat.</span> 
     </span>
     <span class='ocr_line' id='line_1_27' title="bbox 153 3181 1177 3264; baseline -0.008 -23"><span class='ocrx_word' id='word_1_246' title='bbox 153 3194 203 3264; x_wconf 71' lang='lat' dir='ltr'>qui</span> <span class='ocrx_word' id='word_1_247' title='bbox 219 3205 235 3241; x_wconf 88' lang='lat' dir='ltr'>a</span> <span class='ocrx_word' id='word_1_248' title='bbox 253 3202 317 3241; x_wconf 87' lang='lat' dir='ltr'>corr.</span> <span class='ocrx_word' id='word_1_249' title='bbox 338 3203 370 3238; x_wconf 87' lang='lat' dir='ltr'>nr.</span> <span class='ocrx_word' id='word_1_250' title='bbox 390 3186 504 3239; x_wconf 85' lang='lat' dir='ltr'>additum</span> <span class='ocrx_word' id='word_1_251' title='bbox 523 3185 605 3236; x_wconf 89' lang='lat' dir='ltr'>estin</span> <span class='ocrx_word' id='word_1_252' title='bbox 627 3183 674 3236; x_wconf 89' lang='lat' dir='ltr'>bic.</span> <span class='ocrx_word' id='word_1_253' title='bbox 711 3184 774 3236; x_wconf 80' lang='lat' dir='ltr'>Tum</span> <span class='ocrx_word' id='word_1_254' title='bbox 797 3187 887 3239; x_wconf 83' lang='lat' dir='ltr'>delicti</span> <span class='ocrx_word' id='word_1_255' title='bbox 911 3184 955 3252; x_wconf 88' lang='lat' dir='ltr'>(ab</span> <span class='ocrx_word' id='word_1_256' title='bbox 975 3183 1006 3235; x_wconf 87' lang='lat' dir='ltr'>al.</span> <span class='ocrx_word' id='word_1_257' title='bbox 1026 3186 1072 3250; x_wconf 83' lang='lat' dir='ltr'>m.)</span> <span class='ocrx_word' id='word_1_258' title='bbox 1098 3181 1177 3234; x_wconf 87' lang='lat' dir='ltr'>babet</span> 
     </span>
     <span class='ocr_line' id='line_1_28' title="bbox 152 3269 1176 3344; baseline -0.009 -14"><span class='ocrx_word' id='word_1_259' title='bbox 152 3277 198 3344; x_wconf 83' lang='lat' dir='ltr'>W,</span> <span class='ocrx_word' id='word_1_260' title='bbox 217 3279 306 3330; x_wconf 82' lang='lat' dir='ltr'>delicti</span> <span class='ocrx_word' id='word_1_261' title='bbox 323 3277 370 3329; x_wconf 83' lang='lat' dir='ltr'>rat</span> <span class='ocrx_word' id='word_1_262' title='bbox 387 3272 474 3326; x_wconf 86' lang='lat' dir='ltr'>scribit</span> <span class='ocrx_word' id='word_1_263' title='bbox 491 3271 523 3324; x_wconf 93' lang='lat' dir='ltr'>A.</span> <span class='ocrx_word' id='word_1_264' title='bbox 559 3269 688 3339; x_wconf 87' lang='lat' dir='ltr'>Deinceps</span> <span class='ocrx_word' id='word_1_265' title='bbox 705 3275 769 3342; x_wconf 81' lang='lat' dir='ltr'>plue</span> <span class='ocrx_word' id='word_1_266' title='bbox 787 3275 897 3326; x_wconf 78' lang='lat' dir='ltr'>virtutis</span> <span class='ocrx_word' id='word_1_267' title='bbox 915 3281 939 3325; x_wconf 89' lang='lat' dir='ltr'>ct</span> <span class='ocrx_word' id='word_1_268' title='bbox 956 3275 1017 3340; x_wconf 77' lang='lat' dir='ltr'>fidei</span> <span class='ocrx_word' id='word_1_269' title='bbox 1034 3279 1176 3323; x_wconf 89' lang='lat' dir='ltr'>correctum</span> 
     </span>
     <span class='ocr_line' id='line_1_29' title="bbox 153 3357 1175 3436; baseline -0.011 -16"><span class='ocrx_word' id='word_1_270' title='bbox 153 3374 197 3420; x_wconf 79' lang='lat' dir='ltr'>est</span> <span class='ocrx_word' id='word_1_271' title='bbox 219 3380 234 3417; x_wconf 87' lang='lat' dir='ltr'>e</span> <span class='ocrx_word' id='word_1_272' title='bbox 256 3367 320 3436; x_wconf 82' lang='lat' dir='ltr'>plue</span> <span class='ocrx_word' id='word_1_273' title='bbox 343 3370 368 3416; x_wconf 86' lang='lat' dir='ltr'>ct</span> <span class='ocrx_word' id='word_1_274' title='bbox 391 3363 454 3416; x_wconf 80' lang='lat' dir='ltr'>virt.</span> <span class='ocrx_word' id='word_1_275' title='bbox 478 3361 520 3428; x_wconf 67' lang='lat' dir='ltr'>(tat.</span> <span class='ocrx_word' id='word_1_276' title='bbox 544 3359 569 3410; x_wconf 89' lang='lat' dir='ltr'>in</span> <span class='ocrx_word' id='word_1_277' title='bbox 589 3357 646 3424; x_wconf 86' lang='lat' dir='ltr'>Mc,</span> <span class='ocrx_word' id='word_1_278' title='bbox 673 3364 783 3415; x_wconf 77' lang='lat' dir='ltr'>virtutis</span> <span class='ocrx_word' id='word_1_279' title='bbox 807 3364 868 3428; x_wconf 73' lang='lat' dir='ltr'>fidei</span> <span class='ocrx_word' id='word_1_280' title='bbox 890 3363 1037 3430; x_wconf 79' lang='lat' dir='ltr'>prolapsae</span> <span class='ocrx_word' id='word_1_281' title='bbox 1061 3360 1104 3411; x_wconf 86' lang='lat' dir='ltr'>dat</span> <span class='ocrx_word' id='word_1_282' title='bbox 1127 3359 1175 3424; x_wconf 91' lang='lat' dir='ltr'>Bb,</span> 
     </span>
     <span class='ocr_line' id='line_1_30' title="bbox 153 3445 1176 3525; baseline -0.015 -15"><span class='ocrx_word' id='word_1_283' title='bbox 153 3459 235 3525; x_wconf 69' lang='lat' dir='ltr'>lapsu</span> <span class='ocrx_word' id='word_1_284' title='bbox 251 3469 303 3507; x_wconf 79' lang='lat' dir='ltr'>ano</span> <span class='ocrx_word' id='word_1_285' title='bbox 322 3447 379 3516; x_wconf 83' lang='lat' dir='ltr'>tib,</span> <span class='ocrx_word' id='word_1_286' title='bbox 404 3463 453 3501; x_wconf 84' lang='lat' dir='ltr'>nec</span> <span class='ocrx_word' id='word_1_287' title='bbox 478 3446 557 3500; x_wconf 88' lang='lat' dir='ltr'>multo</span> <span class='ocrx_word' id='word_1_288' title='bbox 583 3456 642 3516; x_wconf 89' lang='lat' dir='ltr'>post</span> <span class='ocrx_word' id='word_1_289' title='bbox 662 3467 739 3518; x_wconf 74' lang='lat' dir='ltr'>quam</span> <span class='ocrx_word' id='word_1_290' title='bbox 757 3451 815 3520; x_wconf 74' lang='lat' dir='ltr'>pu&#39;o&#39;</span> <span class='ocrx_word' id='word_1_291' title='bbox 828 3453 1033 3503; x_wconf 80' lang='lat' dir='ltr'>contristaverat</span> <span class='ocrx_word' id='word_1_292' title='bbox 1051 3446 1081 3498; x_wconf 89' lang='lat' dir='ltr'>A.</span> <span class='ocrx_word' id='word_1_293' title='bbox 1118 3445 1176 3496; x_wconf 77' lang='lat' dir='ltr'>bion</span> 
     </span>
     <span class='ocr_line' id='line_1_31' title="bbox 153 3533 1174 3604; baseline -0.014 -5"><span class='ocrx_word' id='word_1_294' title='bbox 153 3544 309 3600; x_wconf 75' lang='lat' dir='ltr'>tractaatam</span> <span class='ocrx_word' id='word_1_295' title='bbox 326 3545 399 3589; x_wconf 84' lang='lat' dir='ltr'>recte</span> <span class='ocrx_word' id='word_1_296' title='bbox 416 3533 513 3588; x_wconf 86' lang='lat' dir='ltr'>babent</span> <span class='ocrx_word' id='word_1_297' title='bbox 531 3533 589 3586; x_wconf 87' lang='lat' dir='ltr'>edd.</span> <span class='ocrx_word' id='word_1_298' title='bbox 609 3549 647 3602; x_wconf 89' lang='lat' dir='ltr'>pr.</span> <span class='ocrx_word' id='word_1_299' title='bbox 666 3533 758 3589; x_wconf 82' lang='lat' dir='ltr'>Manat.</span> <span class='ocrx_word' id='word_1_300' title='bbox 777 3534 871 3586; x_wconf 82' lang='lat' dir='ltr'>Pameb</span> <span class='ocrx_word' id='word_1_301' title='bbox 890 3535 947 3604; x_wconf 82' lang='lat' dir='ltr'>Rig.</span> <span class='ocrx_word' id='word_1_302' title='bbox 967 3533 1064 3599; x_wconf 78' lang='lat' dir='ltr'>Oxou,</span> <span class='ocrx_word' id='word_1_303' title='bbox 1086 3537 1174 3588; x_wconf 85' lang='lat' dir='ltr'>cccle-</span> 
     </span>
     <span class='ocr_line' id='line_1_32' title="bbox 127 3620 1175 3694; baseline -0.017 -8"><span class='ocrx_word' id='word_1_304' title='bbox 127 3665 132 3670; x_wconf 93' lang='lat'>·</span> <span class='ocrx_word' id='word_1_305' title='bbox 154 3636 226 3690; x_wconf 62' lang='lat' dir='ltr'>mam</span> <span class='ocrx_word' id='word_1_306' title='bbox 250 3629 305 3684; x_wconf 87' lang='lat' dir='ltr'>rell.</span> <span class='ocrx_word' id='word_1_307' title='bbox 342 3625 414 3680; x_wconf 84' lang='lat' dir='ltr'>Cant.</span> <span class='ocrx_word' id='word_1_308' title='bbox 435 3624 497 3694; x_wconf 87' lang='lat' dir='ltr'>Gap.</span> <span class='ocrx_word' id='word_1_309' title='bbox 516 3623 547 3677; x_wconf 88' lang='lat' dir='ltr'>ll.</span> <span class='ocrx_word' id='word_1_310' title='bbox 566 3626 621 3677; x_wconf 87' lang='lat' dir='ltr'>init.</span> <span class='ocrx_word' id='word_1_311' title='bbox 640 3632 666 3676; x_wconf 88' lang='lat' dir='ltr'>ct</span> <span class='ocrx_word' id='word_1_312' title='bbox 685 3624 745 3692; x_wconf 87' lang='lat' dir='ltr'>Cap.</span> <span class='ocrx_word' id='word_1_313' title='bbox 765 3621 817 3676; x_wconf 83' lang='lat' dir='ltr'>Vll.</span> <span class='ocrx_word' id='word_1_314' title='bbox 854 3629 891 3680; x_wconf 88' lang='lat' dir='ltr'>Ne</span> <span class='ocrx_word' id='word_1_315' title='bbox 909 3641 956 3694; x_wconf 86' lang='lat' dir='ltr'>pro</span> <span class='ocrx_word' id='word_1_316' title='bbox 975 3641 1023 3676; x_wconf 83' lang='lat' dir='ltr'>nee</span> <span class='ocrx_word' id='word_1_317' title='bbox 1042 3620 1132 3671; x_wconf 88' lang='lat' dir='ltr'>Venet.</span> <span class='ocrx_word' id='word_1_318' title='bbox 1151 3621 1175 3670; x_wconf 89' lang='lat'>2.</span> 
     </span>
     <span class='ocr_line' id='line_1_33' title="bbox 154 3706 1176 3773; baseline -0.017 0"><span class='ocrx_word' id='word_1_319' title='bbox 154 3717 246 3773; x_wconf 85' lang='lat' dir='ltr'>Rernb.</span> <span class='ocrx_word' id='word_1_320' title='bbox 282 3716 401 3771; x_wconf 82' lang='lat' dir='ltr'>Proxime</span> <span class='ocrx_word' id='word_1_321' title='bbox 424 3718 480 3769; x_wconf 82' lang='lat' dir='ltr'>coli</span> <span class='ocrx_word' id='word_1_322' title='bbox 502 3713 534 3767; x_wconf 91' lang='lat' dir='ltr'>A.</span> <span class='ocrx_word' id='word_1_323' title='bbox 569 3709 669 3766; x_wconf 85' lang='lat' dir='ltr'>Deinde</span> <span class='ocrx_word' id='word_1_324' title='bbox 693 3715 741 3768; x_wconf 86' lang='lat' dir='ltr'>aad</span> <span class='ocrx_word' id='word_1_325' title='bbox 766 3730 891 3767; x_wconf 76' lang='lat' dir='ltr'>emonam</span> <span class='ocrx_word' id='word_1_326' title='bbox 909 3713 949 3766; x_wconf 91' lang='lat' dir='ltr'>W.</span> <span class='ocrx_word' id='word_1_327' title='bbox 967 3709 1049 3762; x_wconf 86' lang='lat' dir='ltr'>biabd.</span> <span class='ocrx_word' id='word_1_328' title='bbox 1072 3706 1176 3758; x_wconf 86' lang='lat' dir='ltr'>BabA</span> 
     </span>
     <span class='ocr_line' id='line_1_34' title="bbox 154 3793 1175 3877; baseline -0.012 -16"><span class='ocrx_word' id='word_1_329' title='bbox 154 3808 270 3877; x_wconf 90' lang='lat' dir='ltr'>editique</span> <span class='ocrx_word' id='word_1_330' title='bbox 288 3805 348 3857; x_wconf 91' lang='lat' dir='ltr'>libri</span> <span class='ocrx_word' id='word_1_331' title='bbox 366 3811 472 3872; x_wconf 89' lang='lat' dir='ltr'>excepto</span> <span class='ocrx_word' id='word_1_332' title='bbox 484 3802 580 3870; x_wconf 76' lang='lat' dir='ltr'>Delum,</span> <span class='ocrx_word' id='word_1_333' title='bbox 598 3802 641 3855; x_wconf 92' lang='lat' dir='ltr'>ubi</span> <span class='ocrx_word' id='word_1_334' title='bbox 659 3801 754 3871; x_wconf 84' lang='lat' dir='ltr'>legitur</span> <span class='ocrx_word' id='word_1_335' title='bbox 770 3805 818 3856; x_wconf 84' lang='lat' dir='ltr'>aed</span> <span class='ocrx_word' id='word_1_336' title='bbox 836 3811 860 3855; x_wconf 86' lang='lat' dir='ltr'>et</span> <span class='ocrx_word' id='word_1_337' title='bbox 878 3817 1011 3865; x_wconf 78' lang='lat' dir='ltr'>corariam,</span> <span class='ocrx_word' id='word_1_338' title='bbox 1031 3803 1058 3846; x_wconf 87' lang='lat' dir='ltr'>ut</span> <span class='ocrx_word' id='word_1_339' title='bbox 1076 3796 1101 3846; x_wconf 83' lang='lat' dir='ltr'>in</span> <span class='ocrx_word' id='word_1_340' title='bbox 1117 3793 1175 3844; x_wconf 84' lang='lat' dir='ltr'>cod.</span> 
     </span>
     <span class='ocr_line' id='line_1_35' title="bbox 154 3881 1174 3957; baseline -0.011 -10"><span class='ocrx_word' id='word_1_341' title='bbox 154 3895 203 3949; x_wconf 86' lang='lat' dir='ltr'>bic.</span> <span class='ocrx_word' id='word_1_342' title='bbox 234 3893 290 3946; x_wconf 87' lang='lat' dir='ltr'>Vid.</span> <span class='ocrx_word' id='word_1_343' title='bbox 311 3890 503 3945; x_wconf 82' lang='lat' dir='ltr'>liamsborn.</span> <span class='ocrx_word' id='word_1_344' title='bbox 517 3887 626 3945; x_wconf 85' lang='lat' dir='ltr'>Gramm.</span> <span class='ocrx_word' id='word_1_345' title='bbox 637 3889 691 3943; x_wconf 86' lang='lat' dir='ltr'>Lnt.</span> <span class='ocrx_word' id='word_1_346' title='bbox 704 3889 774 3944; x_wconf 83' lang='lat' dir='ltr'>Tom.</span> <span class='ocrx_word' id='word_1_347' title='bbox 786 3889 818 3944; x_wconf 90' lang='lat' dir='ltr'>lt.</span> <span class='ocrx_word' id='word_1_348' title='bbox 837 3893 862 3957; x_wconf 84' lang='lat'>§.</span> <span class='ocrx_word' id='word_1_349' title='bbox 876 3890 934 3942; x_wconf 82' lang='lat'><strong>190.</strong></span> <span class='ocrx_word' id='word_1_350' title='bbox 953 3887 983 3941; x_wconf 89' lang='grc' dir='ltr'>Β.</span> <span class='ocrx_word' id='word_1_351' title='bbox 997 3886 1021 3938; x_wconf 85' lang='lat'>2.</span> <span class='ocrx_word' id='word_1_352' title='bbox 1036 3900 1058 3936; x_wconf 90' lang='lat' dir='ltr'>c.</span> <span class='ocrx_word' id='word_1_353' title='bbox 1077 3899 1102 3951; x_wconf 91' lang='lat' dir='ltr'>p.</span> <span class='ocrx_word' id='word_1_354' title='bbox 1115 3881 1174 3936; x_wconf 84' lang='grc'><strong>833.</strong></span> 
     </span>
    </p>
   </div>
   <div class='ocr_carea' id='block_1_6' title="bbox 562 4027 772 4040">
    <p class='ocr_par' dir='ltr' id='par_1_8' title="bbox 562 4027 772 4040">
     <span class='ocr_line' id='line_1_36' title="bbox 562 4027 772 4040; baseline 0 -2"><span class='ocrx_word' id='word_1_355' title='bbox 562 4027 772 4040; x_wconf 71' lang='lat' dir='ltr'>——u--u—</span> 
     </span>
    </p>
   </div>
   <div class='ocr_carea' id='block_1_7' title="bbox 0 0 1446 4696">
    <p class='ocr_par' dir='ltr' id='par_1_9' title="bbox 0 0 1446 4696">
     <span class='ocr_line' id='line_1_37' title="bbox 0 0 1446 4696; baseline 0 0"><span class='ocrx_word' id='word_1_356' title='bbox 0 0 1446 4696; x_wconf 95' lang='lat' dir='ltr'> </span> 
     </span>
    </p>
   </div>
  </div>
 </body>
</html>
