2868 4700
753 337 797 406 to

274 495 343 563 dum
366 498 433 582 quis
454 495 532 562 rnale
554 495 769 564 ambulantibus
792 497 926 582 iungitur
939 503 970 562 et
984 513 1040 580 per
1053 495 1160 560 itincre
1176 491 1295 560 enoris

274 620 304 678 et
325 613 456 677 criminis
484 614 636 698 graditur,
666 631 682 677 a
713 615 761 678 via
791 614 858 678 veri
888 613 1002 676 itineris
1032 629 1193 692 exerrans,
1227 611 1296 696 pari

274 727 397 791 crimine
420 732 449 788 et
471 727 537 808 ipse
559 733 703 790 teneatur.
749 726 830 790 Unus
860 725 935 790 deus
951 719 980 806 ⁹)
1009 731 1071 806 est,
1102 735 1133 790 et
1155 727 1295 790 cbristus

273 857 359 919 uuus,
384 846 414 902 et
436 858 494 902 una
517 839 643 904 eeclesia
667 841 742 920 eius,
766 846 797 904 et
818 839 892 904 lidos
915 859 992 920 una,
1016 847 1046 904 et
1068 840 1154 923 plebs
1178 857 1240 912 una
1263 839 1296 902 in

247 953 398 1021 ssolidam
422 953 557 1035 eorporis
580 953 744 1018 firmitatem
777 953 958 1018 concordiae
991 954 1107 1036 glutino
1139 953 1293 1036 copulata.

274 1067 373 1134 Scindi
396 1037 493 1130 unitas
516 1085 577 1130 non
606 1073 721 1149 potest,
751 1086 808 1132 nec
838 1086 950 1150 corpus
978 1086 1067 1132 uuum
1099 1067 1229 1132 discidio
1253 1061 1294 1144 ¹⁰)

274 1179 450 1262 conpaginis
488 1180 638 1261 separari,
683 1179 804 1243 divulsis
845 1181 1028 1244 laceratione
1060 1182 1231 1245 visceribus
1264 1181 1297 1243 in

274 1293 367 1356 frusta
391 1293 529 1375 discerpi.
576 1293 723 1375 Quicquid
739 1293 780 1370 ¹¹)
804 1295 964 1358 amatrice
987 1296 1177 1375 discesserit,
1200 1312 1297 1358 seor-

164 1495 169 1512 ,
274 1425 339 1470 sum
369 1407 475 1470 vivere
507 1416 538 1471 et
569 1409 686 1490 spirare
720 1426 781 1472 non
812 1410 938 1490 poterit,
968 1409 1161 1474 substantiam
1190 1409 1298 1474 salutis

235 1541 261 1585 ro
274 1521 378 1586 amittit
393 1516 440 1600 η).

725 1717 841 1786 xxti.

361 1864 463 1928 Mouet
486 1882 543 1927 nos
565 1863 687 1945 spiritus
710 1871 830 1928 sanetus
853 1872 883 1928 et
903 1864 973 1928 dicit
987 1863 1027 1944 ¹):
1052 1866 1130 1943 Quis
1145 1866 1298 1931 eatbam

275 1981 328 2062 qui
350 1980 415 2044 cult
436 1980 532 2042 eitum
554 1987 585 2042 et
605 1985 689 2042 amat
708 1977 856 2056 videret)
879 1980 947 2044 dies
967 1982 1122 2063 optimos?
1162 1978 1300 2046 Contine

161 2187 163 2194 ⁴
272 2196 406 2266 supplevit.
437 2195 588 2265 Tumpsrit,
606 2198 704 2250 itinera
721 2193 784 2264 (sie)
804 2193 966 2262 exbibetlla‚
983 2213 1035 2266 per
1050 2195 1162 2256 iterblb.
1195 2195 1300 2248 Deinde

273 2283 315 2335 bic
332 2283 397 2335 liber
414 2299 461 2352 pro
481 2287 548 2349 ceri,
568 2282 637 2352 quod
657 2282 817 2348 decoliari,
837 2282 879 2335 dat
897 2287 1018 2339 ueritatis
1036 2301 1090 2354 seq.
1109 2299 1168 2336 voc.
1187 2285 1300 2338 itineris

273 2371 369 2423 deleto.
404 2369 520 2423 Proxime
544 2374 607 2440 pari
629 2371 653 2422 in
681 2370 703 2422 Α
728 2380 870 2439 corruptum
896 2379 935 2424 est
958 2373 984 2424 in
1005 2390 1083 2442 pora.
1128 2371 1159 2440 9)
1183 2371 1224 2422 lta
1251 2384 1300 2439 pro

252 2461 340 2514 droa
365 2476 438 2512 unus
456 2457 532 2510 codd.
551 2457 592 2508 W.
611 2457 702 2510 blabod
720 2467 746 2509 et
763 2456 817 2510 Bab
837 2475 860 2510 c.
879 2458 937 2510 edd.
956 2458 1050 2511 Peruel.
1070 2457 1300 2510 antecedentibus.

273 2544 404 2612 Deinceps
428 2562 502 2599 unus
528 2555 553 2598 et
579 2548 706 2600 Christus
733 2545 784 2598 blb.
829 2545 889 2615 Seq.
910 2556 934 2600 et
960 2548 985 2598 in
1013 2545 1105 2598 eodem
1130 2544 1199 2597 libro
1226 2561 1248 2597 r.
1266 2559 1301 2595 m.

274 2634 373 2688 ediscit.
397 2631 471 2682 -Turn
496 2633 606 2699 pessime
630 2633 747 2686 scribitur
769 2636 794 2686 in
812 2632 851 2686 Bb
875 2645 899 2688 at
915 2637 979 2702 fides
996 2651 1051 2688 una
1068 2636 1142 2702 plebs
1160 2635 1191 2685 isa
1209 2633 1304 2686 calido

274 2722 398 2790 corporis
423 2723 531 2773 unitata.
567 2717 628 2770 Post
645 2735 703 2772 voe.
721 2724 795 2791 plebs
814 2737 862 2773 ona.
882 2739 937 2776 uara
957 2720 1031 2774 codd.
1051 2719 1091 2770 W.
1110 2718 1188 2770 blacd
1206 2726 1235 2770 et
1254 2715 1303 2782 Ba,

275 2809 340 2860 sicut
362 2805 460 2874 vulgati
485 2806 542 2858 libri
567 2814 626 2858 aute
649 2805 737 2860 Belus.
773 2806 996 2860 litterulas
1020 2815 1046 2860 et
1069 2814 1122 2859 tres
1145 2803 1232 2858 Oxou.
1253 2820 1304 2856 ex-

274 2894 363 2948 hibent
373 2896 451 2963 plebs
461 2910 524 2948 una.
553 2889 725 2945 Goldbornius
737 2901 821 2945 autem
833 2909 890 2945 voc.
900 2905 966 2958 ‘ussa
985 2893 1053 2962 quod
1065 2894 1144 2944 tacite
1162 2894 1306 2944 invexerat

275 2981 408 3047 Boionius,
433 2989 461 3032 ut
483 2987 628 3048 suspectum
654 2983 780 3048 expunxit.
816 2980 883 3032 Dein
903 2995 949 3048 pro
967 2979 1036 3049 vulg.
1054 2983 1186 3034 unitatem
1204 2995 1220 3030 e
1241 2977 1304 3029 Ver.

275 3071 364 3136 recepi
381 3070 537 3139 firmitatem,
557 3067 626 3136 quod
643 3067 737 3135 placuit
754 3070 804 3120 iam
816 3067 936 3137 Rigaltio.
966 3065 1139 3120 lloxinverso
1158 3065 1305 3120 verborum

276 3156 365 3208 ordine
384 3159 411 3208 in
428 3154 466 3208 Bb
483 3155 576 3223 legitur
594 3159 717 3225 copulata
734 3159 844 3225 plutino.
880 3153 920 3205 De
938 3154 1060 3222 loquendi
1078 3171 1126 3207 usu
1145 3153 1199 3209 vid.
1219 3152 1305 3220 Epist.

275 3242 370 3296 LXVll.
394 3260 419 3311 p.
446 3241 503 3295 116.
541 3242 586 3307 10)
613 3245 726 3296 dissidio
751 3242 810 3294 edd.
823 3239 910 3312 ,Grau
936 3242 1029 3293 Manet.
1056 3230 1164 3307 blorellss
1191 3243 1307 3296 correxit

179 3393 183 3400 ¹
276 3341 362 3384 tannen
380 3333 420 3383 vir
438 3331 505 3382 doct.
521 3331 549 3380 in
568 3327 678 3398 Gotting.
697 3328 762 3381 libro
780 3331 905 3383 &acidia
940 3326 1003 3378 Tum
1023 3347 1072 3383 saec
1097 3333 1222 3386 divulsit
1242 3329 1306 3383 Ver.

277 3419 350 3472 Voss.
365 3420 388 3470 1.
400 3416 424 3470 3.
438 3426 465 3470 et
476 3435 491 3470 e
504 3433 569 3471 corr.
583 3433 603 3470 r.
615 3433 648 3468 ιιι.
661 3415 710 3468 llb.
730 3416 908 3468 consentiente
927 3414 967 3466 ed.
980 3413 1103 3470 Deventr.
1142 3417 1189 3483 11)
1210 3411 1320 3486 Quid-¹

277 3511 340 3581 quial
356 3507 425 3574 Mbd,
445 3507 575 3576 puedpuicl
593 3504 634 3555 ed.
653 3503 774 3556 Darentr.
811 3501 857 3571 12)
874 3519 921 3556 stes
939 3505 1007 3556 suit.
1026 3506 1078 3557 sal.
1097 3508 1213 3560 admittit
1232 3504 1282 3559 Bb.

348 3594 421 3647 llllll.
449 3593 478 3660 1)
496 3595 583 3648 Monet
599 3609 646 3645 aas
662 3594 692 3644 iss
708 3593 818 3660 psalmis
836 3591 955 3658 spiritus
975 3598 1091 3644 sanctus
1108 3590 1170 3644 Ver.
1190 3594 1217 3645 in
1239 3591 1307 3645 Got-

277 3688 340 3756 ting.
358 3685 434 3751 libro,
454 3699 495 3751 ap.
508 3680 600 3750 Rigalt.
619 3688 704 3733 autern
723 3689 749 3732 et
760 3677 842 3732 Oxou.
859 3687 945 3732 nrcmt
960 3696 1011 3732 ssos
1029 3683 1148 3749 episima
1167 3690 1258 3736 nasset.
1277 3683 1309 3734 ist

276 3844 393 3912 psalmis
400 3863 411 3909 s'
428 3847 517 3893 contra
534 3840 623 3908 spirit.
635 3847 721 3892 sanct.
732 3847 817 3893 monet
834 3845 858 3892 et
875 3783 942 3890 diczt
957 3833 1007 3887 ttb.
1027 3801 1095 3891 'Nos
1112 3838 1148 3890 id.
1161 3837 1206 3892 lib.
1221 3847 1251 3892 et
1262 3837 1308 3892 tttd

279 3943 328 3980 orn.
361 3925 520 3981 Vid.l’salm.
534 3923 578 3990 33,
597 3921 638 3976 13.
674 3923 704 3990 2)
722 3933 746 3980 et
763 3931 837 3994 cupit
853 3925 943 3978 sitisse
959 3920 1010 3976 tlh.
1044 3921 1105 3976 blox
1122 3929 1184 3984 diu
1203 3942 1257 3981 orn.
1270 3925 1304 3982 Α.
