2834 4686
738 409 801 474 282

259 565 409 631 rectionis
433 586 518 629 areae
542 569 574 630 irs
598 567 815 642 testimoniam,
838 568 987 646 paoas'arrr
1008 568 1161 630 indiciam
1181 585 1280 630 mesas

259 681 303 742 ed
325 683 584 760 aoaprspats'coas
605 680 750 760 peots'srrs,
774 687 808 740 set
831 679 989 758 saeptas
1010 697 1099 758 repas
1123 688 1153 740 et
1174 676 1278 760 effro-

259 793 332 854 dam
364 809 457 872 saper
491 811 543 855 eas
576 795 657 856 iram
689 809 794 854 mans.
847 790 1033 872 Exspectare
1049 788 1093 867 3)’
1109 809 1166 854 nos
1196 793 1278 855 iubet

259 904 397 968 amiras
421 911 451 966 et
475 904 591 967 futurae
614 904 736 968 attonis
758 902 834 965 dicar
859 902 928 967 torti
950 904 1088 984 patientia
1116 905 1278 968 ausinora.

259 1019 317 1092 Oai
329 1015 357 1092 ⁴)
380 1023 411 1079 ct
430 1017 460 1078 ia
479 1017 652 1098 apocalypsi
668 1016 799 1096 loquitar
815 1015 917 1078 dicans
929 1012 974 1093 ὓς
998 1015 1043 1076 Ne
1059 1014 1280 1095 transvertas)

178 1151 182 1159 ¹
258 1130 354 1194 caba
374 1129 559 1211 prophetiae
581 1129 655 1190 iibri
676 1127 790 1203 isias,
819 1127 980 1208 esiciam
1004 1137 1121 1207 tempas
1145 1129 1178 1188 io
1199 1113 1297 1206 pra-⁵

258 1245 345 1306 aimo
367 1251 422 1306 est.
470 1241 510 1304 Et
531 1242 580 1317 iti,
611 1241 665 1321 qai
686 1249 894 1318 perseveraret
914 1257 1046 1315 accere,
1072 1251 1223 1316 accedat,
1250 1251 1280 1304 et

260 1357 313 1436 qai
336 1358 370 1418 ia
392 1353 543 1417 sordibus
565 1361 612 1415 est
632 1352 797 1414 sordescat
820 1351 941 1424 aditam
969 1337 1068 1442 iustas
1091 1361 1193 1414 aetem
1217 1354 1279 1415 ad-

259 1471 318 1532 itac
340 1469 477 1534 tortiora
497 1465 609 1545 sociat,
633 1464 777 1527 similiter
797 1472 827 1527 et
845 1472 972 1528 saratas
990 1466 1161 1528 sanctiora.
1198 1463 1278 1528 Ecce

260 1711 339 1762 etiam
359 1710 383 1760 ia
404 1709 461 1761 cdd.
481 1717 542 1761 vett.
563 1718 589 1760 et
607 1712 631 1760 ia
645 1707 742 1761 Erasm.
760 1709 835 1761 Gaas.
854 1718 931 1777 atqua
946 1707 1107 1772 scidistis
1126 1707 1176 1774 Mc,
1195 1725 1209 1760 a
1229 1724 1278 1778 qao

259 1795 348 1848 aberat
365 1815 461 1864 aream,
481 1811 503 1846 r.
522 1812 554 1846 aa.
575 1797 681 1864 margini
702 1796 796 1847 adiecit
816 1811 903 1848 meam
920 1803 968 1848 est.
1007 1793 1044 1846 Bb
1061 1794 1140 1846 habet
1157 1798 1192 1850 stt
1210 1812 1276 1849 aaa·

257 1888 451 1952 medicatam,
480 1899 529 1934 aec
547 1881 619 1932 atiter
637 1882 750 1934 scribant
768 1883 800 1932 W
821 1890 846 1933 et
865 1880 905 1931 ttb
924 1868 1035 1932 ia'Tcst.
1073 1881 1199 1949 Corrupto
1224 1900 1277 1937 eer-

259 1971 359 2038 ct'ps'srst
378 1966 422 2019 Bb.
468 1967 497 2035 3)
523 1971 649 2037 Spectare
672 1967 723 2019 tto.
761 1968 799 2019 De
825 1985 873 2035 qua
900 1967 1049 2018 confusione
1075 1967 1277 2036 frequentissima

259 2053 310 2105 sid.
331 2069 397 2123 quaa
416 2053 536 2106 adnotavi
561 2055 593 2106 ad
612 2055 730 2106 Ambrae.
750 2054 782 2106 da
801 2053 844 2105 aii.
864 2071 888 2120 p.
910 2053 968 2104 259.
1008 2053 1046 2105 ΑΙ.
1066 2054 1121 2106 ord.
1142 2057 1212 2108 iactet
1229 2072 1278 2108 aas

259 2139 305 2196 Bb.
342 2139 443 2193 Deinde
468 2145 602 2197 sustines-t
630 2141 660 2192 W
689 2149 715 2192 et
743 2141 791 2193 tta.
836 2143 867 2208 4)
894 2145 948 2208 θυι·
974 2141 1048 2194 dasst
1074 2142 1099 2192 ia
1127 2141 1167 2192 tta
1196 2149 1222 2192 et
1249 2140 1277 2192 Α.

260 2227 288 2288 5)
308 2226 413 2294 Apocai.
433 2230 484 2294 22,
506 2230 537 2281 10
555 2245 610 2297 sqq.
656 2229 686 2294 6)
704 2232 857 2300 sipaaieris
876 2227 928 2294 Ba,
952 2232 1033 2284 aeria
1051 2231 1113 2282 iibri
1128 2230 1280 2297 proportior

260 2317 341 2368 haias
361 2314 416 2380 Mb,
444 2301 467 2369 a.
486 2321 577 2385 proptr.
597 2319 679 2370 tuias
697 2319 760 2369 tiirs'
779 2315 831 2367 Bab
852 2326 876 2366 ct
896 2317 926 2368 Α.
963 2313 1021 2366 Mox
1044 2325 1072 2369 at
1097 2325 1122 2368 et
1144 2317 1165 2367 ii
1185 2315 1278 2381 primas

257 2401 397 2466 'scripserat
415 2401 534 2454 Erasmus
553 2417 660 2470 curaque
681 2403 762 2454 secati
781 2410 839 2454 suat
856 2403 971 2467 Gravius,
993 2401 1122 2454 Moratttas
1141 2409 1167 2452 et
1186 2409 1275 2468 poste-

142 2491 146 2495 “
261 2487 349 2540 riores
387 2488 488 2556 Legitur
513 2491 616 2557 quidam
640 2499 670 2542 at
693 2491 718 2540 ia
743 2490 817 2541 codd.
838 2491 918 2558 Nasp.
939 2488 975 2541 Ba
1000 2497 1026 2540 at
1049 2489 1085 2553 A,
1111 2489 1157 2542 aad
1182 2489 1275 2540 raetia·

261 2573 334 2624 abest
358 2590 372 2624 a
398 2577 488 2626 cetaria
513 2575 581 2626 tibris
606 2577 706 2642 scriptis
733 2585 758 2627 et
783 2577 865 2629 editis.
902 2577 1027 2628 Particaia
1051 2585 1076 2629 et
1098 2577 1122 2627 ia
1147 2574 1182 2626 Ba
1209 2575 1275 2626 οιΑ

260 2660 361 2722 omissa,
380 2661 405 2709 ia
426 2659 464 2710 Mc
484 2676 557 2727 supra
577 2661 676 2711 adtacta
697 2668 745 2712 est.
785 2661 833 2713 Pro
852 2667 874 2716 ii
893 2662 968 2713 codd.
989 2663 1029 2714 W.
1051 2661 1107 2714 stac
1126 2670 1152 2712 at
1171 2660 1208 2712 Bb
1229 2663 1289 2712 rita¹

259 2742 379 2795 exhibeat
402 2749 432 2798 tsi
456 2749 507 2806 titii
532 2746 591 2798 daat
617 2747 681 2798 ttae.
708 2747 751 2799 Ba.
777 2749 799 2800 Α
823 2759 850 2800 ct
874 2749 913 2800 ad.
938 2749 1023 2818 Dar).
1059 2748 1177 2801 Ceterum
1202 2759 1227 2802 at
1250 2751 1276 2802 tsi

260 2831 318 2881 item
339 2835 464 2899 reperitur
483 2836 508 2885 ia
528 2833 594 2886 Test.
615 2835 655 2886 ttt.
677 2836 718 2887 23.
738 2851 763 2903 p.
784 2835 844 2887 stt.
882 2835 1010 2886 Vacabaia
1033 2837 1145 2903 proxima
1170 2851 1276 2900 nocere,

259 2929 378 2983 noceant,
399 2929 487 2986 utpote
505 2936 542 2988 pr.
562 2924 665 2985 omissa,
685 2938 703 2974 r.
724 2939 756 2974 m,
775 2925 799 2974 ia
819 2922 858 2972 liic
878 2922 909 2972 ad
929 2939 978 2990 mg.
1000 2922 1103 2974 addidit.
1140 2903 1191 2973 Pro
1210 2932 1235 2975 et
1251 2921 1275 2971 ia

259 3003 392 3074 Aiegitar
409 3017 446 3060 at.
484 3007 545 3058 Tum
565 3009 787 3074 sommariis,
807 3012 908 3061 inverso
927 3010 1017 3061 ardiae
1036 3012 1120 3063 addae
1136 3011 1276 3062 sordescat

259 3090 316 3154 tta,
339 3095 425 3147 adtac
444 3096 469 3146 ia
489 3095 509 3146 Α
529 3096 609 3147 deest.
649 3096 687 3147 tto
706 3096 783 3148 habet
802 3101 940 3150 sordescat
958 3099 1043 3150 addae
1060 3099 1176 3150 iastiore
1192 3097 1275 3165 facist

258 3178 327 3242 (voc.
347 3183 437 3233 iactas
457 3190 514 3247 post
531 3185 669 3236 sordescat
687 3199 700 3234 a
720 3199 794 3234 r..m.
812 3186 969 3249 saporosa),
996 3183 1100 3236 aarum
1120 3184 1205 3240 aditae
1224 3197 1273 3234 osa.

259 3260 305 3326 Ba,
324 3271 383 3314 asta
402 3269 517 3320 iustiora
535 3267 599 3321 raaia
619 3273 740 3337 repetitur
758 3281 844 3324 satana
862 3271 887 3321 ia
901 3271 932 3322 Α.
968 3269 1029 3322 Tam
1046 3273 1113 3338 facit
1127 3269 1172 3322 Bb.
1209 3269 1274 3322 aaa

257 3352 383 3404 similiter
399 3363 423 3405 et
441 3365 553 3409 sanctas
571 3362 708 3410 soractiara
727 3365 856 3424 praastsat
870 3355 908 3407 W.
925 3357 1006 3410 ubet.
1020 3356 1074 3410 Bab
1093 3365 1120 3410 et
1135 3356 1165 3408 A.
1203 3355 1273 3408 caa-

258 3435 364 3488 cordaat
381 3439 436 3505 ipsa
455 3439 548 3492 Noster
566 3443 590 3492 ia
609 3441 675 3494 Test.
696 3442 712 3493 Ι.
732 3461 766 3508 a,
785 3445 869 3496 versio
887 3445 990 3512 aatiqaa
1009 3452 1036 3495 et
1054 3443 1140 3498 Grovii
1160 3445 1201 3498 ad.
1237 3442 1274 3494 its

258 3531 284 3574 at
297 3523 346 3589 Ma,
364 3528 460 3578 omisso
478 3537 562 3580 teman
581 3538 612 3582 et.
649 3528 811 3598 Exemplar-is
827 3529 1123 3586 casamassancia
1138 3529 1273 3581 etflorcii.

258 3608 391 3663 exhibant:
412 3617 498 3667 abac
516 3618 616 3668 iustior·
631 3619 685 3684 tias,
705 3619 832 3672 similiter·
849 3631 873 3673 et
891 3623 937 3688 pai
953 3629 1068 3673 soractae
1084 3629 1125 3672 sat
1143 3621 1271 3674 aaaets'or.

256 3696 283 3746 in
303 3698 359 3748 cod.
381 3697 439 3750 Ver.
461 3709 526 3752 teste
546 3701 654 3769 Rigaltia
672 3703 805 3756 scribitars
833 3708 917 3759 adisse
941 3709 1040 3760 issatior
1063 3711 1123 3770 tat,
1149 3707 1272 3758 similiter

256 3785 280 3837 st
304 3795 416 3840 saaetrss
442 3791 569 3841 soscdor.
606 3790 639 3840 At
659 3791 684 3841 in
703 3789 863 3864 Gottingaasi
882 3791 975 3843 Manat.
997 3793 1115 3844 editionis
1134 3791 1271 3858 exemplari

257 3872 295 3920 sir
320 3871 387 3922 doct.
413 3872 544 3926 adnotavit
568 3877 593 3927 in
618 3876 688 3928 tibris
713 3878 742 3944 (i.
761 3893 785 3930 a.
805 3878 911 3940 italicis}
936 3880 1053 3931 omnibus
1080 3878 1131 3946 ispi
1155 3881 1272 3932 tasdara

255 3959 339 4024 (aetat
353 3965 380 4010 at
393 3963 538 4018 sanctiora.
571 3965 624 4030 orsi
636 3973 748 4018 sanctus
760 3975 800 4019 est
812 3965 940 4034 repositas
953 3967 1027 4018 ctiam
1040 3964 1064 4016 its
1079 3963 1174 4014 ceteris
1188 3963 1270 4015 editis.
