<?xml version="1.0" encoding="UTF-8"?>
<!DOCTYPE html PUBLIC "-//W3C//DTD XHTML 1.0 Transitional//EN"
    "http://www.w3.org/TR/xhtml1/DTD/xhtml1-transitional.dtd">
<html xmlns="http://www.w3.org/1999/xhtml" xml:lang="en" lang="en">
 <head>
  <title>
</title>
<meta http-equiv="Content-Type" content="text/html;charset=utf-8" />
  <meta name='ocr-system' content='tesseract 3.04.00' />
  <meta name='ocr-capabilities' content='ocr_page ocr_carea ocr_par ocr_line ocrx_word'/>
</head>
<body>
  <div class='ocr_page' id='page_1' title='image "./libridecatholic00krabgoog_0249.png"; bbox 0 0 2882 4692; ppageno 0'>
   <div class='ocr_carea' id='block_1_1' title="bbox 736 392 779 460">
    <p class='ocr_par' dir='ltr' id='par_1_1' title="bbox 736 392 779 460">
     <span class='ocr_line' id='line_1_1' title="bbox 736 392 779 460; baseline 0 0"><span class='ocrx_word' id='word_1_1' title='bbox 736 392 779 460; x_wconf 81' lang='lat' dir='ltr'>et</span> 
     </span>
    </p>
   </div>
   <div class='ocr_carea' id='block_1_2' title="bbox 239 544 1290 1428">
    <p class='ocr_par' dir='ltr' id='par_1_2' title="bbox 239 544 1290 1428">
     <span class='ocr_line' id='line_1_2' title="bbox 248 544 1265 632; baseline 0.007 -20"><span class='ocrx_word' id='word_1_2' title='bbox 248 549 325 612; x_wconf 85' lang='lat' dir='ltr'>tibus</span> <span class='ocrx_word' id='word_1_3' title='bbox 352 550 485 614; x_wconf 87' lang='lat' dir='ltr'>stebiiem</span> <span class='ocrx_word' id='word_1_4' title='bbox 516 567 593 630; x_wconf 87' lang='lat' dir='ltr'>quee</span> <span class='ocrx_word' id='word_1_5' title='bbox 610 544 637 622; x_wconf 69' lang='grc'>9)</span> <span class='ocrx_word' id='word_1_6' title='bbox 660 551 862 632; x_wconf 80' lang='lat' dir='ltr'>possessionis</span> <span class='ocrx_word' id='word_1_7' title='bbox 886 567 946 616; x_wconf 91' lang='lat' dir='ltr'>non</span> <span class='ocrx_word' id='word_1_8' title='bbox 970 553 1079 616; x_wconf 86' lang='lat' dir='ltr'>hebent</span> <span class='ocrx_word' id='word_1_9' title='bbox 1102 553 1265 618; x_wconf 79' lang='lat' dir='ltr'>veritatem.</span> 
     </span>
     <span class='ocr_line' id='line_1_3' title="bbox 245 658 1265 749; baseline 0.004 -23"><span class='ocrx_word' id='word_1_10' title='bbox 245 661 326 726; x_wconf 87' lang='lat' dir='ltr'>Heec</span> <span class='ocrx_word' id='word_1_11' title='bbox 344 658 381 738; x_wconf 76' lang='grc' dir='ltr'>ω)</span> <span class='ocrx_word' id='word_1_12' title='bbox 403 668 500 725; x_wconf 89' lang='lat' dir='ltr'>menei</span> <span class='ocrx_word' id='word_1_13' title='bbox 521 662 599 727; x_wconf 85' lang='lat' dir='ltr'>cultu</span> <span class='ocrx_word' id='word_1_14' title='bbox 615 663 724 748; x_wconf 70' lang='lat' dir='ltr'>iugiter</span> <span class='ocrx_word' id='word_1_15' title='bbox 739 662 851 742; x_wconf 86' lang='lat' dir='ltr'>vivido,</span> <span class='ocrx_word' id='word_1_16' title='bbox 874 663 991 728; x_wconf 91' lang='lat' dir='ltr'>honore</span> <span class='ocrx_word' id='word_1_17' title='bbox 1008 664 1137 749; x_wconf 75' lang='lat' dir='ltr'>integro,</span> <span class='ocrx_word' id='word_1_18' title='bbox 1160 668 1265 749; x_wconf 87' lang='lat' dir='ltr'>splen-</span> 
     </span>
     <span class='ocr_line' id='line_1_4' title="bbox 246 774 1264 862; baseline 0.002 -22"><span class='ocrx_word' id='word_1_19' title='bbox 246 774 321 850; x_wconf 83' lang='lat' dir='ltr'><strong>dore</strong></span> <span class='ocrx_word' id='word_1_20' title='bbox 352 774 500 848; x_wconf 85' lang='lat' dir='ltr'>diuturuo.</span> <span class='ocrx_word' id='word_1_21' title='bbox 547 776 671 848; x_wconf 81' lang='lat' dir='ltr'>Aboleri</span> <span class='ocrx_word' id='word_1_22' title='bbox 692 776 729 854; x_wconf 83' lang='grc' dir='ltr'>ΙΙ)</span> <span class='ocrx_word' id='word_1_23' title='bbox 762 797 826 842; x_wconf 74' lang='grc' dir='ltr'><strong>ποι)</strong></span> <span class='ocrx_word' id='word_1_24' title='bbox 854 782 971 858; x_wconf 87' lang='lat' dir='ltr'>potest,</span> <span class='ocrx_word' id='word_1_25' title='bbox 1006 795 1063 842; x_wconf 88' lang='lat' dir='ltr'>nec</span> <span class='ocrx_word' id='word_1_26' title='bbox 1094 780 1264 862; x_wconf 80' lang='lat' dir='ltr'>exstingui;</span> 
     </span>
     <span class='ocr_line' id='line_1_5' title="bbox 245 883 1290 974; baseline 0.004 -22"><span class='ocrx_word' id='word_1_27' title='bbox 245 894 344 970; x_wconf 91' lang='lat' dir='ltr'>potest</span> <span class='ocrx_word' id='word_1_28' title='bbox 366 894 475 955; x_wconf 87' lang='lat' dir='ltr'>tentum</span> <span class='ocrx_word' id='word_1_29' title='bbox 499 891 528 952; x_wconf 90' lang='lat' dir='ltr'>iu</span> <span class='ocrx_word' id='word_1_30' title='bbox 551 890 657 974; x_wconf 79' lang='lat' dir='ltr'>meiius</span> <span class='ocrx_word' id='word_1_31' title='bbox 681 909 810 974; x_wconf 83' lang='lat' dir='ltr'>corpore</span> <span class='ocrx_word' id='word_1_32' title='bbox 829 883 997 969; x_wconf 73' lang='lat' dir='ltr'>redeunte!</span> <span class='ocrx_word' id='word_1_33' title='bbox 1018 888 1149 954; x_wconf 91' lang='lat' dir='ltr'>iormeri.</span> <span class='ocrx_word' id='word_1_34' title='bbox 1183 891 1290 956; x_wconf 77' lang='lat' dir='ltr'>tteecr</span> 
     </span>
     <span class='ocr_line' id='line_1_6' title="bbox 245 999 1262 1084; baseline 0.005 -20"><span class='ocrx_word' id='word_1_35' title='bbox 245 1002 362 1066; x_wconf 80' lang='lat' dir='ltr'><strong>interim</strong></span> <span class='ocrx_word' id='word_1_36' title='bbox 378 1002 519 1067; x_wconf 79' lang='lat' dir='ltr'>brevibus</span> <span class='ocrx_word' id='word_1_37' title='bbox 535 999 583 1083; x_wconf 69' lang='grc' dir='ltr'>η),</span> <span class='ocrx_word' id='word_1_38' title='bbox 600 1003 719 1068; x_wconf 88' lang='lat' dir='ltr'>Donete</span> <span class='ocrx_word' id='word_1_39' title='bbox 734 1002 896 1068; x_wconf 76' lang='lat' dir='ltr'>carissime.</span> <span class='ocrx_word' id='word_1_40' title='bbox 932 1001 1007 1064; x_wconf 87' lang='lat' dir='ltr'>Nem</span> <span class='ocrx_word' id='word_1_41' title='bbox 1023 1004 1079 1066; x_wconf 87' lang='lat' dir='ltr'>etsi</span> <span class='ocrx_word' id='word_1_42' title='bbox 1096 1003 1209 1068; x_wconf 87' lang='lat' dir='ltr'>leciiem</span> <span class='ocrx_word' id='word_1_43' title='bbox 1221 1003 1262 1084; x_wconf 86' lang='lat'>¹³)</span> 
     </span>
     <span class='ocr_line' id='line_1_7' title="bbox 245 1109 1263 1198; baseline 0.005 -22"><span class='ocrx_word' id='word_1_44' title='bbox 245 1113 282 1176; x_wconf 89' lang='lat' dir='ltr'>de</span> <span class='ocrx_word' id='word_1_45' title='bbox 306 1109 437 1176; x_wconf 82' lang='lat' dir='ltr'>bonitate</span> <span class='ocrx_word' id='word_1_46' title='bbox 459 1117 640 1198; x_wconf 86' lang='lat' dir='ltr'>potientium,</span> <span class='ocrx_word' id='word_1_47' title='bbox 663 1121 792 1180; x_wconf 87' lang='lat' dir='ltr'>mdntem</span> <span class='ocrx_word' id='word_1_48' title='bbox 811 1111 945 1191; x_wconf 78' lang='lat' dir='ltr'>solidum,</span> <span class='ocrx_word' id='word_1_49' title='bbox 969 1112 1056 1178; x_wconf 90' lang='lat' dir='ltr'>iidem</span> <span class='ocrx_word' id='word_1_50' title='bbox 1072 1122 1161 1180; x_wconf 86' lang='lat' dir='ltr'>tutem</span> <span class='ocrx_word' id='word_1_51' title='bbox 1176 1118 1263 1182; x_wconf 88' lang='lat' dir='ltr'>selu·</span> 
     </span>
     <span class='ocr_line' id='line_1_8' title="bbox 239 1220 1262 1313; baseline 0.004 -23"><span class='ocrx_word' id='word_1_52' title='bbox 239 1220 316 1290; x_wconf 72' lang='lat' dir='ltr'>&#39;teris</span> <span class='ocrx_word' id='word_1_53' title='bbox 348 1225 464 1290; x_wconf 80' lang='lat' dir='ltr'>unditus</span> <span class='ocrx_word' id='word_1_54' title='bbox 495 1227 623 1290; x_wconf 87' lang='lat' dir='ltr'>oblectet</span> <span class='ocrx_word' id='word_1_55' title='bbox 654 1225 785 1308; x_wconf 82' lang='lat' dir='ltr'>nihilque</span> <span class='ocrx_word' id='word_1_56' title='bbox 816 1232 874 1288; x_wconf 94' lang='lat' dir='ltr'>tem</span> <span class='ocrx_word' id='word_1_57' title='bbox 906 1227 963 1290; x_wconf 90' lang='lat' dir='ltr'>tuis</span> <span class='ocrx_word' id='word_1_58' title='bbox 994 1228 1116 1292; x_wconf 80' lang='lat' dir='ltr'>euribuu</span> <span class='ocrx_word' id='word_1_59' title='bbox 1145 1223 1262 1313; x_wconf 79' lang='lat' dir='ltr'>gretum</span> 
     </span>
     <span class='ocr_line' id='line_1_9' title="bbox 244 1309 1263 1428; baseline 0.004 -24"><span class='ocrx_word' id='word_1_60' title='bbox 244 1347 309 1418; x_wconf 86' lang='lat' dir='ltr'>est,</span> <span class='ocrx_word' id='word_1_61' title='bbox 344 1339 491 1404; x_wconf 87' lang='lat' dir='ltr'>modereri</span> <span class='ocrx_word' id='word_1_62' title='bbox 525 1346 621 1404; x_wconf 91' lang='lat' dir='ltr'>temen</span> <span class='ocrx_word' id='word_1_63' title='bbox 658 1337 782 1402; x_wconf 78' lang='lat' dir='ltr'>dicende</span> <span class='ocrx_word' id='word_1_64' title='bbox 817 1336 961 1402; x_wconf 89' lang='lat' dir='ltr'>debemus</span> <span class='ocrx_word' id='word_1_65' title='bbox 995 1340 1080 1428; x_wconf 88' lang='lat' dir='ltr'>simul</span> <span class='ocrx_word' id='word_1_66' title='bbox 1111 1343 1202 1406; x_wconf 88' lang='lat' dir='ltr'>iuneti</span> <span class='ocrx_word' id='word_1_67' title='bbox 1233 1309 1263 1408; x_wconf 72' lang='lat' dir='ltr'>et</span> 
     </span>
    </p>
   </div>
   <div class='ocr_carea' id='block_1_3' title="bbox 244 1585 1261 1743">
    <p class='ocr_par' dir='ltr' id='par_1_3' title="bbox 244 1573 1261 1743">
     <span class='ocr_line' id='line_1_10' title="bbox 315 1585 1261 1659; baseline -0.004 -19"><span class='ocrx_word' id='word_1_68' title='bbox 315 1590 345 1657; x_wconf 85' lang='grc'><strong>9)</strong></span> <span class='ocrx_word' id='word_1_69' title='bbox 363 1591 534 1658; x_wconf 66' lang='lat' dir='ltr'>stabilemque</span> <span class='ocrx_word' id='word_1_70' title='bbox 552 1585 612 1641; x_wconf 84' lang='lat' dir='ltr'>Beb.</span> <span class='ocrx_word' id='word_1_71' title='bbox 633 1585 697 1638; x_wconf 89' lang='lat' dir='ltr'>ilcd.</span> <span class='ocrx_word' id='word_1_72' title='bbox 718 1587 749 1638; x_wconf 77' lang='lat' dir='ltr'>t.</span> <span class='ocrx_word' id='word_1_73' title='bbox 780 1585 806 1642; x_wconf 89' lang='lat' dir='ltr'>lu</span> <span class='ocrx_word' id='word_1_74' title='bbox 826 1587 936 1643; x_wconf 81' lang='lat' dir='ltr'>cienenle</span> <span class='ocrx_word' id='word_1_75' title='bbox 954 1593 1102 1659; x_wconf 67' lang='lat' dir='ltr'>fimum</span> <span class='ocrx_word' id='word_1_76' title='bbox 1119 1604 1167 1658; x_wconf 79' lang='lat' dir='ltr'>pro</span> <span class='ocrx_word' id='word_1_77' title='bbox 1185 1593 1261 1648; x_wconf 65' lang='lat' dir='ltr'>em.</span> 
     </span>
     <span class='ocr_line' id='line_1_11' title="bbox 244 1672 1260 1743; baseline -0.003 -13"><span class='ocrx_word' id='word_1_78' title='bbox 244 1685 321 1730; x_wconf 82' lang='lat' dir='ltr'>tetem</span> <span class='ocrx_word' id='word_1_79' title='bbox 348 1673 406 1726; x_wconf 84' lang='lat' dir='ltr'>Ver.</span> <span class='ocrx_word' id='word_1_80' title='bbox 435 1675 465 1726; x_wconf 78' lang='lat' dir='ltr'>A.</span> <span class='ocrx_word' id='word_1_81' title='bbox 494 1673 586 1742; x_wconf 69' lang='lat' dir='ltr'>Ripeit.</span> <span class='ocrx_word' id='word_1_82' title='bbox 617 1673 698 1726; x_wconf 85' lang='lat' dir='ltr'>Oxou.</span> <span class='ocrx_word' id='word_1_83' title='bbox 735 1672 809 1726; x_wconf 84' lang='lat' dir='ltr'>liele.</span> <span class='ocrx_word' id='word_1_84' title='bbox 854 1674 909 1728; x_wconf 86' lang='lat' dir='ltr'>Vid.</span> <span class='ocrx_word' id='word_1_85' title='bbox 940 1679 1036 1732; x_wconf 72' lang='lat' dir='ltr'>Boius-</span> <span class='ocrx_word' id='word_1_86' title='bbox 1066 1675 1123 1728; x_wconf 86' lang='lat' dir='ltr'>Not.</span> <span class='ocrx_word' id='word_1_87' title='bbox 1152 1692 1176 1743; x_wconf 91' lang='lat' dir='ltr'>p.</span> <span class='ocrx_word' id='word_1_88' title='bbox 1202 1676 1260 1728; x_wconf 83' lang='lat'><strong>385.</strong></span> 
     </span>
    </p>
   </div>
   <div class='ocr_carea' id='block_1_4' title="bbox 199 1755 1266 4016">
    <p class='ocr_par' dir='ltr' id='par_1_4' title="bbox 199 1755 1266 4016">
     <span class='ocr_line' id='line_1_12' title="bbox 246 1755 1260 1851; baseline 0.004 -21"><span class='ocrx_word' id='word_1_89' title='bbox 246 1781 289 1842; x_wconf 91' lang='grc'><strong>10)</strong></span> <span class='ocrx_word' id='word_1_90' title='bbox 309 1778 367 1834; x_wconf 81' lang='lat' dir='ltr'>Hoc</span> <span class='ocrx_word' id='word_1_91' title='bbox 386 1779 442 1830; x_wconf 78' lang='lat' dir='ltr'>liei&gt;</span> <span class='ocrx_word' id='word_1_92' title='bbox 463 1787 489 1830; x_wconf 88' lang='lat' dir='ltr'>et</span> <span class='ocrx_word' id='word_1_93' title='bbox 509 1765 571 1842; x_wconf 75' lang='lat' dir='ltr'>deb,</span> <span class='ocrx_word' id='word_1_94' title='bbox 590 1755 638 1830; x_wconf 64' lang='lat' dir='ltr'>inde</span> <span class='ocrx_word' id='word_1_95' title='bbox 656 1777 703 1829; x_wconf 81' lang='lat' dir='ltr'>tto.</span> <span class='ocrx_word' id='word_1_96' title='bbox 736 1777 796 1830; x_wconf 84' lang='lat' dir='ltr'>Turn</span> <span class='ocrx_word' id='word_1_97' title='bbox 815 1797 891 1833; x_wconf 82' lang='lat' dir='ltr'>mette</span> <span class='ocrx_word' id='word_1_98' title='bbox 904 1778 948 1832; x_wconf 87' lang='lat' dir='ltr'>Bb.</span> <span class='ocrx_word' id='word_1_99' title='bbox 982 1780 1060 1832; x_wconf 80' lang='lat' dir='ltr'>Deest</span> <span class='ocrx_word' id='word_1_100' title='bbox 1079 1784 1176 1851; x_wconf 70' lang='lat' dir='ltr'>iupiter</span> <span class='ocrx_word' id='word_1_101' title='bbox 1193 1782 1218 1831; x_wconf 92' lang='lat' dir='ltr'>in</span> <span class='ocrx_word' id='word_1_102' title='bbox 1232 1781 1260 1834; x_wconf 84' lang='grc' dir='ltr'>Α.</span> 
     </span>
     <span class='ocr_line' id='line_1_13' title="bbox 243 1865 1261 1929; baseline 0.001 -10"><span class='ocrx_word' id='word_1_103' title='bbox 243 1867 308 1919; x_wconf 86' lang='lat' dir='ltr'>Dein</span> <span class='ocrx_word' id='word_1_104' title='bbox 327 1871 453 1922; x_wconf 77' lang='lat' dir='ltr'>diuturno</span> <span class='ocrx_word' id='word_1_105' title='bbox 472 1871 614 1917; x_wconf 82' lang='lat' dir='ltr'>correctum</span> <span class='ocrx_word' id='word_1_106' title='bbox 635 1881 649 1915; x_wconf 90' lang='lat' dir='ltr'>e</span> <span class='ocrx_word' id='word_1_107' title='bbox 669 1867 809 1918; x_wconf 68' lang='lat' dir='ltr'>dioecesin</span> <span class='ocrx_word' id='word_1_108' title='bbox 830 1865 878 1917; x_wconf 86' lang='lat' dir='ltr'>ilb.</span> <span class='ocrx_word' id='word_1_109' title='bbox 917 1865 962 1929; x_wconf 83' lang='lat' dir='ltr'>tt)</span> <span class='ocrx_word' id='word_1_110' title='bbox 983 1869 1106 1920; x_wconf 77' lang='lat' dir='ltr'>Aiioleri</span> <span class='ocrx_word' id='word_1_111' title='bbox 1125 1866 1174 1919; x_wconf 88' lang='lat' dir='ltr'>ttb.</span> <span class='ocrx_word' id='word_1_112' title='bbox 1209 1871 1261 1922; x_wconf 82' lang='lat' dir='ltr'>Nee</span> 
     </span>
     <span class='ocr_line' id='line_1_14' title="bbox 243 1950 1260 2019; baseline 0 -13"><span class='ocrx_word' id='word_1_113' title='bbox 243 1969 341 2006; x_wconf 88' lang='lat' dir='ltr'>eoorr.</span> <span class='ocrx_word' id='word_1_114' title='bbox 361 1969 394 2005; x_wconf 86' lang='lat' dir='ltr'>ur.</span> <span class='ocrx_word' id='word_1_115' title='bbox 416 1955 613 2019; x_wconf 85' lang='lat' dir='ltr'>superscriptum</span> <span class='ocrx_word' id='word_1_116' title='bbox 634 1953 658 2003; x_wconf 90' lang='lat' dir='ltr'>in</span> <span class='ocrx_word' id='word_1_117' title='bbox 678 1951 725 2002; x_wconf 87' lang='lat' dir='ltr'>lic.</span> <span class='ocrx_word' id='word_1_118' title='bbox 764 1950 791 2003; x_wconf 90' lang='lat' dir='ltr'>ln</span> <span class='ocrx_word' id='word_1_119' title='bbox 809 1954 929 2019; x_wconf 82' lang='lat' dir='ltr'>proximis</span> <span class='ocrx_word' id='word_1_120' title='bbox 948 1963 1032 2007; x_wconf 82' lang='lat' dir='ltr'>temen</span> <span class='ocrx_word' id='word_1_121' title='bbox 1052 1952 1146 2008; x_wconf 86' lang='lat' dir='ltr'>hebent</span> <span class='ocrx_word' id='word_1_122' title='bbox 1165 1953 1217 2006; x_wconf 88' lang='lat' dir='ltr'>liet.</span> <span class='ocrx_word' id='word_1_123' title='bbox 1236 1955 1260 2006; x_wconf 90' lang='grc'>3.</span> 
     </span>
     <span class='ocr_line' id='line_1_15' title="bbox 243 2037 1261 2108; baseline 0.005 -16"><span class='ocrx_word' id='word_1_124' title='bbox 243 2041 291 2092; x_wconf 85' lang='lat' dir='ltr'>iio.</span> <span class='ocrx_word' id='word_1_125' title='bbox 312 2040 335 2094; x_wconf 77' lang='lat' dir='ltr'><strong>A</strong></span> <span class='ocrx_word' id='word_1_126' title='bbox 358 2056 404 2108; x_wconf 91' lang='lat' dir='ltr'>pro</span> <span class='ocrx_word' id='word_1_127' title='bbox 428 2049 538 2094; x_wconf 78' lang='lat' dir='ltr'>tentent.</span> <span class='ocrx_word' id='word_1_128' title='bbox 584 2039 628 2104; x_wconf 85' lang='grc'><strong>12)</strong></span> <span class='ocrx_word' id='word_1_129' title='bbox 647 2042 762 2094; x_wconf 72' lang='lat' dir='ltr'>breviter</span> <span class='ocrx_word' id='word_1_130' title='bbox 780 2037 829 2088; x_wconf 89' lang='lat' dir='ltr'>lid.</span> <span class='ocrx_word' id='word_1_131' title='bbox 877 2039 920 2102; x_wconf 85' lang='grc'><strong>13)</strong></span> <span class='ocrx_word' id='word_1_132' title='bbox 938 2043 1019 2108; x_wconf 75' lang='lat' dir='ltr'>fceiie</span> <span class='ocrx_word' id='word_1_133' title='bbox 1037 2037 1072 2091; x_wconf 89' lang='lat' dir='ltr'>Be</span> <span class='ocrx_word' id='word_1_134' title='bbox 1095 2049 1121 2092; x_wconf 85' lang='lat' dir='ltr'>et</span> <span class='ocrx_word' id='word_1_135' title='bbox 1138 2039 1187 2092; x_wconf 79' lang='lat' dir='ltr'>lle.</span> <span class='ocrx_word' id='word_1_136' title='bbox 1223 2046 1261 2098; x_wconf 81' lang='lat' dir='ltr'>lie</span> 
     </span>
     <span class='ocr_line' id='line_1_16' title="bbox 243 2125 1260 2198; baseline -0.001 -16"><span class='ocrx_word' id='word_1_137' title='bbox 243 2132 356 2183; x_wconf 82' lang='lat' dir='ltr'>ienitate</span> <span class='ocrx_word' id='word_1_138' title='bbox 373 2129 527 2194; x_wconf 83' lang='lat' dir='ltr'>potientium</span> <span class='ocrx_word' id='word_1_139' title='bbox 545 2141 560 2177; x_wconf 93' lang='lat' dir='ltr'>e</span> <span class='ocrx_word' id='word_1_140' title='bbox 580 2125 672 2178; x_wconf 85' lang='lat' dir='ltr'>Nostro</span> <span class='ocrx_word' id='word_1_141' title='bbox 692 2125 786 2177; x_wconf 85' lang='lat' dir='ltr'>dictum</span> <span class='ocrx_word' id='word_1_142' title='bbox 806 2134 851 2198; x_wconf 10' lang='lat' dir='ltr'>eet*</span> <span class='ocrx_word' id='word_1_143' title='bbox 863 2141 934 2178; x_wconf 84' lang='lat' dir='ltr'>more</span> <span class='ocrx_word' id='word_1_144' title='bbox 952 2125 1086 2190; x_wconf 73' lang='lat' dir='ltr'>dirorum,</span> <span class='ocrx_word' id='word_1_145' title='bbox 1112 2128 1177 2196; x_wconf 85' lang='lat' dir='ltr'>epod</span> <span class='ocrx_word' id='word_1_146' title='bbox 1196 2144 1260 2196; x_wconf 84' lang='lat' dir='ltr'>quoe</span> 
     </span>
     <span class='ocr_line' id='line_1_17' title="bbox 242 2213 1259 2282; baseline 0 -17"><span class='ocrx_word' id='word_1_147' title='bbox 242 2214 400 2282; x_wconf 73' lang='lat' dir='ltr'>praepositio</span> <span class='ocrx_word' id='word_1_148' title='bbox 428 2217 458 2267; x_wconf 72' lang='lat' dir='ltr'>ele</span> <span class='ocrx_word' id='word_1_149' title='bbox 484 2215 577 2281; x_wconf 82' lang='lat' dir='ltr'>possim</span> <span class='ocrx_word' id='word_1_150' title='bbox 605 2213 821 2266; x_wconf 87' lang='lat' dir='ltr'>circumlocutioui</span> <span class='ocrx_word' id='word_1_151' title='bbox 849 2214 954 2282; x_wconf 72' lang='lat' dir='ltr'>genitivi</span> <span class='ocrx_word' id='word_1_152' title='bbox 983 2215 1106 2278; x_wconf 74' lang='lat' dir='ltr'>inservit,</span> <span class='ocrx_word' id='word_1_153' title='bbox 1131 2223 1158 2266; x_wconf 90' lang='lat' dir='ltr'>ut</span> <span class='ocrx_word' id='word_1_154' title='bbox 1183 2231 1259 2281; x_wconf 81' lang='lat' dir='ltr'>supro</span> 
     </span>
     <span class='ocr_line' id='line_1_18' title="bbox 245 2298 1261 2369; baseline 0.001 -18"><span class='ocrx_word' id='word_1_155' title='bbox 245 2298 305 2368; x_wconf 80' lang='lat' dir='ltr'>Cep.</span> <span class='ocrx_word' id='word_1_156' title='bbox 325 2299 405 2366; x_wconf 69' lang='lat' dir='ltr'>itti,</span> <span class='ocrx_word' id='word_1_157' title='bbox 428 2299 470 2352; x_wconf 84' lang='lat' dir='ltr'>ubi</span> <span class='ocrx_word' id='word_1_158' title='bbox 489 2299 596 2367; x_wconf 73' lang='lat' dir='ltr'>iegitur:</span> <span class='ocrx_word' id='word_1_159' title='bbox 621 2303 765 2369; x_wconf 67' lang='lat' dir='ltr'>preturium</span> <span class='ocrx_word' id='word_1_160' title='bbox 784 2302 814 2354; x_wconf 80' lang='lat' dir='ltr'>rie</span> <span class='ocrx_word' id='word_1_161' title='bbox 832 2304 878 2354; x_wconf 82' lang='lat' dir='ltr'>dee</span> <span class='ocrx_word' id='word_1_162' title='bbox 896 2319 1010 2368; x_wconf 76' lang='lat' dir='ltr'>murice,</span> <span class='ocrx_word' id='word_1_163' title='bbox 1035 2309 1079 2352; x_wconf 87' lang='lat' dir='ltr'>eut</span> <span class='ocrx_word' id='word_1_164' title='bbox 1098 2317 1199 2353; x_wconf 83' lang='lat' dir='ltr'>oensem</span> <span class='ocrx_word' id='word_1_165' title='bbox 1218 2309 1261 2352; x_wconf 92' lang='lat' dir='ltr'>eut</span> 
     </span>
     <span class='ocr_line' id='line_1_19' title="bbox 242 2385 1258 2456; baseline -0.001 -16"><span class='ocrx_word' id='word_1_166' title='bbox 242 2390 367 2456; x_wconf 68' lang='lat' dir='ltr'>originem</span> <span class='ocrx_word' id='word_1_167' title='bbox 385 2387 491 2440; x_wconf 86' lang='lat' dir='ltr'>elicuios</span> <span class='ocrx_word' id='word_1_168' title='bbox 510 2389 546 2440; x_wconf 90' lang='lat' dir='ltr'>rei</span> <span class='ocrx_word' id='word_1_169' title='bbox 565 2387 670 2438; x_wconf 76' lang='lat' dir='ltr'>denotet</span> <span class='ocrx_word' id='word_1_170' title='bbox 688 2385 756 2452; x_wconf 79' lang='lat' dir='ltr'>(vid.</span> <span class='ocrx_word' id='word_1_171' title='bbox 770 2389 938 2441; x_wconf 79' lang='lat' dir='ltr'>Hildeirortd.</span> <span class='ocrx_word' id='word_1_172' title='bbox 957 2387 988 2438; x_wconf 88' lang='lat' dir='ltr'>ed</span> <span class='ocrx_word' id='word_1_173' title='bbox 1002 2386 1137 2454; x_wconf 80' lang='lat' dir='ltr'>Apuleium</span> <span class='ocrx_word' id='word_1_174' title='bbox 1157 2387 1226 2440; x_wconf 83' lang='lat' dir='ltr'>inm.</span> <span class='ocrx_word' id='word_1_175' title='bbox 1241 2387 1258 2441; x_wconf 93' lang='lat' dir='ltr'>l.</span> 
     </span>
     <span class='ocr_line' id='line_1_20' title="bbox 241 2471 1259 2543; baseline 0.001 -18"><span class='ocrx_word' id='word_1_176' title='bbox 241 2492 266 2543; x_wconf 86' lang='lat' dir='ltr'>p.</span> <span class='ocrx_word' id='word_1_177' title='bbox 281 2475 333 2527; x_wconf 75' lang='lat' dir='ltr'>ctis</span> <span class='ocrx_word' id='word_1_178' title='bbox 351 2483 377 2526; x_wconf 88' lang='lat' dir='ltr'>et</span> <span class='ocrx_word' id='word_1_179' title='bbox 395 2473 499 2526; x_wconf 74' lang='grc'><strong>11300.</strong></span> <span class='ocrx_word' id='word_1_180' title='bbox 519 2481 544 2525; x_wconf 89' lang='lat' dir='ltr'>et</span> <span class='ocrx_word' id='word_1_181' title='bbox 557 2477 659 2528; x_wconf 78' lang='lat' dir='ltr'>dedier.</span> <span class='ocrx_word' id='word_1_182' title='bbox 679 2473 753 2524; x_wconf 88' lang='lat' dir='ltr'>indic.</span> <span class='ocrx_word' id='word_1_183' title='bbox 773 2472 910 2524; x_wconf 86' lang='lat' dir='ltr'>verborum</span> <span class='ocrx_word' id='word_1_184' title='bbox 929 2473 960 2523; x_wconf 86' lang='lat' dir='ltr'>ed</span> <span class='ocrx_word' id='word_1_185' title='bbox 974 2472 1076 2524; x_wconf 85' lang='lat' dir='ltr'>Tertuli.</span> <span class='ocrx_word' id='word_1_186' title='bbox 1093 2489 1117 2540; x_wconf 88' lang='lat' dir='ltr'>p.</span> <span class='ocrx_word' id='word_1_187' title='bbox 1132 2471 1259 2538; x_wconf 80' lang='lat' dir='ltr'>CXXXL),</span> 
     </span>
     <span class='ocr_line' id='line_1_21' title="bbox 242 2562 1258 2629; baseline 0.001 -17"><span class='ocrx_word' id='word_1_188' title='bbox 242 2565 276 2613; x_wconf 89' lang='lat' dir='ltr'>ite</span> <span class='ocrx_word' id='word_1_189' title='bbox 295 2571 321 2613; x_wconf 91' lang='lat' dir='ltr'>ut</span> <span class='ocrx_word' id='word_1_190' title='bbox 340 2565 500 2616; x_wconf 72' lang='lat' dir='ltr'>dolositate</span> <span class='ocrx_word' id='word_1_191' title='bbox 519 2577 564 2629; x_wconf 91' lang='lat' dir='ltr'>pro</span> <span class='ocrx_word' id='word_1_192' title='bbox 585 2563 709 2614; x_wconf 75' lang='lat' dir='ltr'>institutis</span> <span class='ocrx_word' id='word_1_193' title='bbox 728 2567 773 2608; x_wconf 87' lang='lat' dir='ltr'>eut</span> <span class='ocrx_word' id='word_1_194' title='bbox 790 2573 835 2624; x_wconf 90' lang='lat' dir='ltr'>pro</span> <span class='ocrx_word' id='word_1_195' title='bbox 855 2575 868 2610; x_wconf 86' lang='lat' dir='ltr'>e</span> <span class='ocrx_word' id='word_1_196' title='bbox 887 2562 999 2611; x_wconf 78' lang='lat' dir='ltr'>lumitate</span> <span class='ocrx_word' id='word_1_197' title='bbox 1016 2569 1172 2622; x_wconf 74' lang='lat' dir='ltr'>mandentem,</span> <span class='ocrx_word' id='word_1_198' title='bbox 1189 2577 1258 2628; x_wconf 84' lang='lat' dir='ltr'>pre-</span> 
     </span>
     <span class='ocr_line' id='line_1_22' title="bbox 241 2641 1262 2722; baseline -0.007 -20"><span class='ocrx_word' id='word_1_199' title='bbox 241 2653 401 2717; x_wconf 74' lang='lat' dir='ltr'>ficiecmetem</span> <span class='ocrx_word' id='word_1_200' title='bbox 419 2648 592 2716; x_wconf 72' lang='lat' dir='ltr'>accipiendum</span> <span class='ocrx_word' id='word_1_201' title='bbox 611 2647 649 2695; x_wconf 83' lang='lat' dir='ltr'>eit.</span> <span class='ocrx_word' id='word_1_202' title='bbox 687 2642 746 2695; x_wconf 83' lang='lat' dir='ltr'>Post</span> <span class='ocrx_word' id='word_1_203' title='bbox 764 2652 874 2696; x_wconf 83' lang='lat' dir='ltr'>mentem</span> <span class='ocrx_word' id='word_1_204' title='bbox 894 2641 968 2722; x_wconf 82' lang='lat' dir='ltr'>codd.</span> <span class='ocrx_word' id='word_1_205' title='bbox 983 2643 1032 2694; x_wconf 87' lang='lat' dir='ltr'>mei</span> <span class='ocrx_word' id='word_1_206' title='bbox 1046 2657 1134 2695; x_wconf 84' lang='lat' dir='ltr'>omues</span> <span class='ocrx_word' id='word_1_207' title='bbox 1147 2645 1262 2696; x_wconf 87' lang='lat' dir='ltr'>inserunt</span> 
     </span>
     <span class='ocr_line' id='line_1_23' title="bbox 242 2727 1261 2803; baseline -0.01 -11"><span class='ocrx_word' id='word_1_208' title='bbox 242 2740 271 2790; x_wconf 80' lang='lat' dir='ltr'>t&#39;rt</span> <span class='ocrx_word' id='word_1_209' title='bbox 289 2740 364 2791; x_wconf 65' lang='lat' dir='ltr'>Mune</span> <span class='ocrx_word' id='word_1_210' title='bbox 384 2733 557 2803; x_wconf 67' lang='lat' dir='ltr'>exceptam,</span> <span class='ocrx_word' id='word_1_211' title='bbox 576 2732 628 2799; x_wconf 76' lang='lat' dir='ltr'>qui,</span> <span class='ocrx_word' id='word_1_212' title='bbox 648 2738 674 2781; x_wconf 87' lang='lat' dir='ltr'>ui</span> <span class='ocrx_word' id='word_1_213' title='bbox 692 2728 751 2780; x_wconf 87' lang='lat' dir='ltr'>edd.</span> <span class='ocrx_word' id='word_1_214' title='bbox 766 2735 838 2792; x_wconf 70' lang='lat' dir='ltr'>vett,</span> <span class='ocrx_word' id='word_1_215' title='bbox 859 2727 936 2779; x_wconf 85' lang='lat' dir='ltr'>hebet</span> <span class='ocrx_word' id='word_1_216' title='bbox 948 2731 977 2782; x_wconf 82' lang='lat' dir='ltr'>in</span> <span class='ocrx_word' id='word_1_217' title='bbox 988 2731 1129 2784; x_wconf 77' lang='lat' dir='ltr'>domiuum.</span> <span class='ocrx_word' id='word_1_218' title='bbox 1162 2727 1261 2782; x_wconf 84' lang='lat' dir='ltr'>Primus</span> 
     </span>
     <span class='ocr_line' id='line_1_24' title="bbox 241 2813 1260 2888; baseline -0.01 -12"><span class='ocrx_word' id='word_1_219' title='bbox 241 2827 270 2876; x_wconf 84' lang='lat' dir='ltr'>e&#39;ee</span> <span class='ocrx_word' id='word_1_220' title='bbox 296 2826 371 2878; x_wconf 60' lang='lat' dir='ltr'>mum</span> <span class='ocrx_word' id='word_1_221' title='bbox 397 2822 499 2888; x_wconf 79' lang='lat' dir='ltr'>scripsit</span> <span class='ocrx_word' id='word_1_222' title='bbox 517 2819 635 2870; x_wconf 82' lang='lat' dir='ltr'>iiresruus</span> <span class='ocrx_word' id='word_1_223' title='bbox 660 2831 770 2884; x_wconf 84' lang='lat' dir='ltr'>eumque</span> <span class='ocrx_word' id='word_1_224' title='bbox 795 2816 876 2868; x_wconf 85' lang='lat' dir='ltr'>secuti</span> <span class='ocrx_word' id='word_1_225' title='bbox 899 2813 1098 2878; x_wconf 68' lang='lat' dir='ltr'>molliremus,</span> <span class='ocrx_word' id='word_1_226' title='bbox 1126 2813 1260 2881; x_wconf 63' lang='lat' dir='ltr'>mentius,</span> 
     </span>
     <span class='ocr_line' id='line_1_25' title="bbox 242 2901 1266 2972; baseline -0.012 -9"><span class='ocrx_word' id='word_1_227' title='bbox 242 2909 361 2962; x_wconf 80' lang='lat' dir='ltr'>dioreiins</span> <span class='ocrx_word' id='word_1_228' title='bbox 380 2917 406 2962; x_wconf 89' lang='lat' dir='ltr'>et</span> <span class='ocrx_word' id='word_1_229' title='bbox 427 2905 559 2959; x_wconf 83' lang='lat' dir='ltr'>Pemelius.</span> <span class='ocrx_word' id='word_1_230' title='bbox 595 2902 720 2972; x_wconf 75' lang='lat' dir='ltr'>iligeltius</span> <span class='ocrx_word' id='word_1_231' title='bbox 740 2910 824 2954; x_wconf 85' lang='lat' dir='ltr'>eutem</span> <span class='ocrx_word' id='word_1_232' title='bbox 843 2911 870 2954; x_wconf 92' lang='lat' dir='ltr'>et</span> <span class='ocrx_word' id='word_1_233' title='bbox 888 2903 1045 2955; x_wconf 72' lang='lat' dir='ltr'>recentiores</span> <span class='ocrx_word' id='word_1_234' title='bbox 1063 2901 1266 2958; x_wconf 82' lang='lat' dir='ltr'>edditemcniuue.</span> 
     </span>
     <span class='ocr_line' id='line_1_26' title="bbox 241 2987 1265 3066; baseline -0.008 -18"><span class='ocrx_word' id='word_1_235' title='bbox 241 2997 313 3060; x_wconf 83' lang='lat' dir='ltr'>titud,</span> <span class='ocrx_word' id='word_1_236' title='bbox 332 2995 399 3066; x_wconf 87' lang='lat' dir='ltr'>quod</span> <span class='ocrx_word' id='word_1_237' title='bbox 419 2994 529 3061; x_wconf 71' lang='lat' dir='ltr'>glossenr</span> <span class='ocrx_word' id='word_1_238' title='bbox 548 2990 770 3058; x_wconf 72' lang='lat' dir='ltr'>repercutietur,</span> <span class='ocrx_word' id='word_1_239' title='bbox 789 3005 838 3042; x_wconf 87' lang='lat' dir='ltr'>non</span> <span class='ocrx_word' id='word_1_240' title='bbox 856 2990 982 3044; x_wconf 85' lang='lat' dir='ltr'>immerito</span> <span class='ocrx_word' id='word_1_241' title='bbox 994 2989 1146 3052; x_wconf 64' lang='lat' dir='ltr'>emisenum</span> <span class='ocrx_word' id='word_1_242' title='bbox 1167 2987 1265 3056; x_wconf 67' lang='lat' dir='ltr'>legitur</span> 
     </span>
     <span class='ocr_line' id='line_1_27' title="bbox 242 3075 1265 3145; baseline -0.004 -11"><span class='ocrx_word' id='word_1_243' title='bbox 242 3085 309 3136; x_wconf 88' lang='lat' dir='ltr'>enim</span> <span class='ocrx_word' id='word_1_244' title='bbox 329 3082 361 3134; x_wconf 85' lang='lat' dir='ltr'>de</span> <span class='ocrx_word' id='word_1_245' title='bbox 374 3078 526 3132; x_wconf 87' lang='lat' dir='ltr'>iiiorteiitete</span> <span class='ocrx_word' id='word_1_246' title='bbox 539 3075 601 3145; x_wconf 86' lang='lat' dir='ltr'>Cep.</span> <span class='ocrx_word' id='word_1_247' title='bbox 616 3077 634 3130; x_wconf 93' lang='lat' dir='ltr'>l.</span> <span class='ocrx_word' id='word_1_248' title='bbox 650 3079 702 3131; x_wconf 91' lang='lat' dir='ltr'>init.</span> <span class='ocrx_word' id='word_1_249' title='bbox 721 3095 794 3132; x_wconf 76' lang='lat' dir='ltr'>triens</span> <span class='ocrx_word' id='word_1_250' title='bbox 812 3080 899 3134; x_wconf 78' lang='lat' dir='ltr'>cnidda</span> <span class='ocrx_word' id='word_1_251' title='bbox 917 3086 941 3130; x_wconf 88' lang='lat' dir='ltr'>et</span> <span class='ocrx_word' id='word_1_252' title='bbox 957 3078 1020 3145; x_wconf 73' lang='lat' dir='ltr'>pies</span> <span class='ocrx_word' id='word_1_253' title='bbox 1036 3079 1115 3144; x_wconf 71' lang='lat' dir='ltr'>firme</span> <span class='ocrx_word' id='word_1_254' title='bbox 1131 3084 1157 3132; x_wconf 88' lang='lat' dir='ltr'>ei</span> <span class='ocrx_word' id='word_1_255' title='bbox 1173 3079 1265 3130; x_wconf 66' lang='lat' dir='ltr'>mdes</span> 
     </span>
     <span class='ocr_line' id='line_1_28' title="bbox 242 3161 1259 3230; baseline -0.011 -5"><span class='ocrx_word' id='word_1_256' title='bbox 242 3174 340 3224; x_wconf 80' lang='lat' dir='ltr'>docete.</span> <span class='ocrx_word' id='word_1_257' title='bbox 388 3164 459 3218; x_wconf 85' lang='lat' dir='ltr'>Cerri.</span> <span class='ocrx_word' id='word_1_258' title='bbox 489 3168 641 3220; x_wconf 72' lang='lat' dir='ltr'>(ireneside</span> <span class='ocrx_word' id='word_1_259' title='bbox 674 3163 832 3228; x_wconf 73' lang='lat' dir='ltr'>(Observett.</span> <span class='ocrx_word' id='word_1_260' title='bbox 860 3164 885 3214; x_wconf 93' lang='lat' dir='ltr'>in</span> <span class='ocrx_word' id='word_1_261' title='bbox 914 3161 1087 3230; x_wconf 82' lang='lat' dir='ltr'>Scriptoriinue</span> <span class='ocrx_word' id='word_1_262' title='bbox 1117 3161 1259 3214; x_wconf 77' lang='lat' dir='ltr'>ecclesiast.</span> 
     </span>
     <span class='ocr_line' id='line_1_29' title="bbox 242 3250 1263 3322; baseline 0.001 -18"><span class='ocrx_word' id='word_1_263' title='bbox 242 3273 267 3322; x_wconf 87' lang='lat' dir='ltr'>p.</span> <span class='ocrx_word' id='word_1_264' title='bbox 282 3253 360 3320; x_wconf 83' lang='lat' dir='ltr'>570J=</span> <span class='ocrx_word' id='word_1_265' title='bbox 379 3256 488 3322; x_wconf 73' lang='lat' dir='ltr'>facilene</span> <span class='ocrx_word' id='word_1_266' title='bbox 505 3256 535 3305; x_wconf 82' lang='lat' dir='ltr'>de</span> <span class='ocrx_word' id='word_1_267' title='bbox 553 3255 664 3306; x_wconf 79' lang='lat' dir='ltr'>imrimte</span> <span class='ocrx_word' id='word_1_268' title='bbox 681 3253 825 3318; x_wconf 78' lang='lat' dir='ltr'>patientioe</span> <span class='ocrx_word' id='word_1_269' title='bbox 842 3259 963 3312; x_wconf 64' lang='lat' dir='ltr'>mentem,</span> <span class='ocrx_word' id='word_1_270' title='bbox 980 3251 1009 3302; x_wconf 87' lang='lat' dir='ltr'>in</span> <span class='ocrx_word' id='word_1_271' title='bbox 1027 3251 1103 3305; x_wconf 62' lang='lat' dir='ltr'>mure</span> <span class='ocrx_word' id='word_1_272' title='bbox 1114 3250 1201 3307; x_wconf 83' lang='lat' dir='ltr'>eeiide</span> <span class='ocrx_word' id='word_1_273' title='bbox 1212 3250 1263 3316; x_wconf 73' lang='lat' dir='ltr'>fido</span> 
     </span>
     <span class='ocr_line' id='line_1_30' title="bbox 242 3333 1259 3406; baseline -0.008 -14"><span class='ocrx_word' id='word_1_274' title='bbox 242 3350 334 3403; x_wconf 81' lang='lat' dir='ltr'>tutem,</span> <span class='ocrx_word' id='word_1_275' title='bbox 353 3355 400 3390; x_wconf 83' lang='lat' dir='ltr'>nee</span> <span class='ocrx_word' id='word_1_276' title='bbox 421 3339 548 3406; x_wconf 81' lang='lat' dir='ltr'>discrepet</span> <span class='ocrx_word' id='word_1_277' title='bbox 566 3339 624 3389; x_wconf 82' lang='lat' dir='ltr'>nod.</span> <span class='ocrx_word' id='word_1_278' title='bbox 645 3336 718 3390; x_wconf 80' lang='lat' dir='ltr'>Voss.</span> <span class='ocrx_word' id='word_1_279' title='bbox 738 3337 762 3388; x_wconf 64' lang='grc' dir='ltr'>λ</span> <span class='ocrx_word' id='word_1_280' title='bbox 799 3341 893 3394; x_wconf 71' lang='lat' dir='ltr'>distem</span> <span class='ocrx_word' id='word_1_281' title='bbox 911 3337 936 3386; x_wconf 90' lang='lat' dir='ltr'>in</span> <span class='ocrx_word' id='word_1_282' title='bbox 952 3333 991 3392; x_wconf 82' lang='lat' dir='ltr'>Bb</span> <span class='ocrx_word' id='word_1_283' title='bbox 1012 3342 1038 3384; x_wconf 89' lang='lat' dir='ltr'>et</span> <span class='ocrx_word' id='word_1_284' title='bbox 1057 3333 1259 3400; x_wconf 75' lang='lat' dir='ltr'>ttdeormpmm</span> 
     </span>
     <span class='ocr_line' id='line_1_31' title="bbox 242 3417 1259 3494; baseline -0.004 -18"><span class='ocrx_word' id='word_1_285' title='bbox 242 3427 362 3480; x_wconf 82' lang='lat' dir='ltr'>intuerer.</span> <span class='ocrx_word' id='word_1_286' title='bbox 395 3426 526 3493; x_wconf 85' lang='lat' dir='ltr'>ilnxtom,</span> <span class='ocrx_word' id='word_1_287' title='bbox 546 3425 676 3494; x_wconf 73' lang='lat' dir='ltr'>quedom,</span> <span class='ocrx_word' id='word_1_288' title='bbox 689 3422 722 3489; x_wconf 83' lang='grc' dir='ltr'>Α,</span> <span class='ocrx_word' id='word_1_289' title='bbox 741 3421 778 3474; x_wconf 86' lang='lat' dir='ltr'>Bb</span> <span class='ocrx_word' id='word_1_290' title='bbox 799 3431 856 3489; x_wconf 84' lang='lat' dir='ltr'>post</span> <span class='ocrx_word' id='word_1_291' title='bbox 874 3425 928 3476; x_wconf 81' lang='lat' dir='ltr'>teis</span> <span class='ocrx_word' id='word_1_292' title='bbox 945 3424 1059 3476; x_wconf 76' lang='lat' dir='ltr'>occidue</span> <span class='ocrx_word' id='word_1_293' title='bbox 1078 3421 1157 3488; x_wconf 82' lang='lat' dir='ltr'>pontt.</span> <span class='ocrx_word' id='word_1_294' title='bbox 1187 3417 1259 3482; x_wconf 76' lang='lat' dir='ltr'>Ques</span> 
     </span>
     <span class='ocr_line' id='line_1_32' title="bbox 241 3510 1258 3583; baseline -0.004 -19"><span class='ocrx_word' id='word_1_295' title='bbox 241 3522 300 3580; x_wconf 81' lang='lat' dir='ltr'>post</span> <span class='ocrx_word' id='word_1_296' title='bbox 311 3523 416 3583; x_wconf 73' lang='lat' dir='ltr'>protem</span> <span class='ocrx_word' id='word_1_297' title='bbox 429 3523 469 3568; x_wconf 82' lang='lat' dir='ltr'>eet</span> <span class='ocrx_word' id='word_1_298' title='bbox 481 3512 558 3580; x_wconf 72' lang='lat' dir='ltr'>vulgo</span> <span class='ocrx_word' id='word_1_299' title='bbox 573 3511 698 3563; x_wconf 78' lang='lat' dir='ltr'>adduntur</span> <span class='ocrx_word' id='word_1_300' title='bbox 711 3510 804 3562; x_wconf 84' lang='lat' dir='ltr'>verbe:</span> <span class='ocrx_word' id='word_1_301' title='bbox 824 3527 901 3580; x_wconf 80' lang='lat' dir='ltr'>quem</span> <span class='ocrx_word' id='word_1_302' title='bbox 913 3511 982 3578; x_wconf 78' lang='lat' dir='ltr'>pueri</span> <span class='ocrx_word' id='word_1_303' title='bbox 993 3511 1022 3560; x_wconf 88' lang='lat' dir='ltr'>iu</span> <span class='ocrx_word' id='word_1_304' title='bbox 1034 3511 1080 3562; x_wconf 81' lang='lat' dir='ltr'>deo</span> <span class='ocrx_word' id='word_1_305' title='bbox 1092 3518 1195 3578; x_wconf 77' lang='lat' dir='ltr'>pratum</span> <span class='ocrx_word' id='word_1_306' title='bbox 1209 3515 1258 3574; x_wconf 77' lang='lat' dir='ltr'>eei,</span> 
     </span>
     <span class='ocr_line' id='line_1_33' title="bbox 242 3589 1259 3670; baseline -0.011 -18"><span class='ocrx_word' id='word_1_307' title='bbox 242 3603 336 3670; x_wconf 88' lang='lat' dir='ltr'>quippe</span> <span class='ocrx_word' id='word_1_308' title='bbox 354 3599 501 3668; x_wconf 72' lang='lat' dir='ltr'>glossemett</span> <span class='ocrx_word' id='word_1_309' title='bbox 521 3598 672 3662; x_wconf 78' lang='lat' dir='ltr'>consimilia,</span> <span class='ocrx_word' id='word_1_310' title='bbox 692 3605 831 3664; x_wconf 80' lang='lat' dir='ltr'>praeeunte</span> <span class='ocrx_word' id='word_1_311' title='bbox 851 3595 957 3663; x_wconf 72' lang='lat' dir='ltr'>lligeitio</span> <span class='ocrx_word' id='word_1_312' title='bbox 977 3595 1094 3661; x_wconf 76' lang='lat' dir='ltr'>expunxi,</span> <span class='ocrx_word' id='word_1_313' title='bbox 1115 3609 1171 3643; x_wconf 84' lang='lat' dir='ltr'>rum</span> <span class='ocrx_word' id='word_1_314' title='bbox 1190 3594 1214 3642; x_wconf 87' lang='lat' dir='ltr'>in</span> <span class='ocrx_word' id='word_1_315' title='bbox 1227 3589 1259 3641; x_wconf 88' lang='lat' dir='ltr'>W</span> 
     </span>
     <span class='ocr_line' id='line_1_34' title="bbox 219 3679 1258 3755; baseline -0.013 -15"><span class='ocrx_word' id='word_1_316' title='bbox 219 3683 267 3740; x_wconf 81' lang='lat' dir='ltr'>¹et</span> <span class='ocrx_word' id='word_1_317' title='bbox 287 3685 342 3738; x_wconf 86' lang='lat' dir='ltr'>Med</span> <span class='ocrx_word' id='word_1_318' title='bbox 362 3703 412 3740; x_wconf 89' lang='lat' dir='ltr'>non</span> <span class='ocrx_word' id='word_1_319' title='bbox 432 3688 592 3755; x_wconf 88' lang='lat' dir='ltr'>reperientur</span> <span class='ocrx_word' id='word_1_320' title='bbox 609 3685 685 3752; x_wconf 85' lang='lat' dir='ltr'>inque</span> <span class='ocrx_word' id='word_1_321' title='bbox 705 3681 743 3733; x_wconf 81' lang='lat' dir='ltr'>tto</span> <span class='ocrx_word' id='word_1_322' title='bbox 764 3698 776 3733; x_wconf 90' lang='lat' dir='ltr'>e</span> <span class='ocrx_word' id='word_1_323' title='bbox 797 3698 816 3732; x_wconf 90' lang='lat' dir='ltr'>r.</span> <span class='ocrx_word' id='word_1_324' title='bbox 837 3697 869 3734; x_wconf 91' lang='lat' dir='ltr'>m.</span> <span class='ocrx_word' id='word_1_325' title='bbox 889 3681 920 3732; x_wconf 87' lang='lat' dir='ltr'>ed</span> <span class='ocrx_word' id='word_1_326' title='bbox 940 3695 988 3748; x_wconf 72' lang='lat' dir='ltr'>mg.</span> <span class='ocrx_word' id='word_1_327' title='bbox 1009 3679 1107 3729; x_wconf 83' lang='lat' dir='ltr'>edicete</span> <span class='ocrx_word' id='word_1_328' title='bbox 1126 3679 1192 3741; x_wconf 78' lang='lat' dir='ltr'>siut,</span> <span class='ocrx_word' id='word_1_329' title='bbox 1212 3691 1258 3727; x_wconf 89' lang='lat' dir='ltr'>ce-</span> 
     </span>
     <span class='ocr_line' id='line_1_35' title="bbox 199 3759 1259 3838; baseline -0.01 -13"><span class='ocrx_word' id='word_1_330' title='bbox 199 3809 204 3816; x_wconf 82' lang='lat'>·</span> <span class='ocrx_word' id='word_1_331' title='bbox 241 3783 323 3825; x_wconf 89' lang='lat' dir='ltr'>terum</span> <span class='ocrx_word' id='word_1_332' title='bbox 343 3772 380 3824; x_wconf 89' lang='lat' dir='ltr'>Bb</span> <span class='ocrx_word' id='word_1_333' title='bbox 400 3778 428 3827; x_wconf 85' lang='lat' dir='ltr'>in</span> <span class='ocrx_word' id='word_1_334' title='bbox 446 3777 531 3838; x_wconf 75' lang='lat' dir='ltr'>elenen,</span> <span class='ocrx_word' id='word_1_335' title='bbox 554 3770 593 3821; x_wconf 87' lang='lat' dir='ltr'>rllb</span> <span class='ocrx_word' id='word_1_336' title='bbox 614 3778 640 3822; x_wconf 91' lang='lat' dir='ltr'>et</span> <span class='ocrx_word' id='word_1_337' title='bbox 659 3769 693 3821; x_wconf 88' lang='lat' dir='ltr'>Be</span> <span class='ocrx_word' id='word_1_338' title='bbox 713 3771 863 3823; x_wconf 79' lang='lat' dir='ltr'>indumine</span> <span class='ocrx_word' id='word_1_339' title='bbox 882 3765 1001 3830; x_wconf 85' lang='lat' dir='ltr'>scribent,</span> <span class='ocrx_word' id='word_1_340' title='bbox 1021 3764 1061 3815; x_wconf 90' lang='lat' dir='ltr'>ed.</span> <span class='ocrx_word' id='word_1_341' title='bbox 1081 3770 1165 3814; x_wconf 89' lang='lat' dir='ltr'>eutem</span> <span class='ocrx_word' id='word_1_342' title='bbox 1184 3759 1259 3824; x_wconf 70' lang='lat' dir='ltr'>Der..</span> 
     </span>
     <span class='ocr_line' id='line_1_36' title="bbox 241 3847 1258 3927; baseline -0.014 -15"><span class='ocrx_word' id='word_1_343' title='bbox 241 3876 272 3915; x_wconf 83' lang='lat' dir='ltr'>ex</span> <span class='ocrx_word' id='word_1_344' title='bbox 291 3875 340 3927; x_wconf 89' lang='lat' dir='ltr'>que</span> <span class='ocrx_word' id='word_1_345' title='bbox 359 3857 497 3911; x_wconf 79' lang='lat' dir='ltr'>hauserunt</span> <span class='ocrx_word' id='word_1_346' title='bbox 515 3857 620 3910; x_wconf 78' lang='lat' dir='ltr'>Grotius</span> <span class='ocrx_word' id='word_1_347' title='bbox 640 3865 666 3909; x_wconf 90' lang='lat' dir='ltr'>et</span> <span class='ocrx_word' id='word_1_348' title='bbox 684 3855 827 3908; x_wconf 84' lang='lat' dir='ltr'>Gronovius</span> <span class='ocrx_word' id='word_1_349' title='bbox 846 3854 862 3906; x_wconf 91' lang='lat' dir='ltr'>i.</span> <span class='ocrx_word' id='word_1_350' title='bbox 883 3871 920 3919; x_wconf 78' lang='lat' dir='ltr'>c,</span> <span class='ocrx_word' id='word_1_351' title='bbox 942 3869 973 3905; x_wconf 87' lang='lat' dir='ltr'>eo</span> <span class='ocrx_word' id='word_1_352' title='bbox 992 3851 1103 3915; x_wconf 76' lang='lat' dir='ltr'>differet,</span> <span class='ocrx_word' id='word_1_353' title='bbox 1123 3847 1191 3918; x_wconf 90' lang='lat' dir='ltr'>quod</span> <span class='ocrx_word' id='word_1_354' title='bbox 1210 3864 1258 3899; x_wconf 86' lang='lat' dir='ltr'>ex·</span> 
     </span>
     <span class='ocr_line' id='line_1_37' title="bbox 241 3933 1260 4016; baseline -0.011 -20"><span class='ocrx_word' id='word_1_355' title='bbox 241 3944 312 3997; x_wconf 84' lang='lat' dir='ltr'>hibet</span> <span class='ocrx_word' id='word_1_356' title='bbox 335 3965 413 4016; x_wconf 78' lang='lat' dir='ltr'>quem</span> <span class='ocrx_word' id='word_1_357' title='bbox 440 3948 507 4015; x_wconf 79' lang='lat' dir='ltr'>qued</span> <span class='ocrx_word' id='word_1_358' title='bbox 532 3948 578 3998; x_wconf 83' lang='lat' dir='ltr'>deo</span> <span class='ocrx_word' id='word_1_359' title='bbox 604 3962 697 3998; x_wconf 83' lang='lat' dir='ltr'>earum</span> <span class='ocrx_word' id='word_1_360' title='bbox 721 3953 768 3996; x_wconf 82' lang='lat' dir='ltr'>eet.</span> <span class='ocrx_word' id='word_1_361' title='bbox 805 3939 899 3997; x_wconf 82' lang='lat' dir='ltr'>Eorum</span> <span class='ocrx_word' id='word_1_362' title='bbox 919 3939 976 3991; x_wconf 85' lang='lat' dir='ltr'>loco</span> <span class='ocrx_word' id='word_1_363' title='bbox 997 3953 1028 3988; x_wconf 85' lang='lat' dir='ltr'>ex</span> <span class='ocrx_word' id='word_1_364' title='bbox 1046 3933 1260 4006; x_wconf 75' lang='lat' dir='ltr'>preeoedentiboe</span> 
     </span>
    </p>
   </div>
   <div class='ocr_carea' id='block_1_5' title="bbox 0 0 1446 4692">
    <p class='ocr_par' dir='ltr' id='par_1_5' title="bbox 0 0 1446 4692">
     <span class='ocr_line' id='line_1_38' title="bbox 0 0 1446 4692; baseline 0 0"><span class='ocrx_word' id='word_1_365' title='bbox 0 0 1446 4692; x_wconf 95' lang='lat' dir='ltr'> </span> 
     </span>
    </p>
   </div>
  </div>
 </body>
</html>
