2882 4692
730 284 752 348 8

234 463 360 527 cumque
390 445 419 506 in
450 441 514 506 salo
545 442 680 506 iactantis
711 440 824 506 saeculi
855 441 1043 508 nutabundus
1077 462 1112 508 sc
1142 444 1250 510 dubius

233 557 368 642 vestigiis
392 555 599 620 oberrantibus
623 555 806 634 lluotusrem,
830 557 906 618 vitae
931 574 1015 620 meae
1038 557 1168 638 nescius,
1192 578 1249 622 ve-

161 666 180 732 .’
232 673 326 736 ritulis
356 689 392 733 ac
421 671 495 733 lucis
526 668 657 748 alienus,
690 667 808 732 difficile
839 687 964 751 prorsus
994 689 1030 734 ac
1060 671 1165 736 durum
1196 691 1251 755 pro

234 786 289 850 illis
314 791 383 847 tunc
406 783 538 847 moribus
562 782 706 864 opinabar
729 783 809 865 quod
837 784 866 846 in
898 783 1022 847 sulutem
1054 784 1122 848 mibi
1152 774 1251 852 divina

234 899 416 984 indulgentia
437 896 640 980 pollicebatur,
666 903 696 960 ut
719 898 785 978 quis
809 899 925 960 renasci
950 897 1050 961 denuo
1074 905 1178 980 posset
1201 905 1252 964 ut-

234 1033 293 1096 que
325 1014 354 1074 in
389 1029 497 1076 novam
533 1011 619 1078 vitum
654 1010 774 1074 lavacro
808 1028 903 1090 aquae
938 1009 1075 1074 sulutnris
1109 1011 1252 1077 animatus

235 1122 316 1208 quod
339 1124 421 1207 prius
445 1124 541 1186 lueret
566 1130 743 1204 exponeret,
767 1124 905 1204 corporis
929 1123 998 1186 licet
1022 1131 1159 1188 manente
1175 1144 1251 1190 con-

235 1259 313 1322 page
343 1238 490 1302 bominem
523 1241 621 1301 animo
652 1256 686 1300 ac
717 1243 816 1300 mente
847 1245 981 1300 mutaret.
1028 1237 1083 1312 Oui
1101 1235 1129 1311 ²)
1153 1241 1253 1321 possi·

235 1352 321 1431 bilis,
352 1353 484 1429 aiebam,
518 1360 595 1413 tants
625 1352 801 1428 conversio,
823 1359 866 1428 ¹nt
887 1358 1012 1432 repento
1035 1370 1070 1414 ac
1094 1353 1254 1434 perniciter

235 1473 379 1530 exsuatur
410 1465 488 1546 quod
521 1464 567 1526 vel
598 1466 759 1546 genuinum
784 1467 841 1526 situ
866 1467 1006 1527 materiae
1029 1466 1170 1544 naturalis
1194 1465 1254 1529 ob-

236 1580 336 1642 duruit
357 1579 406 1641 vel
429 1585 601 1658 usurpatum
625 1577 673 1640 diu
698 1575 783 1640 senio
808 1580 960 1642 vetustatis
992 1578 1142 1642 inolevit?
1187 1579 1254 1642 Alto

237 1693 311 1760 laec
344 1697 374 1753 et
407 1690 553 1772 protunda
571 1689 596 1768 ³)
633 1693 750 1772 penitus
784 1690 886 1754 rudicc
920 1691 1071 1756 sederunt.
1128 1692 1254 1768 Quando

237 1785 443 1886 parsimoniam
461 1800 488 1881 ⁴)
511 1803 597 1866 discit
620 1805 670 1885 qui
694 1804 865 1885 epularibus
889 1807 993 1870 coenis
1023 1813 1051 1868 et
1081 1806 1172 1889 largis
1196 1807 1252 1870 da·

237 2083 276 2138 ne
299 2093 412 2136 acutum
440 2083 547 2150 legimus
571 2089 698 2162 amarat
723 2095 845 2139 comeret.
884 2081 1096 2136 Coniunctionem
1115 2090 1154 2148 ei,
1182 2096 1256 2152 quam

237 2173 329 2244 primus
355 2173 451 2224 invexit
474 2169 610 2240 bigamos,
637 2170 712 2222 codd.
739 2174 819 2223 nostri
846 2185 949 2233 omues,
977 2180 1004 2221 ut
1028 2170 1086 2222 edd.
1112 2172 1257 2238 superiores

237 2259 328 2317 merito
355 2259 481 2310 omittunt.
518 2255 591 2308 Coei.
614 2271 689 2324 supra
710 2271 766 2324 cap.
788 2256 804 2308 Ι.
825 2264 876 2307 aot.
897 2259 920 2305 7.
966 2254 1255 2324 superplenam.

238 2360 290 2404 nec.
311 2346 378 2396 inter
395 2361 462 2396 vera.
483 2344 538 2408 bic,
565 2347 625 2396 item
651 2345 691 2395 ed.
712 2341 791 2406 Dav.;
820 2345 884 2412 puisi
901 2345 1089 2412 inpossibilitas
1108 2345 1213 2412 opedani
1231 2344 1256 2394 in

238 2499 325 2551 apogr.
346 2500 402 2550 pm,
428 2485 453 2534 in
471 2499 523 2534 scr.
538 2433 644 2552 qma
656 2485 835 2551 inpossibilit:
855 2486 954 2536 aiebam
972 2482 1022 2549 (pr.
1044 2483 1161 2552 opedam)
1181 2481 1257 2534 babet

239 2571 296 2633 bib,
318 2572 444 2639 quomodo
463 2567 516 2631 bb,
536 2587 596 2621 cum
615 2567 671 2631 ltu,
693 2566 751 2617 dein
771 2570 937 2636 impossibile
955 2571 1054 2622 uictum
1072 2578 1170 2622 tantam
1188 2585 1255 2623 con-

239 2659 388 2710 versionem
407 2652 496 2706 scribit
511 2658 539 2706 A.
579 2658 639 2718 Est,
658 2654 725 2722 qnod
745 2653 820 2706 modo
839 2663 897 2706 aute
916 2665 997 2719 tunso,
1016 2656 1093 2707 modo
1112 2664 1170 2722 post
1188 2671 1255 2708 cora-

239 2745 345 2806 eersio‚
372 2749 399 2791 ut
418 2743 442 2792 in
462 2739 520 2793 edd.
540 2749 619 2806 vett,
644 2743 760 2808 ponitur,
786 2743 809 2792 in
829 2742 903 2794 codd.
923 2751 1007 2794 autem
1028 2741 1069 2793 W.
1089 2741 1162 2794 blabd
1181 2750 1259 2811 atque

241 2829 321 2897 Βοῦς.
342 2830 475 2893 omittitur,
494 2829 687 2897 expungendum
706 2831 800 2882 ccuaui.
832 2827 880 2882 Pro
899 2833 941 2884 eet
960 2857 988 2868 -·
1011 2858 1042 2866 —
1062 2828 1258 2882 eelblbscribit

239 2927 263 2970 et
282 2944 311 2954 -
333 2945 365 2956 -
385 2927 416 2970 st.
455 2915 515 2967 Tum
539 2921 618 2986 penui
638 2917 699 2983 (sic)
718 2914 814 2986 Bong.‚
842 2919 954 2987 pennino
974 2914 1025 2980 Ba,
1052 2919 1194 2986 punitivum
1219 2917 1256 2979 (iu

240 3019 289 3072 rog.
312 3004 360 3069 „al
380 3006 513 3074 pesnino‘tj
534 3002 587 3068 lic,
613 3008 715 3074 peucine
734 3003 754 3054 A
775 3011 800 3055 et
820 3004 860 3055 ed.
881 3002 944 3054 Dus.
981 2999 1096 3054 Proxime
1120 3005 1259 3058 obduravit

241 3089 288 3144 llb.
309 3088 342 3140 Bu
363 3101 387 3142 et
407 3091 435 3142 Α.
474 3089 673 3145 Deio‘inlcrdiu
692 3091 751 3142 edd.
772 3099 850 3154 vett,
869 3092 1000 3144 interdurn
1019 3089 1069 3141 bld.
1112 3090 1141 3155 3)
1161 3090 1258 3142 Desunt

239 3185 359 3249 quattuor
375 3177 424 3228 bae
443 3191 521 3228 voces
540 3176 563 3226 iu
583 3175 613 3226 Α.
652 3176 720 3228 ldero
739 3179 826 3230 iudice
849 3191 896 3243 pro
920 3179 1012 3230 radice
1031 3174 1115 3228 babet.
1163 3177 1191 3243 l)
1208 3194 1258 3245 per

239 3266 387 3334 symoniam
405 3261 435 3313 a.
473 3261 533 3312 Tam
560 3266 643 3317 discet
669 3269 718 3330 (pr.
744 3262 836 3326 disci)
860 3261 900 3336 blb
928 3270 954 3314 et
978 3265 1046 3330 quod
1069 3278 1116 3330 pro
1141 3267 1187 3333 qui
1207 3261 1256 3314 bld.

240 3348 298 3425 idox
317 3351 407 3404 caenis
421 3348 460 3400 W.
481 3349 516 3403 Bs
535 3353 561 3402 et
581 3350 628 3414 llo,
649 3350 798 3418 quibuscum
818 3349 913 3402 iaciunt
932 3349 1066 3414 Manutius,
1086 3347 1212 3402 Parneliua
1232 3358 1259 3400 et

241 3434 364 3490 baluzius.
403 3435 464 3489 lteru
484 3436 525 3489 blb
543 3439 567 3489 iu
586 3453 673 3506 npogr.
697 3431 735 3502 ll,
761 3439 785 3489 in
804 3453 874 3502 sec,
892 3445 918 3488 ut
937 3436 975 3488 lle
996 3445 1021 3488 at
1042 3438 1181 3504 Apuanis.
1219 3436 1257 3490 De

240 3521 310 3580 iaris
330 3523 402 3574 buius
422 3525 493 3575 vocis
512 3524 662 3576 scribendae
681 3525 781 3576 sartione
798 3523 848 3577 vid.
863 3525 957 3578 Celtas.
975 3522 1007 3574 de
1021 3520 1189 3593 Ortbogrspb.
1204 3521 1256 3576 but.

240 3626 257 3659 s.
280 3624 304 3659 v.
324 3627 411 3663 coena.
449 3609 549 3662 Deinde
574 3611 675 3662 inverso
700 3610 837 3663 verborum
863 3610 954 3662 ordine
972 3608 1009 3661 ltu
1035 3609 1113 3664 babet
1131 3615 1165 3666 is
1189 3629 1258 3666 our-a

240 3704 315 3763 utque
331 3715 455 3767 purpura
474 3700 638 3768 conspicuus
654 3701 740 3769 tiabit·
780 3697 894 3750 Alterum
913 3699 942 3750 in
961 3712 1012 3748 om.
1032 3697 1108 3750 etiem
1127 3695 1162 3750 sa
1182 3705 1209 3750 et
1226 3697 1257 3749 u.

240 3778 297 3833 uox
319 3800 438 3852 purpura
457 3782 505 3837 na.
544 3783 606 3836 Delu
629 3789 708 3854 fulcit
733 3794 759 3837 et
781 3787 900 3856 plebeum
918 3785 948 3841 Α.
985 3783 1050 3836 loire
1076 3787 1182 3856 meaa
1206 3788 1256 3854 (pr.

240 3867 358 3936 deponit)
377 3867 427 3922 lto.

350 3951 354 3964 Ι
