2882 4692
644 399 685 460 25

156 571 232 635 quae
256 569 326 615 esse
348 554 443 634 possit
464 551 636 634 integritas,
664 554 712 616 ubi
736 554 785 634 qui
810 553 949 617 damnent
966 550 1005 626 17)
1028 555 1173 636 inprobos

152 668 279 745 desunt,
302 666 359 730 soli
382 667 432 727 tibi
457 665 507 746 qui
530 665 707 731 damnentur
730 668 918 730 occurrunt?
1043 668 1045 674 ’

646 863 781 934 ι.

244 1004 302 1069 Sed
335 1022 373 1067 ne
390 1003 417 1078 ¹)
448 1023 503 1068 nos
535 1005 687 1068 videamur
717 1006 831 1089 eligere
861 1006 991 1070 tortasse
1016 1008 1119 1087 peiora
1143 1016 1175 1071 et

156 1119 254 1182 studio
278 1117 449 1180 destruendi
469 1135 523 1200 per
538 1137 573 1182 ea
590 1120 694 1182 oculos
711 1125 778 1182 tuos
794 1118 915 1197 ducere,
939 1136 1065 1200 quorum
1082 1121 1173 1183 tristis

156 1238 244 1313 atque
267 1231 450 1294 aversandus
475 1237 613 1312 aspectus
637 1250 690 1294 ora
713 1239 744 1293 et
764 1233 863 1296 vultos
886 1232 1088 1296 conscientiae
1106 1251 1173 1296 me-

156 1347 238 1408 lioris
262 1344 409 1422 offendat,
442 1346 498 1406 iam
530 1345 580 1407 tilti
610 1345 675 1423 illa,
707 1363 784 1425 quae
812 1345 980 1427 ignorantia
1011 1344 1174 1408 saecularis

156 1460 234 1521 bona
259 1459 411 1538 opinatur,
436 1456 598 1521 ostendam.
644 1457 705 1520 lllio
722 1455 750 1532 ²)
773 1459 860 1520 etlam
885 1457 1024 1540 iuglande
1047 1458 1173 1538 conspi-

156 1571 227 1634 cies.
275 1572 357 1645 Ouos
380 1571 512 1634 honores
536 1577 731 1654 potestesse,
764 1588 840 1651 quos
865 1570 980 1649 fasces,
1012 1589 1100 1651 quarn
1124 1569 1172 1634 al-

156 1684 304 1747 lluentiam
319 1681 347 1759 ³)
371 1686 399 1752 in
422 1683 540 1762 divitiis,
564 1701 651 1764 quam
668 1685 827 1765 potentiam
844 1685 873 1746 in
891 1685 1006 1761 castris,
1031 1684 1060 1745 in
1077 1685 1173 1766 magi-

157 1806 249 1862 stratu
264 1815 413 1880 purpurae
429 1799 570 1879 speciem,
594 1799 622 1860 in
637 1799 804 1878 principatu
821 1797 957 1858 licentiae
972 1797 1174 1877 potestatem?

157 1911 300 1974 Malorum
325 1909 536 1992 blandientium
560 1911 642 1972 virus
667 1911 812 1972 occultum
837 1915 882 1970 est
898 1904 937 1986 ⁴),
964 1916 993 1970 et
1017 1909 1173 1972 arridentis

157 2025 309 2106 nequitiae
341 2023 433 2086 iacies
464 2023 580 2104 quidem
612 2024 706 2100 laeta,
740 2023 794 2086 sed
825 2023 996 2086 calamitatis
1016 2023 1175 2086 abstrusae

156 2138 345 2202 inlecebrosa
368 2136 491 2215 fallacia,
515 2137 607 2198 instar
631 2134 779 2215 quoddam
803 2117 920 2214 veneni,
945 2138 994 2199 ulti
1018 2138 1046 2198 in
1070 2136 1174 2199 letales

157 2345 215 2396 edd.
236 2352 297 2396 vett.
318 2361 339 2396 c.
358 2339 456 2396 Erasm.
494 2343 557 2394 Dein
576 2347 712 2412 puplicum
731 2343 762 2392 W
782 2351 807 2394 et
826 2341 872 2394 tta.
911 2343 956 2404 17)
978 2347 1115 2412 danvpnenl
1134 2341 1173 2392 Md

156 2449 179 2482 c.
197 2431 238 2483 ed.
253 2430 325 2496 Dav,
344 2435 467 2486 damnant
481 2432 510 2482 Α.
549 2430 607 2482 ttox
626 2434 671 2484 atti
685 2430 723 2481 W.
745 2429 824 2482 Macd.
846 2429 888 2481 Da.
909 2431 929 2479 Α
949 2446 995 2496 pro
1008 2428 1112 2496 vulgato
1126 2432 1175 2493 tet,

157 2518 224 2587 quod
243 2519 267 2570 in
282 2517 322 2568 lllb
336 2533 350 2568 e
363 2520 410 2571 tili
422 2527 523 2569 enatum
536 2526 582 2569 eat.
622 2516 720 2570 Deinde
734 2521 907 2586 dampnentur
921 2514 968 2567 llld.
982 2513 1003 2565 Α
1017 2523 1043 2565 et
1056 2515 1097 2566 cd.
1111 2514 1174 2566 Dav.

225 2622 254 2674 x.
295 2625 322 2689 l)
340 2639 372 2676 ne
391 2624 416 2672 ln
435 2619 474 2672 W.
496 2620 551 2673 ttad
573 2630 598 2676 et
618 2619 655 2700 Dlt
675 2623 813 2685 omissum,
840 2622 1038 2688 superscriptum
1060 2622 1085 2670 iu
1108 2618 1173 2670 tlte.

157 2726 218 2778 Tum
237 2731 312 2796 ipsae
331 2741 377 2793 pro
397 2743 447 2779 nee
466 2726 496 2776 Α.
534 2725 590 2777 utor
614 2702 714 2808 elefqere
733 2725 773 2776 lllb
798 2733 825 2776 et
849 2725 926 2792 paulo
951 2733 1009 2791 port
1028 2727 1177 2779 distruendi

158 2844 195 2897 pr.
216 2828 265 2892 ltu,
285 2833 454 2883 destrueretur
474 2829 532 2878 edd.
552 2837 614 2878 vett.
652 2829 678 2878 ln
698 2843 769 2894 seqq.
789 2830 973 2881 adterendae
992 2827 1065 2878 ttbct
1085 2836 1111 2878 et
1129 2825 1174 2891 Ba,

157 2919 216 2967 item
240 2916 299 2967 edd.
324 2922 387 2966 vett.
426 2913 541 2964 Proxime
566 2915 729 2966 cerncientia
755 2910 799 2962 tta.
842 2911 990 2962 correctum
1016 2915 1136 2966 melioria
1161 2929 1177 2964 e

157 3007 280 3056 meliores
300 3003 323 3053 in
339 3000 378 3052 ttb
398 3007 425 3050 et
442 3002 556 3068 offendat
574 3013 605 3048 ex
625 2999 740 3067 offendit,
761 2996 829 3064 quod
842 2995 882 3046 lle
902 2994 987 3059 habet,
1007 2998 1031 3047 in
1044 2997 1073 3046 Α.
1111 2996 1176 3048 Dein

158 3091 321 3159 ignorantiae
339 3085 427 3137 scribit
446 3083 491 3134 lle.
528 3083 557 3145 2)
577 3084 645 3135 llluc
666 3081 712 3132 lla.
745 3078 810 3132 'lum
828 3084 955 3150 suqieado
973 3091 1013 3134 eet
1030 3085 1133 3151 speclea
1146 3083 1176 3134 Α.

158 3173 186 3232 3)
212 3176 372 3244 efflantium
398 3173 434 3234 Α,
464 3173 492 3221 in
516 3172 619 3222 divitiis
645 3173 808 3239 astlueotiam
830 3166 883 3232 Bb,
910 3172 1045 3238 timendam
1070 3186 1107 3237 pr.
1129 3169 1175 3221 llc.

158 3260 220 3311 lum
240 3277 317 3328 wem
334 3262 363 3310 itt
379 3237 537 3326 meqietrotu
549 3256 582 3320 Α,
598 3261 630 3309 'in
643 3259 843 3327 rnuqt'etratilua
858 3254 923 3318 tthc,
942 3258 971 3308 ire
983 3260 1177 3326 maqialratavue

160 3347 225 3407 (ric)
246 3347 294 3405 lle,
313 3348 342 3396 ira
359 3347 535 3414 magistratus
549 3342 586 3393 W.
601 3342 662 3394 Bab.
701 3342 800 3395 Deinde
818 3340 1049 3410 purpurantur,
1088 3342 1176 3394 Statim

158 3435 401 3501 inprincipalitate
419 3430 467 3494 tte,
486 3434 516 3482 in
531 3435 700 3500 principatus
715 3429 752 3480 W.
775 3429 845 3480 llabd
865 3437 891 3480 et
911 3427 954 3479 Ba.
983 3427 1053 3478 ¹Tum
1072 3431 1177 3482 lieentia

160 3519 199 3566 W.
221 3516 267 3568 lla.
314 3518 343 3583 t)
362 3529 403 3571 eat
420 3517 444 3568 lr.
466 3518 481 3567 l.
502 3533 553 3568 om.
574 3516 727 3572 Drouoeiua
747 3517 763 3567 Ι.
784 3531 806 3567 c.
826 3507 931 3584 ps321.
969 3513 1029 3583 Seq.
1050 3525 1074 3567 et
1093 3516 1118 3563 in
1138 3513 1177 3565 llla

159 3607 240 3658 deest.
273 3604 321 3655 Pro
340 3609 485 3659 arridmttie
499 3604 537 3655 W.
558 3605 614 3656 ltro
634 3613 660 3655 et
680 3603 714 3654 Ba
733 3606 888 3666 adridemus,
909 3605 968 3652 item
988 3615 1026 3667 pr.
1042 3599 1088 3650 llc.
1121 3599 1176 3649 vid.

160 3708 225 3760 qaue
244 3694 364 3742 annotavi
383 3691 414 3742 ad
434 3691 550 3742 timbron.
572 3689 604 3741 de
623 3689 690 3740 ollio.
712 3687 730 3739 l.
748 3689 769 3738 l.
790 3691 814 3752 §.
831 3690 855 3752 1,
877 3690 899 3738 l.
936 3686 963 3738 ln
982 3701 1055 3754 seqq.
1075 3689 1177 3740 intutae

161 3781 258 3846 lpotius
271 3781 357 3838 iotae)
371 3783 494 3832 atatem
506 3778 538 3841 Α,
557 3781 680 3831 otatme
693 3776 752 3828 edd.
764 3774 807 3826 SP.
823 3774 913 3826 Venet.
928 3775 1020 3835 lluno.‚
1039 3775 1178 3825 obstrusae

161 3865 250 3918 liemb.
289 3864 354 3916 Dein
380 3868 483 3934 quidum
508 3864 553 3930 (ab
572 3863 604 3916 al.
624 3879 655 3914 m.
675 3864 846 3928 superscripta
866 3861 936 3912 litera
957 3861 1002 3922 o),
1031 3859 1054 3906 iu
1074 3872 1124 3923 mg.
1144 3856 1176 3907 ab

161 3968 181 4007 t.
193 3969 225 4004 m.
244 3951 467 4028 quoddamlaalret
481 3951 530 4018 ilc,
549 3952 651 4021 quidem
665 3950 697 4013 Α,
717 3949 838 4026 quiddam
858 3950 897 3998 ed.
914 3947 976 3999 Dav.
1007 3941 1067 3992 Poll
1084 3945 1177 4000 amul
