2880 4696
656 473 717 540 125

178 625 344 690 timeamus.
388 628 494 710 Neque
518 629 613 693 inenis
627 628 653 707 ⁵)
677 630 752 693 boec
775 632 873 695 centio
897 638 996 697 estet
1020 651 1097 696 vene
1127 633 1195 697 iar-

177 737 278 818 mido,
311 758 388 821 quse
411 740 448 803 ed
471 741 573 804 solutis
596 743 675 804 viam
706 744 849 824 consulit,
882 763 959 827 quae
988 746 1133 811 dominice
1166 757 1196 812 et

177 851 276 916 viteiie
298 859 458 935 praecepte
480 855 624 936 custodit,
654 862 686 920 nt
716 875 793 938 quae
825 876 859 922 se
883 857 1002 923 Christo
1031 859 1196 923 dicaverint

178 971 248 1028 ete
278 968 388 1032 carnali
416 971 658 1051 concupiscentie
687 970 865 1036 recedentes
895 979 953 1037 tem
986 993 1076 1038 cerne
1107 993 1194 1058 quem

149 1087 278 1142 emente
300 1099 334 1144 se
358 1083 416 1146 deo
445 1085 600 1164 voverint,
632 1093 837 1150 consumment
865 1105 940 1170 opus
969 1107 1054 1152 suum
1085 1108 1194 1173 magno

176 1197 311 1276 praemio
334 1197 527 1280 destinatum,
550 1219 608 1264 nec
631 1203 729 1266 orneri
752 1203 809 1266 iem
832 1209 882 1266 eut
903 1204 1024 1286 piscere
1048 1206 1194 1286 cuiquem,
1262 1235 1266 1244 ¹

176 1310 235 1372 nisi
258 1311 378 1378 domino
403 1297 459 1378 suo
482 1315 628 1396 studeant,
653 1336 669 1381 a
693 1336 752 1399 qua
776 1324 806 1380 et
827 1319 995 1382 mercedem
1018 1321 1196 1404 virginitatis

177 1431 353 1506 exspectent
376 1428 492 1492 dicente
515 1432 597 1513 ipso:
628 1432 699 1495 Nan
723 1452 828 1496 ornnes
856 1434 987 1512 capiant
1000 1430 1028 1510 ⁶)
1059 1436 1194 1515 corbam,

176 1539 234 1602 sed
259 1541 317 1619 iili,
341 1543 453 1624 quibas
475 1546 580 1608 datam
604 1553 656 1610 est.
701 1546 781 1609 Sant
803 1548 884 1610 enim
905 1549 1063 1628 spadones
1080 1543 1117 1628 ⁷),
1142 1551 1197 1632 qni

158 1713 162 1722 ,
176 1707 384 1719 u-——a-—uu——-

247 1788 276 1854 5)
294 1788 332 1840 Ite
352 1788 393 1841 W.
412 1789 494 1844 bibcd.
514 1789 537 1841 A
557 1791 735 1860 editionesque
753 1800 815 1844 vett.
835 1809 857 1844 c.
877 1792 966 1846 Remb.
985 1791 1082 1846 Eresm.
1100 1792 1194 1848 Manat.

175 1874 292 1941 Marcii,
324 1895 405 1947 nepte
437 1881 506 1932 enim
538 1881 629 1933 insanis
656 1879 729 1931 Grev.
757 1878 851 1932 Pemel.
880 1879 974 1949 Rigalt.
1001 1879 1082 1934 Onon.
1108 1879 1194 1935 Delus.

92 1963 97 1970 '
177 1961 284 2028 Goidb.,
309 1969 371 2034 qnia
395 1981 441 2033 pra
466 1970 536 2020 entim
554 1967 601 2020 bie.
644 1967 718 2031 Quod
743 1970 858 2038 sequitur
880 1973 944 2022 daec
968 1969 1041 2021 abest
1066 1986 1080 2021 e
1105 1969 1145 2031 bic
1170 1979 1196 2022 et

176 2049 247 2102 libris
267 2061 325 2104 ente
339 2050 413 2104 Grev.
434 2053 518 2105 editis.
549 2052 610 2105 Tum
628 2057 743 2124 formido
762 2073 832 2108 cana
851 2054 908 2106 edd.
928 2063 987 2105 ente
1000 2054 1093 2108 Menut.
1106 2071 1195 2109 omnes

176 2159 199 2193 c.
220 2140 317 2193 Motell.
361 2141 491 2209 Deinceps
518 2145 563 2212 qut
587 2141 632 2208 (sb
659 2141 692 2194 ni.
711 2159 744 2194 m.
764 2158 890 2210 superscr.
910 2143 988 2212 pace]
1007 2141 1048 2194 W.
1090 2146 1195 2198 Salutis

155 2231 201 2298 *in
222 2229 312 2280 eodem
332 2237 432 2282 enatam
451 2238 490 2282 cst
508 2246 539 2281 ex
557 2233 634 2284 satis.
670 2229 719 2282 Pro
740 2235 866 2296 cors-satit,
888 2232 959 2282 cuius
978 2229 1037 2282 loco
1055 2233 1081 2282 in
1100 2231 1192 2284 Menut.

178 2324 216 2369 est
235 2321 379 2382 concaluit,
397 2326 459 2370 vett.
479 2318 537 2370 edd.
550 2327 657 2386 excepte
673 2317 795 2370 Deventr.
809 2335 943 2387 perperam
963 2318 1058 2372 babent
1076 2322 1192 2372 contulit.

176 2404 233 2456 Mox
251 2415 274 2459 et
295 2409 426 2460 dominica
443 2405 475 2456 W
494 2415 519 2459 et
538 2406 585 2458 Me.
623 2406 681 2476 Seq.
700 2417 724 2461 ct
742 2422 791 2459 om.
812 2406 841 2460 A.
879 2407 959 2459 Paulo
977 2415 1036 2476 post
1048 2406 1087 2459 bis
1105 2406 1194 2458 scribit

175 2496 368 2559 dedicaverint,
396 2493 435 2544 Me
454 2497 617 2549 dicaverant.
655 2493 716 2546 Tum
736 2498 883 2550 decidentes
902 2507 954 2550 tam
972 2513 1051 2550 carne
1069 2513 1100 2549 se
1117 2513 1194 2564 pacm

174 2591 258 2634 mente
276 2584 322 2634 deo
341 2581 390 2633 bid.
428 2579 517 2633 Statim
534 2591 664 2635 coemant
681 2579 728 2632 Mc.
764 2579 863 2632 Deinde
884 2593 1037 2636 consument
1054 2582 1094 2634 W.
1113 2582 1194 2636 biscd.

174 2664 203 2718 B.
223 2666 246 2718 A
266 2677 291 2719 et
308 2667 351 2720 Fr.
370 2668 451 2722 Emm.
470 2669 505 2735 2,
524 2687 591 2740 opas
617 2687 697 2724 saum
723 2679 904 2724 corssamment
929 2669 986 2722 edd.
1006 2670 1051 2722 SP.
1072 2670 1193 2724 Deventr.

175 2756 251 2810 Grev.
272 2756 379 2821 Marcii,
398 2775 438 2827 ap.
458 2775 500 2811 sn.
520 2767 673 2812 consument
691 2756 780 2809 venet.
803 2756 824 2808 1.
846 2756 1194 2811 2.1tum.1tenb.Erasm.

175 2844 238 2896 Tum
263 2863 357 2915 mapno
383 2847 544 2898 destinatam
567 2847 684 2914 meantia
703 2842 734 2895 A.
770 2843 828 2896 Mox
851 2849 945 2900 ornari
968 2856 1014 2900 cat
1030 2851 1135 2916 placere
1154 2846 1194 2900 W.

174 2933 274 2984 biebcd.
293 2932 353 2985 Ver.
373 2931 415 2998 2.,
437 2933 497 2982 item
517 2931 575 2984 edd.
594 2939 657 2984 vett.
677 2949 699 2983 c.
719 2931 807 2983 Remb.
828 2939 853 2983 et
872 2932 986 2999 Marcii,
1011 2941 1116 3001 excepte
1138 2932 1194 2984 De-

174 3021 274 3085 v'entr.,
292 3021 318 3071 in
337 3037 385 3091 que
405 3029 444 3072 est
462 3038 560 3075 ornare
578 3031 624 3074 acet
640 3024 677 3089 pt.
713 3019 735 3071 A
755 3019 829 3071 offert
848 3037 944 3074 ornare
961 3039 993 3075 ca
1009 3025 1044 3091 pt.
1083 3021 1132 3074 Pro
1151 3033 1197 3080 cat

174 3127 213 3178 pr.
231 3109 279 3161 tuit
297 3121 326 3164 ιιι
344 3111 368 3161 in
387 3110 427 3162 W.
464 3109 491 3162 ln
514 3125 586 3178 seqq.
606 3117 665 3162 ante
688 3113 831 3163 mercedem
850 3108 879 3161 A.
900 3123 949 3162 orn.
967 3119 999 3162 et.
1040 3108 1106 3162 Dein
1129 3110 1195 3162 mele

175 3208 296 3269 spectant
315 3197 362 3250 bic.
397 3196 467 3251 Idem
490 3215 527 3266 pr.
546 3197 656 3249 hebetet
675 3195 783 3266 dicente,
805 3199 826 3251 A
846 3197 935 3250 scribit
958 3199 1081 3252 dieentes.
1119 3197 1195 3263 Quod

174 3290 289 3358 sequitur
306 3291 367 3358 ipso
385 3289 417 3340 eb
436 3295 544 3355 utroque
563 3285 642 3338 obest.
678 3286 710 3337 W
729 3295 755 3340 et
774 3286 813 3338 Me
831 3285 954 3340 exhibent
972 3290 1101 3342 dicentis:
1127 3291 1195 3342 Nan.

174 3377 204 3446 6)
224 3375 309 3428 Mettb.
330 3375 378 3442 te,
398 3371 508 3425 11-12.
528 3402 558 3412 -
579 3377 628 3428 boc
649 3377 759 3430 verbnm
784 3373 843 3426 edd.
863 3382 925 3426 vett.
946 3389 968 3426 c.
987 3373 1075 3426 Remb.
1093 3372 1195 3426 Essem.

174 3465 250 3519 Grev.
270 3475 296 3518 et
313 3462 422 3527 norell,
441 3465 550 3517 certam
568 3466 617 3516 bac
634 3460 690 3512 Med
710 3478 731 3513 c.
752 3459 805 3512 Vnt.
826 3461 866 3527 2.‚
892 3465 1000 3516 verton
1018 3463 1118 3516 damini
1135 3460 1195 3511 Ver.

174 3553 296 3607 Neutrum
309 3560 451 3622 agnoscunt
465 3551 497 3601 W
511 3559 537 3602 et
549 3549 605 3602 rell.
624 3549 681 3600 libri
701 3558 752 3600 tem
769 3551 865 3616 scripti,
884 3565 958 3617 quem
977 3548 1047 3600 editi.
1083 3547 1113 3614 7)
1126 3550 1196 3601 Sunt

174 3648 244 3699 enim
262 3647 408 3714 spadones,
436 3644 482 3712 pai
506 3643 590 3694 caccts‘
612 3647 676 3693 sant
701 3641 731 3691 ab
756 3640 906 3691 dominibus
926 3647 949 3690 et
967 3645 1031 3691 snrtt
1049 3636 1192 3704 spadones,

176 3733 295 3802 quincti
313 3739 378 3783 eant
395 3731 451 3794 sie,
477 3738 501 3783 et
521 3736 584 3782 sant
608 3728 755 3796 spadones,
782 3727 827 3794 pai
851 3741 881 3778 se
904 3729 982 3795 ipsas
1007 3729 1196 3792 eastpaoerent

176 3827 226 3870 etc.
251 3816 330 3869 hebet
356 3815 407 3868 bib.
454 3813 502 3866 Pro
525 3817 622 3868 metris
648 3814 691 3865 sic
714 3814 771 3864 nati
794 3819 860 3866 sant
885 3810 933 3878 (ita
958 3809 1033 3862 Grev.
1059 3805 1194 3874 Pemelius,

176 3903 270 3974 Rigalt.
285 3905 416 3972 ceterique
428 3904 596 3966 recentiores)
611 3900 650 3953 Mc
662 3899 704 3951 det
723 3901 818 3952 matris
836 3901 903 3952 sesac
920 3900 976 3951 nati
993 3905 1064 3950 sant.
1096 3891 1194 3946 Contra

174 3997 233 4046 nati
250 4003 315 4046 sant
332 3994 375 4046 sic
393 3991 452 4044 Ver.
473 3993 495 4042 t.
515 3990 555 4041 bid
574 3997 601 4041 et
621 3989 652 4040 sd
672 3985 767 4049 Quiris.
786 3984 828 4036 ΠΙ.
848 3984 890 4036 32.
908 3983 967 4050 bib,
990 3984 1034 4035 ubi
1056 3986 1098 4037 sie
1123 3981 1193 4052 vulg.
1300 4022 1305 4028 .

176 4079 258 4134 deest.
295 4075 418 4130 omittunt
434 4081 476 4132 stc
494 4077 535 4129 W.
555 4075 604 4128 bie.
622 4072 653 4128 B.
664 4074 698 4141 A,
717 4074 777 4126 item
796 4068 853 4124 edd
872 4077 936 4123 vett.
957 4086 979 4126 c.
992 4067 1083 4123 Remb.
1095 4065 1196 4124 Eresos.
