<?xml version="1.0" encoding="UTF-8"?>
<!DOCTYPE html PUBLIC "-//W3C//DTD XHTML 1.0 Transitional//EN"
    "http://www.w3.org/TR/xhtml1/DTD/xhtml1-transitional.dtd">
<html xmlns="http://www.w3.org/1999/xhtml" xml:lang="en" lang="en">
 <head>
  <title>
</title>
<meta http-equiv="Content-Type" content="text/html;charset=utf-8" />
  <meta name='ocr-system' content='tesseract 3.04.00' />
  <meta name='ocr-capabilities' content='ocr_page ocr_carea ocr_par ocr_line ocrx_word'/>
</head>
<body>
  <div class='ocr_page' id='page_1' title='image "./libridecatholic00krabgoog_0372.png"; bbox 0 0 2858 4688; ppageno 0'>
   <div class='ocr_carea' id='block_1_1' title="bbox 626 415 686 482">
    <p class='ocr_par' dir='ltr' id='par_1_1' title="bbox 626 415 686 482">
     <span class='ocr_line' id='line_1_1' title="bbox 626 415 686 482; baseline -0.033 -1"><span class='ocrx_word' id='word_1_1' title='bbox 626 415 686 482; x_wconf 78' lang='lat'><strong>159</strong></span> 
     </span>
    </p>
   </div>
   <div class='ocr_carea' id='block_1_2' title="bbox 145 574 1165 654">
    <p class='ocr_par' dir='ltr' id='par_1_2' title="bbox 145 574 1165 654">
     <span class='ocr_line' id='line_1_2' title="bbox 145 574 1165 654; baseline -0.001 -15"><span class='ocrx_word' id='word_1_2' title='bbox 145 574 255 652; x_wconf 84' lang='lat' dir='ltr'><strong>oteom,</strong></span> <span class='ocrx_word' id='word_1_3' title='bbox 279 581 310 636; x_wconf 88' lang='lat' dir='ltr'><strong>et</strong></span> <span class='ocrx_word' id='word_1_4' title='bbox 324 593 417 654; x_wconf 79' lang='lat' dir='ltr'><strong>saper</strong></span> <span class='ocrx_word' id='word_1_5' title='bbox 432 574 583 652; x_wconf 77' lang='lat' dir='ltr'><strong>domines,</strong></span> <span class='ocrx_word' id='word_1_6' title='bbox 604 581 634 636; x_wconf 81' lang='lat' dir='ltr'><strong>et</strong></span> <span class='ocrx_word' id='word_1_7' title='bbox 646 591 743 654; x_wconf 73' lang='lat' dir='ltr'><strong>aspar·</strong></span> <span class='ocrx_word' id='word_1_8' title='bbox 754 591 883 654; x_wconf 81' lang='lat' dir='ltr'><strong>pacoro,</strong></span> <span class='ocrx_word' id='word_1_9' title='bbox 903 581 934 634; x_wconf 87' lang='lat' dir='ltr'><strong>et</strong></span> <span class='ocrx_word' id='word_1_10' title='bbox 945 591 1043 654; x_wconf 78' lang='lat' dir='ltr'><strong>saper</strong></span> <span class='ocrx_word' id='word_1_11' title='bbox 1059 593 1165 638; x_wconf 78' lang='lat' dir='ltr'><strong>omnes</strong></span> 
     </span>
    </p>
   </div>
   <div class='ocr_carea' id='block_1_3' title="bbox 144 684 1278 769">
    <p class='ocr_par' dir='ltr' id='par_1_3' title="bbox 144 684 1278 769">
     <span class='ocr_line' id='line_1_3' title="bbox 144 684 1278 769; baseline -0.005 -19"><span class='ocrx_word' id='word_1_12' title='bbox 144 687 269 752; x_wconf 82' lang='lat' dir='ltr'><strong>labores</strong></span> <span class='ocrx_word' id='word_1_13' title='bbox 291 706 437 750; x_wconf 82' lang='lat' dir='ltr'><strong>mannam</strong></span> <span class='ocrx_word' id='word_1_14' title='bbox 460 705 575 750; x_wconf 87' lang='lat' dir='ltr'><strong>eoram.</strong></span> <span class='ocrx_word' id='word_1_15' title='bbox 621 686 692 748; x_wconf 86' lang='lat' dir='ltr'><strong>itarn</strong></span> <span class='ocrx_word' id='word_1_16' title='bbox 714 684 859 767; x_wconf 86' lang='lat' dir='ltr'><strong>propheta</strong></span> <span class='ocrx_word' id='word_1_17' title='bbox 889 684 964 749; x_wconf 88' lang='lat' dir='ltr'><strong>alius</strong></span> <span class='ocrx_word' id='word_1_18' title='bbox 995 687 1103 769; x_wconf 84' lang='lat' dir='ltr'><strong>repetit</strong></span> <span class='ocrx_word' id='word_1_19' title='bbox 1132 693 1164 750; x_wconf 88' lang='lat' dir='ltr'><strong>at</strong></span> <span class='ocrx_word' id='word_1_20' title='bbox 1216 707 1219 712; x_wconf 58' lang='lat'><strong><em>¹</em></strong></span> <span class='ocrx_word' id='word_1_21' title='bbox 1269 732 1278 744; x_wconf 83' lang='lat'>.</span> 
     </span>
    </p>
   </div>
   <div class='ocr_carea' id='block_1_4' title="bbox 142 797 1164 1217">
    <p class='ocr_par' dir='ltr' id='par_1_4' title="bbox 142 797 1164 1217">
     <span class='ocr_line' id='line_1_4' title="bbox 144 797 1163 883; baseline 0 -19"><span class='ocrx_word' id='word_1_22' title='bbox 144 800 214 864; x_wconf 90' lang='lat' dir='ltr'><strong>dicit</strong></span> <span class='ocrx_word' id='word_1_23' title='bbox 224 799 278 878; x_wconf 83' lang='lat'><strong>¹¹):</strong></span> <span class='ocrx_word' id='word_1_24' title='bbox 295 801 337 864; x_wconf 82' lang='lat' dir='ltr'><strong>Et</strong></span> <span class='ocrx_word' id='word_1_25' title='bbox 347 802 456 883; x_wconf 80' lang='lat' dir='ltr'><strong>pinam</strong></span> <span class='ocrx_word' id='word_1_26' title='bbox 471 819 567 882; x_wconf 80' lang='lat' dir='ltr'><strong>saper</strong></span> <span class='ocrx_word' id='word_1_27' title='bbox 581 819 677 864; x_wconf 79' lang='lat' dir='ltr'><strong>anam</strong></span> <span class='ocrx_word' id='word_1_28' title='bbox 693 801 849 863; x_wconf 80' lang='lat' dir='ltr'><strong>civitatem</strong></span> <span class='ocrx_word' id='word_1_29' title='bbox 864 809 895 864; x_wconf 88' lang='lat' dir='ltr'><strong>et</strong></span> <span class='ocrx_word' id='word_1_30' title='bbox 907 819 1002 882; x_wconf 78' lang='lat' dir='ltr'><strong>saper</strong></span> <span class='ocrx_word' id='word_1_31' title='bbox 1016 819 1110 864; x_wconf 67' lang='lat' dir='ltr'><strong>aaron</strong></span> <span class='ocrx_word' id='word_1_32' title='bbox 1120 797 1163 876; x_wconf 83' lang='lat'><strong>¹²)</strong></span> 
     </span>
     <span class='ocr_line' id='line_1_5' title="bbox 143 913 1164 994; baseline -0.002 -18"><span class='ocrx_word' id='word_1_33' title='bbox 143 933 209 976; x_wconf 86' lang='lat' dir='ltr'><strong>non</strong></span> <span class='ocrx_word' id='word_1_34' title='bbox 228 913 345 992; x_wconf 80' lang='lat' dir='ltr'><strong>picam.</strong></span> <span class='ocrx_word' id='word_1_35' title='bbox 390 913 470 976; x_wconf 84' lang='lat' dir='ltr'><strong>Para</strong></span> <span class='ocrx_word' id='word_1_36' title='bbox 493 932 559 976; x_wconf 81' lang='lat' dir='ltr'><strong>ana</strong></span> <span class='ocrx_word' id='word_1_37' title='bbox 581 913 766 993; x_wconf 82' lang='lat' dir='ltr'><strong>conptaetar</strong></span> <span class='ocrx_word' id='word_1_38' title='bbox 788 920 819 974; x_wconf 79' lang='lat' dir='ltr'><strong>et</strong></span> <span class='ocrx_word' id='word_1_39' title='bbox 837 931 928 991; x_wconf 78' lang='lat' dir='ltr'><strong>pars,</strong></span> <span class='ocrx_word' id='word_1_40' title='bbox 955 931 1049 994; x_wconf 71' lang='lat' dir='ltr'><strong>moer</strong></span> <span class='ocrx_word' id='word_1_41' title='bbox 1071 931 1164 993; x_wconf 80' lang='lat' dir='ltr'><strong>qaam</strong></span> 
     </span>
     <span class='ocr_line' id='line_1_6' title="bbox 142 1001 1164 1106; baseline 0 -18"><span class='ocrx_word' id='word_1_42' title='bbox 142 1045 205 1088; x_wconf 84' lang='lat' dir='ltr'><strong>noo</strong></span> <span class='ocrx_word' id='word_1_43' title='bbox 224 1027 353 1105; x_wconf 82' lang='lat' dir='ltr'><strong><em>pluero,</em></strong></span> <span class='ocrx_word' id='word_1_44' title='bbox 388 1027 505 1106; x_wconf 68' lang='lat' dir='ltr'><strong>arefiet.</strong></span> <span class='ocrx_word' id='word_1_45' title='bbox 550 1025 594 1088; x_wconf 83' lang='lat' dir='ltr'><strong>Et</strong></span> <span class='ocrx_word' id='word_1_46' title='bbox 623 1025 896 1106; x_wconf 73' lang='lat' dir='ltr'><strong>conyreyobontar</strong></span> <span class='ocrx_word' id='word_1_47' title='bbox 928 1001 1021 1090; x_wconf 78' lang='lat' dir='ltr'><strong>dane,</strong></span> <span class='ocrx_word' id='word_1_48' title='bbox 1042 1032 1073 1086; x_wconf 87' lang='lat' dir='ltr'><strong>et</strong></span> <span class='ocrx_word' id='word_1_49' title='bbox 1101 1033 1164 1088; x_wconf 83' lang='lat' dir='ltr'><strong>tras</strong></span> 
     </span>
     <span class='ocr_line' id='line_1_7' title="bbox 143 1137 1164 1217; baseline -0.001 -16"><span class='ocrx_word' id='word_1_50' title='bbox 143 1137 285 1202; x_wconf 82' lang='lat' dir='ltr'><strong>civitates</strong></span> <span class='ocrx_word' id='word_1_51' title='bbox 307 1140 341 1200; x_wconf 84' lang='lat' dir='ltr'><strong>in</strong></span> <span class='ocrx_word' id='word_1_52' title='bbox 362 1157 458 1200; x_wconf 84' lang='lat' dir='ltr'><strong>onam</strong></span> <span class='ocrx_word' id='word_1_53' title='bbox 481 1139 634 1201; x_wconf 83' lang='lat' dir='ltr'><strong>civitatem</strong></span> <span class='ocrx_word' id='word_1_54' title='bbox 655 1139 815 1217; x_wconf 82' lang='lat' dir='ltr'><strong>potandae</strong></span> <span class='ocrx_word' id='word_1_55' title='bbox 838 1155 941 1217; x_wconf 80' lang='lat' dir='ltr'><strong>aquae</strong></span> <span class='ocrx_word' id='word_1_56' title='bbox 963 1155 1082 1215; x_wconf 82' lang='lat' dir='ltr'><strong>cacan,</strong></span> <span class='ocrx_word' id='word_1_57' title='bbox 1106 1157 1164 1200; x_wconf 87' lang='lat' dir='ltr'><strong>nec</strong></span> 
     </span>
    </p>
   </div>
   <div class='ocr_carea' id='block_1_5' title="bbox 141 1250 1282 1333">
    <p class='ocr_par' dir='ltr' id='par_1_5' title="bbox 141 1250 1282 1333">
     <span class='ocr_line' id='line_1_8' title="bbox 141 1250 1282 1333; baseline -0.003 -18"><span class='ocrx_word' id='word_1_58' title='bbox 141 1250 359 1333; x_wconf 82' lang='lat' dir='ltr'><strong>roticdantcr,</strong></span> <span class='ocrx_word' id='word_1_59' title='bbox 384 1260 414 1313; x_wconf 89' lang='lat' dir='ltr'><strong>at</strong></span> <span class='ocrx_word' id='word_1_60' title='bbox 435 1271 500 1315; x_wconf 84' lang='lat' dir='ltr'><strong>noo</strong></span> <span class='ocrx_word' id='word_1_61' title='bbox 525 1251 740 1314; x_wconf 77' lang='lat' dir='ltr'><strong><em>convertimini</em></strong></span> <span class='ocrx_word' id='word_1_62' title='bbox 764 1251 808 1312; x_wconf 89' lang='lat' dir='ltr'><strong>od</strong></span> <span class='ocrx_word' id='word_1_63' title='bbox 829 1269 886 1326; x_wconf 84' lang='lat' dir='ltr'><strong>ma,</strong></span> <span class='ocrx_word' id='word_1_64' title='bbox 910 1250 987 1312; x_wconf 84' lang='lat' dir='ltr'><strong>dicit</strong></span> <span class='ocrx_word' id='word_1_65' title='bbox 1010 1251 1162 1313; x_wconf 66' lang='lat' dir='ltr'><strong>minas.</strong></span> <span class='ocrx_word' id='word_1_66' title='bbox 1280 1313 1282 1319; x_wconf 24' lang='lat' dir='ltr'><strong><em>s</em></strong></span> 
     </span>
    </p>
   </div>
   <div class='ocr_carea' id='block_1_6' title="bbox 635 1444 670 1514">
    <p class='ocr_par' dir='ltr' id='par_1_6' title="bbox 635 1444 670 1514">
     <span class='ocr_line' id='line_1_9' title="bbox 635 1444 670 1514; baseline -0.057 0"><span class='ocrx_word' id='word_1_67' title='bbox 635 1444 670 1514; x_wconf 74' lang='lat' dir='ltr'><strong>i.</strong></span> 
     </span>
    </p>
   </div>
   <div class='ocr_carea' id='block_1_7' title="bbox 138 1583 1162 2570">
    <p class='ocr_par' dir='ltr' id='par_1_7' title="bbox 138 1583 1162 2570">
     <span class='ocr_line' id='line_1_10' title="bbox 227 1583 1161 1672; baseline -0.005 -21"><span class='ocrx_word' id='word_1_68' title='bbox 227 1587 401 1672; x_wconf 71' lang='lat' dir='ltr'>Indignatur</span> <span class='ocrx_word' id='word_1_69' title='bbox 423 1605 497 1650; x_wconf 85' lang='lat' dir='ltr'><strong>acce</strong></span> <span class='ocrx_word' id='word_1_70' title='bbox 520 1586 656 1650; x_wconf 86' lang='lat' dir='ltr'><strong>dominos</strong></span> <span class='ocrx_word' id='word_1_71' title='bbox 680 1591 710 1648; x_wconf 89' lang='lat' dir='ltr'><strong>et</strong></span> <span class='ocrx_word' id='word_1_72' title='bbox 733 1583 870 1647; x_wconf 71' lang='lat' dir='ltr'><strong>irascitur</strong></span> <span class='ocrx_word' id='word_1_73' title='bbox 892 1591 923 1646; x_wconf 91' lang='lat' dir='ltr'><strong>et</strong></span> <span class='ocrx_word' id='word_1_74' title='bbox 944 1583 1024 1666; x_wconf 84' lang='lat' dir='ltr'><strong>qnod</strong></span> <span class='ocrx_word' id='word_1_75' title='bbox 1041 1583 1077 1646; x_wconf 94' lang='lat' dir='ltr'><strong>ad</strong></span> <span class='ocrx_word' id='word_1_76' title='bbox 1094 1601 1161 1647; x_wconf 84' lang='lat' dir='ltr'><strong>earn</strong></span> 
     </span>
     <span class='ocr_line' id='line_1_11' title="bbox 142 1687 1161 1778; baseline -0.001 -15"><span class='ocrx_word' id='word_1_77' title='bbox 142 1719 203 1764; x_wconf 90' lang='lat' dir='ltr'><strong>non</strong></span> <span class='ocrx_word' id='word_1_78' title='bbox 225 1687 439 1764; x_wconf 67' lang='lat' dir='ltr'><strong>convertamini</strong></span> <span class='ocrx_word' id='word_1_79' title='bbox 456 1697 479 1777; x_wconf 89' lang='lat'><strong>¹)</strong></span> <span class='ocrx_word' id='word_1_80' title='bbox 501 1699 711 1774; x_wconf 62' lang='lat' dir='ltr'><strong>comminatum</strong></span> <span class='ocrx_word' id='word_1_81' title='bbox 735 1703 765 1760; x_wconf 87' lang='lat' dir='ltr'><strong>et</strong></span> <span class='ocrx_word' id='word_1_82' title='bbox 780 1705 810 1760; x_wconf 92' lang='lat' dir='ltr'><strong>tu</strong></span> <span class='ocrx_word' id='word_1_83' title='bbox 828 1697 942 1759; x_wconf 81' lang='lat' dir='ltr'><strong>miraris</strong></span> <span class='ocrx_word' id='word_1_84' title='bbox 958 1703 1008 1760; x_wconf 87' lang='lat' dir='ltr'><strong>aut</strong></span> <span class='ocrx_word' id='word_1_85' title='bbox 1024 1699 1161 1778; x_wconf 83' lang='lat' dir='ltr'><strong>quereris</strong></span> 
     </span>
     <span class='ocr_line' id='line_1_12' title="bbox 142 1808 1162 1893; baseline -0.002 -17"><span class='ocrx_word' id='word_1_86' title='bbox 142 1814 172 1876; x_wconf 92' lang='lat' dir='ltr'><strong>in</strong></span> <span class='ocrx_word' id='word_1_87' title='bbox 197 1812 251 1877; x_wconf 88' lang='lat' dir='ltr'><strong>hac</strong></span> <span class='ocrx_word' id='word_1_88' title='bbox 274 1813 474 1877; x_wconf 65' lang='lat' dir='ltr'><strong>obstinatione</strong></span> <span class='ocrx_word' id='word_1_89' title='bbox 497 1817 527 1874; x_wconf 90' lang='lat' dir='ltr'><strong>et</strong></span> <span class='ocrx_word' id='word_1_90' title='bbox 549 1817 719 1892; x_wconf 87' lang='lat' dir='ltr'><strong>contemptu</strong></span> <span class='ocrx_word' id='word_1_91' title='bbox 742 1816 866 1889; x_wconf 86' lang='lat' dir='ltr'><strong>vestro,</strong></span> <span class='ocrx_word' id='word_1_92' title='bbox 892 1809 918 1871; x_wconf 92' lang='lat' dir='ltr'><strong>si</strong></span> <span class='ocrx_word' id='word_1_93' title='bbox 940 1827 1007 1871; x_wconf 86' lang='lat' dir='ltr'><strong>rara</strong></span> <span class='ocrx_word' id='word_1_94' title='bbox 1032 1808 1162 1893; x_wconf 83' lang='lat' dir='ltr'>desuper</span> 
     </span>
     <span class='ocr_line' id='line_1_13' title="bbox 141 1913 1162 2009; baseline -0.004 -20"><span class='ocrx_word' id='word_1_95' title='bbox 141 1926 241 2009; x_wconf 86' lang='lat' dir='ltr'><strong>pluvia</strong></span> <span class='ocrx_word' id='word_1_96' title='bbox 267 1913 447 2004; x_wconf 80' lang='lat' dir='ltr'><strong>descendat,</strong></span> <span class='ocrx_word' id='word_1_97' title='bbox 480 1924 506 1988; x_wconf 89' lang='lat' dir='ltr'><strong>si</strong></span> <span class='ocrx_word' id='word_1_98' title='bbox 529 1930 608 1986; x_wconf 86' lang='lat' dir='ltr'><strong>terra</strong></span> <span class='ocrx_word' id='word_1_99' title='bbox 631 1923 689 1985; x_wconf 88' lang='lat' dir='ltr'><strong>situ</strong></span> <span class='ocrx_word' id='word_1_100' title='bbox 712 1922 843 2005; x_wconf 87' lang='lat' dir='ltr'><strong>pulveris</strong></span> <span class='ocrx_word' id='word_1_101' title='bbox 866 1921 1019 2003; x_wconf 85' lang='lat' dir='ltr'><strong>squaleat,</strong></span> <span class='ocrx_word' id='word_1_102' title='bbox 1053 1923 1079 1984; x_wconf 88' lang='lat' dir='ltr'><strong>si</strong></span> <span class='ocrx_word' id='word_1_103' title='bbox 1110 1925 1162 1986; x_wconf 84' lang='lat' dir='ltr'><strong>vix</strong></span> 
     </span>
     <span class='ocr_line' id='line_1_14' title="bbox 141 1997 1161 2122; baseline -0.007 -18"><span class='ocrx_word' id='word_1_104' title='bbox 141 2041 257 2104; x_wconf 84' lang='lat' dir='ltr'><strong>ieiunas</strong></span> <span class='ocrx_word' id='word_1_105' title='bbox 279 2047 310 2104; x_wconf 85' lang='lat' dir='ltr'><strong>at</strong></span> <span class='ocrx_word' id='word_1_106' title='bbox 322 1997 453 2122; x_wconf 45' lang='lat' dir='ltr'><strong>datlidas</strong></span> <span class='ocrx_word' id='word_1_107' title='bbox 470 2039 579 2101; x_wconf 89' lang='lat' dir='ltr'><strong>herbas</strong></span> <span class='ocrx_word' id='word_1_108' title='bbox 594 2037 706 2100; x_wconf 84' lang='lat' dir='ltr'><strong>sterilis</strong></span> <span class='ocrx_word' id='word_1_109' title='bbox 721 2035 807 2118; x_wconf 83' lang='lat' dir='ltr'><strong>gleba</strong></span> <span class='ocrx_word' id='word_1_110' title='bbox 823 2036 978 2117; x_wconf 81' lang='lat' dir='ltr'><strong>producat,</strong></span> <span class='ocrx_word' id='word_1_111' title='bbox 1002 2031 1027 2098; x_wconf 86' lang='lat' dir='ltr'><strong>si</strong></span> <span class='ocrx_word' id='word_1_112' title='bbox 1045 2034 1161 2097; x_wconf 86' lang='lat' dir='ltr'><strong>vineam</strong></span> 
     </span>
     <span class='ocr_line' id='line_1_15' title="bbox 141 2147 1158 2237; baseline -0.007 -22"><span class='ocrx_word' id='word_1_113' title='bbox 141 2152 273 2216; x_wconf 85' lang='lat' dir='ltr'><strong>debilitet</strong></span> <span class='ocrx_word' id='word_1_114' title='bbox 294 2153 411 2237; x_wconf 85' lang='lat' dir='ltr'><strong>grando</strong></span> <span class='ocrx_word' id='word_1_115' title='bbox 434 2151 583 2227; x_wconf 85' lang='lat' dir='ltr'><strong>caedens,</strong></span> <span class='ocrx_word' id='word_1_116' title='bbox 616 2151 641 2212; x_wconf 89' lang='lat' dir='ltr'><strong>si</strong></span> <span class='ocrx_word' id='word_1_117' title='bbox 666 2149 761 2213; x_wconf 81' lang='lat' dir='ltr'><strong>oie&#39;am</strong></span> <span class='ocrx_word' id='word_1_118' title='bbox 786 2148 942 2211; x_wconf 79' lang='lat' dir='ltr'><strong>detruncet</strong></span> <span class='ocrx_word' id='word_1_119' title='bbox 971 2147 1059 2210; x_wconf 86' lang='lat' dir='ltr'><strong>turbo</strong></span> <span class='ocrx_word' id='word_1_120' title='bbox 1082 2147 1158 2210; x_wconf 86' lang='lat' dir='ltr'><strong>sud-</strong></span> 
     </span>
     <span class='ocr_line' id='line_1_16' title="bbox 142 2257 1159 2350; baseline -0.005 -24"><span class='ocrx_word' id='word_1_121' title='bbox 142 2269 278 2341; x_wconf 87' lang='lat' dir='ltr'><strong>vertens,</strong></span> <span class='ocrx_word' id='word_1_122' title='bbox 311 2265 337 2327; x_wconf 90' lang='lat' dir='ltr'><strong>si</strong></span> <span class='ocrx_word' id='word_1_123' title='bbox 360 2262 470 2326; x_wconf 87' lang='lat' dir='ltr'><strong>iontem</strong></span> <span class='ocrx_word' id='word_1_124' title='bbox 494 2257 612 2324; x_wconf 84' lang='lat' dir='ltr'><strong>siccitas</strong></span> <span class='ocrx_word' id='word_1_125' title='bbox 634 2265 763 2338; x_wconf 87' lang='lat' dir='ltr'><strong>stataet,</strong></span> <span class='ocrx_word' id='word_1_126' title='bbox 795 2263 896 2320; x_wconf 73' lang='lat' dir='ltr'><strong>adram</strong></span> <span class='ocrx_word' id='word_1_127' title='bbox 920 2261 1064 2340; x_wconf 83' lang='lat' dir='ltr'><strong>pestilens</strong></span> <span class='ocrx_word' id='word_1_128' title='bbox 1086 2277 1159 2350; x_wconf 74' lang='lat' dir='ltr'><strong>aare</strong></span> 
     </span>
     <span class='ocr_line' id='line_1_17' title="bbox 140 2371 1158 2458; baseline -0.003 -20"><span class='ocrx_word' id='word_1_129' title='bbox 140 2383 319 2458; x_wconf 87' lang='lat' dir='ltr'><strong>corrumpat,</strong></span> <span class='ocrx_word' id='word_1_130' title='bbox 336 2376 484 2439; x_wconf 86' lang='lat' dir='ltr'><strong>hominem</strong></span> <span class='ocrx_word' id='word_1_131' title='bbox 502 2373 634 2436; x_wconf 90' lang='lat' dir='ltr'><strong>rnorbida</strong></span> <span class='ocrx_word' id='word_1_132' title='bbox 653 2371 782 2436; x_wconf 80' lang='lat' dir='ltr'><strong>valitudo</strong></span> <span class='ocrx_word' id='word_1_133' title='bbox 799 2379 963 2450; x_wconf 87' lang='lat' dir='ltr'><strong>consumat,</strong></span> <span class='ocrx_word' id='word_1_134' title='bbox 980 2391 1045 2434; x_wconf 89' lang='lat' dir='ltr'><strong>cum</strong></span> <span class='ocrx_word' id='word_1_135' title='bbox 1061 2374 1158 2435; x_wconf 87' lang='lat' dir='ltr'><strong>omnia</strong></span> 
     </span>
     <span class='ocr_line' id='line_1_18' title="bbox 138 2484 1159 2570; baseline -0.002 -20"><span class='ocrx_word' id='word_1_136' title='bbox 138 2489 193 2550; x_wconf 86' lang='lat' dir='ltr'><strong>ista</strong></span> <span class='ocrx_word' id='word_1_137' title='bbox 223 2485 353 2570; x_wconf 86' lang='lat' dir='ltr'><strong>peccatis</strong></span> <span class='ocrx_word' id='word_1_138' title='bbox 384 2485 615 2567; x_wconf 85' lang='lat' dir='ltr'><strong>provocantibus</strong></span> <span class='ocrx_word' id='word_1_139' title='bbox 646 2485 767 2546; x_wconf 86' lang='lat' dir='ltr'><strong>veniant</strong></span> <span class='ocrx_word' id='word_1_140' title='bbox 800 2489 830 2545; x_wconf 88' lang='lat' dir='ltr'><strong>et</strong></span> <span class='ocrx_word' id='word_1_141' title='bbox 860 2484 927 2565; x_wconf 83' lang='lat' dir='ltr'><strong>plus</strong></span> <span class='ocrx_word' id='word_1_142' title='bbox 960 2485 1159 2548; x_wconf 84' lang='lat' dir='ltr'><strong>exacerbetur</strong></span> 
     </span>
    </p>
   </div>
   <div class='ocr_carea' id='block_1_8' title="bbox 139 2585 1156 2682">
    <p class='ocr_par' dir='ltr' id='par_1_8' title="bbox 139 2585 1156 2682">
     <span class='ocr_line' id='line_1_19' title="bbox 139 2585 1156 2682; baseline -0.003 -19"><span class='ocrx_word' id='word_1_143' title='bbox 139 2600 232 2680; x_wconf 87' lang='lat' dir='ltr'><strong>deus,</strong></span> <span class='ocrx_word' id='word_1_144' title='bbox 265 2597 383 2682; x_wconf 88' lang='lat' dir='ltr'><strong>quando</strong></span> <span class='ocrx_word' id='word_1_145' title='bbox 407 2585 567 2662; x_wconf 78' lang='lat' dir='ltr'><strong>nihit&#39;tatia</strong></span> <span class='ocrx_word' id='word_1_146' title='bbox 590 2603 621 2659; x_wconf 88' lang='lat' dir='ltr'><strong>et</strong></span> <span class='ocrx_word' id='word_1_147' title='bbox 643 2601 722 2659; x_wconf 87' lang='lat' dir='ltr'><strong>tanta</strong></span> <span class='ocrx_word' id='word_1_148' title='bbox 746 2593 931 2678; x_wconf 66' lang='lat' dir='ltr'><strong>proficiant?</strong></span> <span class='ocrx_word' id='word_1_149' title='bbox 974 2596 1053 2660; x_wconf 85' lang='lat' dir='ltr'><strong>Fieri</strong></span> <span class='ocrx_word' id='word_1_150' title='bbox 1079 2598 1156 2661; x_wconf 83' lang='lat' dir='ltr'><strong>anina</strong></span> 
     </span>
    </p>
   </div>
   <div class='ocr_carea' id='block_1_9' title="bbox 138 2707 1156 2794">
    <p class='ocr_par' dir='ltr' id='par_1_9' title="bbox 138 2707 1156 2794">
     <span class='ocr_line' id='line_1_20' title="bbox 138 2707 1156 2794; baseline -0.002 -18"><span class='ocrx_word' id='word_1_151' title='bbox 138 2715 193 2776; x_wconf 90' lang='lat' dir='ltr'><strong>ista</strong></span> <span class='ocrx_word' id='word_1_152' title='bbox 216 2712 266 2774; x_wconf 86' lang='lat' dir='ltr'><strong>val</strong></span> <span class='ocrx_word' id='word_1_153' title='bbox 289 2713 326 2774; x_wconf 88' lang='lat' dir='ltr'><strong>ad</strong></span> <span class='ocrx_word' id='word_1_154' title='bbox 349 2712 533 2794; x_wconf 81' lang='lat' dir='ltr'><strong>disciplinam</strong></span> <span class='ocrx_word' id='word_1_155' title='bbox 564 2711 781 2774; x_wconf 81' lang='lat' dir='ltr'><strong>contumacium</strong></span> <span class='ocrx_word' id='word_1_156' title='bbox 810 2707 860 2772; x_wconf 86' lang='lat' dir='ltr'><strong>vel</strong></span> <span class='ocrx_word' id='word_1_157' title='bbox 879 2707 917 2770; x_wconf 91' lang='lat' dir='ltr'><strong>ad</strong></span> <span class='ocrx_word' id='word_1_158' title='bbox 940 2727 1066 2791; x_wconf 84' lang='lat' dir='ltr'><strong>paenam</strong></span> <span class='ocrx_word' id='word_1_159' title='bbox 1090 2729 1156 2774; x_wconf 88' lang='lat' dir='ltr'><strong>ma·</strong></span> 
     </span>
    </p>
   </div>
   <div class='ocr_carea' id='block_1_10' title="bbox 136 2917 1156 3594">
    <p class='ocr_par' dir='ltr' id='par_1_10' title="bbox 137 2917 1156 3244">
     <span class='ocr_line' id='line_1_21' title="bbox 209 2917 1156 2988; baseline 0 -13"><span class='ocrx_word' id='word_1_160' title='bbox 209 2924 253 2988; x_wconf 86' lang='lat' dir='ltr'><strong>tt)</strong></span> <span class='ocrx_word' id='word_1_161' title='bbox 272 2921 358 2973; x_wconf 79' lang='lat' dir='ltr'><strong>Amos.</strong></span> <span class='ocrx_word' id='word_1_162' title='bbox 378 2921 410 2986; x_wconf 83' lang='lat' dir='ltr'><strong>t,</strong></span> <span class='ocrx_word' id='word_1_163' title='bbox 429 2922 454 2974; x_wconf 84' lang='lat' dir='ltr'><strong>t.</strong></span> <span class='ocrx_word' id='word_1_164' title='bbox 501 2921 544 2981; x_wconf 73' lang='lat'><strong>12)</strong></span> <span class='ocrx_word' id='word_1_165' title='bbox 566 2919 601 2972; x_wconf 81' lang='lat' dir='ltr'><strong>ita</strong></span> <span class='ocrx_word' id='word_1_166' title='bbox 627 2920 702 2971; x_wconf 89' lang='lat' dir='ltr'><strong>codd.</strong></span> <span class='ocrx_word' id='word_1_167' title='bbox 722 2919 762 2969; x_wconf 85' lang='lat' dir='ltr'><strong>W.</strong></span> <span class='ocrx_word' id='word_1_168' title='bbox 784 2919 863 2970; x_wconf 78' lang='lat' dir='ltr'><strong>dada.</strong></span> <span class='ocrx_word' id='word_1_169' title='bbox 885 2917 989 2971; x_wconf 73' lang='lat' dir='ltr'><strong>nana</strong></span> <span class='ocrx_word' id='word_1_170' title='bbox 1016 2930 1042 2972; x_wconf 83' lang='lat' dir='ltr'><strong>at</strong></span> <span class='ocrx_word' id='word_1_171' title='bbox 1067 2921 1156 2975; x_wconf 85' lang='lat' dir='ltr'><strong>decem</strong></span> 
     </span>
     <span class='ocr_line' id='line_1_22' title="bbox 138 3003 1155 3076; baseline -0.003 -15"><span class='ocrx_word' id='word_1_172' title='bbox 138 3008 248 3076; x_wconf 73' lang='lat' dir='ltr'><strong>Anglici,</strong></span> <span class='ocrx_word' id='word_1_173' title='bbox 267 3009 302 3058; x_wconf 85' lang='lat' dir='ltr'><strong>ita</strong></span> <span class='ocrx_word' id='word_1_174' title='bbox 322 3007 415 3075; x_wconf 78' lang='lat' dir='ltr'><strong>iegitur</strong></span> <span class='ocrx_word' id='word_1_175' title='bbox 434 3013 460 3058; x_wconf 90' lang='lat' dir='ltr'><strong>at</strong></span> <span class='ocrx_word' id='word_1_176' title='bbox 479 3007 503 3056; x_wconf 91' lang='lat' dir='ltr'><strong>in</strong></span> <span class='ocrx_word' id='word_1_177' title='bbox 519 3003 626 3056; x_wconf 83' lang='lat' dir='ltr'><strong>Gracco.</strong></span> <span class='ocrx_word' id='word_1_178' title='bbox 664 3005 747 3058; x_wconf 82' lang='lat' dir='ltr'><strong>Unam</strong></span> <span class='ocrx_word' id='word_1_179' title='bbox 766 3017 812 3069; x_wconf 81' lang='lat' dir='ltr'><strong>pro</strong></span> <span class='ocrx_word' id='word_1_180' title='bbox 831 3007 921 3068; x_wconf 85' lang='lat' dir='ltr'><strong>otiam,</strong></span> <span class='ocrx_word' id='word_1_181' title='bbox 941 3013 969 3056; x_wconf 87' lang='lat' dir='ltr'><strong>at</strong></span> <span class='ocrx_word' id='word_1_182' title='bbox 987 3006 1013 3056; x_wconf 89' lang='lat' dir='ltr'><strong>in</strong></span> <span class='ocrx_word' id='word_1_183' title='bbox 1027 3004 1067 3056; x_wconf 84' lang='lat' dir='ltr'><strong>did</strong></span> <span class='ocrx_word' id='word_1_184' title='bbox 1087 3014 1112 3058; x_wconf 81' lang='lat' dir='ltr'><strong>et</strong></span> <span class='ocrx_word' id='word_1_185' title='bbox 1130 3011 1155 3058; x_wconf 92' lang='lat' dir='ltr'><strong>in</strong></span> 
     </span>
     <span class='ocr_line' id='line_1_23' title="bbox 137 3087 1156 3162; baseline -0.002 -17"><span class='ocrx_word' id='word_1_186' title='bbox 137 3093 248 3162; x_wconf 74' lang='lat' dir='ltr'><strong>vulgatis</strong></span> <span class='ocrx_word' id='word_1_187' title='bbox 272 3092 343 3145; x_wconf 85' lang='lat' dir='ltr'><strong>libris</strong></span> <span class='ocrx_word' id='word_1_188' title='bbox 368 3099 427 3154; x_wconf 84' lang='lat' dir='ltr'><strong>eat,</strong></span> <span class='ocrx_word' id='word_1_189' title='bbox 450 3089 537 3142; x_wconf 84' lang='lat' dir='ltr'><strong>itidem</strong></span> <span class='ocrx_word' id='word_1_190' title='bbox 561 3090 670 3140; x_wconf 83' lang='lat' dir='ltr'><strong>correxit</strong></span> <span class='ocrx_word' id='word_1_191' title='bbox 690 3088 766 3140; x_wconf 82' lang='lat' dir='ltr'><strong>docta</strong></span> <span class='ocrx_word' id='word_1_192' title='bbox 784 3087 935 3140; x_wconf 72' lang='lat' dir='ltr'><strong>idomenus</strong></span> <span class='ocrx_word' id='word_1_193' title='bbox 953 3091 978 3141; x_wconf 88' lang='lat' dir='ltr'><strong>in</strong></span> <span class='ocrx_word' id='word_1_194' title='bbox 998 3088 1156 3159; x_wconf 72' lang='lat' dir='ltr'><strong>Gottingenai</strong></span> 
     </span>
     <span class='ocr_line' id='line_1_24' title="bbox 138 3177 463 3244; baseline -0.015 -11"><span class='ocrx_word' id='word_1_195' title='bbox 138 3181 231 3232; x_wconf 73' lang='lat' dir='ltr'><strong>Manat.</strong></span> <span class='ocrx_word' id='word_1_196' title='bbox 253 3179 295 3231; x_wconf 85' lang='lat' dir='ltr'><strong>sd.</strong></span> <span class='ocrx_word' id='word_1_197' title='bbox 315 3177 463 3244; x_wconf 82' lang='lat' dir='ltr'><strong>exemplari.</strong></span> 
     </span>
    </p>

    <p class='ocr_par' dir='ltr' id='par_1_11' title="bbox 136 3260 1156 3594">
     <span class='ocr_line' id='line_1_25' title="bbox 206 3260 1155 3333; baseline -0.006 -15"><span class='ocrx_word' id='word_1_198' title='bbox 206 3266 235 3318; x_wconf 83' lang='lat' dir='ltr'><strong>V.</strong></span> <span class='ocrx_word' id='word_1_199' title='bbox 273 3260 918 3333; x_wconf 68' lang='lat' dir='ltr'><strong>i)conaertimina‘dia.13aetde.ed.iiar.</strong></span> <span class='ocrx_word' id='word_1_200' title='bbox 955 3261 1020 3315; x_wconf 78' lang='lat' dir='ltr'><strong>Dein</strong></span> <span class='ocrx_word' id='word_1_201' title='bbox 1047 3274 1075 3319; x_wconf 87' lang='lat' dir='ltr'><strong>ta</strong></span> <span class='ocrx_word' id='word_1_202' title='bbox 1100 3269 1155 3319; x_wconf 82' lang='lat' dir='ltr'><strong>naa·-</strong></span> 
     </span>
     <span class='ocr_line' id='line_1_26' title="bbox 136 3347 1155 3422; baseline -0.001 -15"><span class='ocrx_word' id='word_1_203' title='bbox 136 3357 214 3422; x_wconf 79' lang='lat' dir='ltr'><strong>nora&#39;a</strong></span> <span class='ocrx_word' id='word_1_204' title='bbox 226 3351 271 3406; x_wconf 86' lang='lat' dir='ltr'><strong>Bb.</strong></span> <span class='ocrx_word' id='word_1_205' title='bbox 309 3351 357 3404; x_wconf 87' lang='lat' dir='ltr'><strong>Pro</strong></span> <span class='ocrx_word' id='word_1_206' title='bbox 376 3353 514 3421; x_wconf 67' lang='lat' dir='ltr'><strong>carceraria</strong></span> <span class='ocrx_word' id='word_1_207' title='bbox 533 3352 553 3403; x_wconf 79' lang='lat' dir='ltr'>A</span> <span class='ocrx_word' id='word_1_208' title='bbox 574 3365 712 3419; x_wconf 65' lang='lat' dir='ltr'><strong>cornone.</strong></span> <span class='ocrx_word' id='word_1_209' title='bbox 751 3349 807 3401; x_wconf 77' lang='lat' dir='ltr'><strong>dior</strong></span> <span class='ocrx_word' id='word_1_210' title='bbox 825 3359 915 3403; x_wconf 80' lang='lat' dir='ltr'><strong>aratro</strong></span> <span class='ocrx_word' id='word_1_211' title='bbox 933 3347 983 3411; x_wconf 77' lang='lat' dir='ltr'><strong>(Bb</strong></span> <span class='ocrx_word' id='word_1_212' title='bbox 1003 3350 1155 3420; x_wconf 55' lang='lat' dir='ltr'><strong>habetdeo)</strong></span> 
     </span>
     <span class='ocr_line' id='line_1_27' title="bbox 137 3435 1156 3506; baseline 0.003 -15"><span class='ocrx_word' id='word_1_213' title='bbox 137 3454 202 3492; x_wconf 89' lang='lat' dir='ltr'><strong>corr.</strong></span> <span class='ocrx_word' id='word_1_214' title='bbox 223 3455 255 3489; x_wconf 89' lang='lat' dir='ltr'><strong>m.</strong></span> <span class='ocrx_word' id='word_1_215' title='bbox 274 3455 349 3506; x_wconf 81' lang='lat' dir='ltr'><strong>supra</strong></span> <span class='ocrx_word' id='word_1_216' title='bbox 369 3437 465 3489; x_wconf 85' lang='lat' dir='ltr'><strong>addidit</strong></span> <span class='ocrx_word' id='word_1_217' title='bbox 485 3438 509 3488; x_wconf 89' lang='lat' dir='ltr'><strong>in</strong></span> <span class='ocrx_word' id='word_1_218' title='bbox 528 3435 568 3487; x_wconf 85' lang='lat' dir='ltr'><strong>W.</strong></span> <span class='ocrx_word' id='word_1_219' title='bbox 607 3435 675 3489; x_wconf 85' lang='lat' dir='ltr'><strong>idern</strong></span> <span class='ocrx_word' id='word_1_220' title='bbox 694 3435 760 3489; x_wconf 89' lang='lat' dir='ltr'><strong>liber</strong></span> <span class='ocrx_word' id='word_1_221' title='bbox 779 3435 855 3488; x_wconf 84' lang='lat' dir='ltr'><strong>habat</strong></span> <span class='ocrx_word' id='word_1_222' title='bbox 873 3439 1017 3503; x_wconf 75' lang='lat' dir='ltr'><strong>discordat,</strong></span> <span class='ocrx_word' id='word_1_223' title='bbox 1038 3446 1088 3490; x_wconf 87' lang='lat' dir='ltr'><strong>turn</strong></span> <span class='ocrx_word' id='word_1_224' title='bbox 1108 3444 1156 3493; x_wconf 78' lang='lat' dir='ltr'><strong>riti</strong></span> 
     </span>
     <span class='ocr_line' id='line_1_28' title="bbox 136 3523 1154 3594; baseline 0.004 -19"><span class='ocrx_word' id='word_1_225' title='bbox 136 3541 184 3594; x_wconf 82' lang='lat' dir='ltr'><strong>pro</strong></span> <span class='ocrx_word' id='word_1_226' title='bbox 203 3530 230 3578; x_wconf 80' lang='lat' dir='ltr'><strong>at</strong></span> <span class='ocrx_word' id='word_1_227' title='bbox 246 3536 319 3579; x_wconf 70' lang='lat' dir='ltr'><strong>teano</strong></span> <span class='ocrx_word' id='word_1_228' title='bbox 337 3528 392 3579; x_wconf 83' lang='lat' dir='ltr'><strong>aito</strong></span> <span class='ocrx_word' id='word_1_229' title='bbox 411 3523 443 3588; x_wconf 84' lang='grc' dir='ltr'><strong>Α,</strong></span> <span class='ocrx_word' id='word_1_230' title='bbox 463 3527 586 3594; x_wconf 69' lang='lat' dir='ltr'><strong>patema</strong></span> <span class='ocrx_word' id='word_1_231' title='bbox 605 3525 661 3577; x_wconf 82' lang='lat' dir='ltr'><strong>aito</strong></span> <span class='ocrx_word' id='word_1_232' title='bbox 679 3531 705 3574; x_wconf 87' lang='lat' dir='ltr'><strong>at</strong></span> <span class='ocrx_word' id='word_1_233' title='bbox 723 3537 782 3574; x_wconf 85' lang='lat' dir='ltr'><strong>mox</strong></span> <span class='ocrx_word' id='word_1_234' title='bbox 800 3527 907 3578; x_wconf 77' lang='lat' dir='ltr'><strong>atentia</strong></span> <span class='ocrx_word' id='word_1_235' title='bbox 926 3523 976 3575; x_wconf 82' lang='lat' dir='ltr'><strong>dib.</strong></span> <span class='ocrx_word' id='word_1_236' title='bbox 1015 3523 1075 3576; x_wconf 86' lang='lat' dir='ltr'><strong>Vae.</strong></span> <span class='ocrx_word' id='word_1_237' title='bbox 1095 3536 1154 3579; x_wconf 80' lang='lat' dir='ltr'><strong>ate·</strong></span> 
     </span>
    </p>
   </div>
   <div class='ocr_carea' id='block_1_11' title="bbox 134 3607 1253 3676">
    <p class='ocr_par' dir='ltr' id='par_1_12' title="bbox 134 3607 1253 3676">
     <span class='ocr_line' id='line_1_29' title="bbox 134 3607 1253 3676; baseline -0.003 -12"><span class='ocrx_word' id='word_1_238' title='bbox 134 3614 199 3664; x_wconf 82' lang='lat' dir='ltr'><strong>ritis</strong></span> <span class='ocrx_word' id='word_1_239' title='bbox 217 3611 312 3662; x_wconf 78' lang='lat' dir='ltr'><strong>cond.</strong></span> <span class='ocrx_word' id='word_1_240' title='bbox 349 3609 465 3663; x_wconf 80' lang='lat' dir='ltr'><strong>Proxime</strong></span> <span class='ocrx_word' id='word_1_241' title='bbox 480 3612 546 3662; x_wconf 86' lang='lat' dir='ltr'><strong>idem</strong></span> <span class='ocrx_word' id='word_1_242' title='bbox 559 3610 648 3661; x_wconf 82' lang='lat' dir='ltr'><strong>scribit</strong></span> <span class='ocrx_word' id='word_1_243' title='bbox 660 3613 783 3664; x_wconf 78' lang='lat' dir='ltr'><strong>debilitat.</strong></span> <span class='ocrx_word' id='word_1_244' title='bbox 821 3607 886 3661; x_wconf 84' lang='lat' dir='ltr'><strong>Dein</strong></span> <span class='ocrx_word' id='word_1_245' title='bbox 901 3614 994 3664; x_wconf 79' lang='lat' dir='ltr'><strong>cadens</strong></span> <span class='ocrx_word' id='word_1_246' title='bbox 1009 3611 1154 3676; x_wconf 71' lang='lat' dir='ltr'><strong>eddvata,</strong></span> <span class='ocrx_word' id='word_1_247' title='bbox 1249 3608 1253 3614; x_wconf 73' lang='grc'><strong><em>’</em></strong></span> 
     </span>
    </p>
   </div>
   <div class='ocr_carea' id='block_1_12' title="bbox 135 3695 1153 4023">
    <p class='ocr_par' dir='ltr' id='par_1_13' title="bbox 135 3695 1153 4023">
     <span class='ocr_line' id='line_1_30' title="bbox 135 3695 1153 3763; baseline -0.005 -12"><span class='ocrx_word' id='word_1_248' title='bbox 135 3701 232 3752; x_wconf 64' lang='lat' dir='ltr'><strong>cadmea</strong></span> <span class='ocrx_word' id='word_1_249' title='bbox 251 3695 385 3763; x_wconf 79' lang='lat' dir='ltr'><strong>Erasmus,</strong></span> <span class='ocrx_word' id='word_1_250' title='bbox 411 3701 472 3751; x_wconf 86' lang='lat' dir='ltr'><strong>item</strong></span> <span class='ocrx_word' id='word_1_251' title='bbox 491 3697 613 3760; x_wconf 81' lang='lat' dir='ltr'><strong>Graviua;</strong></span> <span class='ocrx_word' id='word_1_252' title='bbox 640 3695 682 3746; x_wconf 88' lang='lat' dir='ltr'><strong>hic</strong></span> <span class='ocrx_word' id='word_1_253' title='bbox 701 3704 785 3746; x_wconf 83' lang='lat' dir='ltr'><strong>tamen</strong></span> <span class='ocrx_word' id='word_1_254' title='bbox 805 3698 916 3750; x_wconf 77' lang='lat' dir='ltr'><strong>raadana</strong></span> <span class='ocrx_word' id='word_1_255' title='bbox 934 3697 958 3747; x_wconf 89' lang='lat' dir='ltr'><strong>in</strong></span> <span class='ocrx_word' id='word_1_256' title='bbox 977 3711 1026 3762; x_wconf 74' lang='lat' dir='ltr'><strong>mg.</strong></span> <span class='ocrx_word' id='word_1_257' title='bbox 1064 3695 1153 3746; x_wconf 85' lang='lat' dir='ltr'><strong>Statim</strong></span> 
     </span>
     <span class='ocr_line' id='line_1_31' title="bbox 135 3780 1152 3840; baseline -0.006 -1"><span class='ocrx_word' id='word_1_258' title='bbox 135 3789 221 3839; x_wconf 81' lang='lat' dir='ltr'><strong>oleam</strong></span> <span class='ocrx_word' id='word_1_259' title='bbox 235 3782 281 3836; x_wconf 80' lang='lat' dir='ltr'><strong>Bb.</strong></span> <span class='ocrx_word' id='word_1_260' title='bbox 318 3783 366 3835; x_wconf 80' lang='lat' dir='ltr'><strong>i’ro</strong></span> <span class='ocrx_word' id='word_1_261' title='bbox 384 3789 514 3840; x_wconf 74' lang='lat' dir='ltr'><strong>inarimos</strong></span> <span class='ocrx_word' id='word_1_262' title='bbox 525 3783 645 3836; x_wconf 79' lang='lat' dir='ltr'><strong>Erasmus</strong></span> <span class='ocrx_word' id='word_1_263' title='bbox 663 3790 690 3833; x_wconf 89' lang='lat' dir='ltr'><strong>et</strong></span> <span class='ocrx_word' id='word_1_264' title='bbox 702 3780 809 3833; x_wconf 82' lang='lat' dir='ltr'><strong>Gravius</strong></span> <span class='ocrx_word' id='word_1_265' title='bbox 826 3786 953 3837; x_wconf 79' lang='lat' dir='ltr'><strong>inminea-</strong></span> <span class='ocrx_word' id='word_1_266' title='bbox 991 3782 1057 3832; x_wconf 80' lang='lat' dir='ltr'><strong>Ante</strong></span> <span class='ocrx_word' id='word_1_267' title='bbox 1075 3799 1152 3833; x_wconf 87' lang='lat' dir='ltr'><strong>mor·</strong></span> 
     </span>
     <span class='ocr_line' id='line_1_32' title="bbox 136 3865 1153 3936; baseline -0.008 -11"><span class='ocrx_word' id='word_1_268' title='bbox 136 3873 196 3925; x_wconf 73' lang='lat' dir='ltr'><strong>atta</strong></span> <span class='ocrx_word' id='word_1_269' title='bbox 214 3871 326 3924; x_wconf 70' lang='lat' dir='ltr'><strong>delatum</strong></span> <span class='ocrx_word' id='word_1_270' title='bbox 344 3875 433 3927; x_wconf 77' lang='lat' dir='ltr'><strong>calida</strong></span> <span class='ocrx_word' id='word_1_271' title='bbox 450 3874 476 3924; x_wconf 87' lang='lat' dir='ltr'><strong>in</strong></span> <span class='ocrx_word' id='word_1_272' title='bbox 490 3871 539 3936; x_wconf 84' lang='lat' dir='ltr'><strong>dic,</strong></span> <span class='ocrx_word' id='word_1_273' title='bbox 557 3872 674 3926; x_wconf 73' lang='lat' dir='ltr'><strong>actitatio</strong></span> <span class='ocrx_word' id='word_1_274' title='bbox 692 3883 739 3935; x_wconf 78' lang='lat' dir='ltr'><strong>pro</strong></span> <span class='ocrx_word' id='word_1_275' title='bbox 751 3871 872 3922; x_wconf 68' lang='lat' dir='ltr'><strong>adorna</strong></span> <span class='ocrx_word' id='word_1_276' title='bbox 885 3867 1005 3920; x_wconf 78' lang='lat' dir='ltr'><strong>exhibant</strong></span> <span class='ocrx_word' id='word_1_277' title='bbox 1017 3865 1057 3916; x_wconf 85' lang='lat' dir='ltr'><strong>W.</strong></span> <span class='ocrx_word' id='word_1_278' title='bbox 1073 3866 1153 3919; x_wconf 83' lang='lat' dir='ltr'><strong>ttaed.</strong></span> 
     </span>
     <span class='ocr_line' id='line_1_33' title="bbox 135 3951 987 4023; baseline -0.002 -16"><span class='ocrx_word' id='word_1_279' title='bbox 135 3953 189 4008; x_wconf 77' lang='lat' dir='ltr'><strong>aaa</strong></span> <span class='ocrx_word' id='word_1_280' title='bbox 207 3966 234 4009; x_wconf 85' lang='lat' dir='ltr'><strong>at</strong></span> <span class='ocrx_word' id='word_1_281' title='bbox 252 3973 267 4008; x_wconf 83' lang='lat' dir='ltr'><strong>a</strong></span> <span class='ocrx_word' id='word_1_282' title='bbox 286 3971 352 4012; x_wconf 81' lang='lat' dir='ltr'><strong>corr.</strong></span> <span class='ocrx_word' id='word_1_283' title='bbox 373 3956 428 4023; x_wconf 79' lang='lat' dir='ltr'><strong>dib,</strong></span> <span class='ocrx_word' id='word_1_284' title='bbox 448 3959 510 4010; x_wconf 84' lang='lat' dir='ltr'><strong>itam</strong></span> <span class='ocrx_word' id='word_1_285' title='bbox 528 3956 587 4007; x_wconf 83' lang='lat' dir='ltr'><strong>edd.</strong></span> <span class='ocrx_word' id='word_1_286' title='bbox 605 3961 670 4006; x_wconf 80' lang='lat' dir='ltr'><strong>vett.</strong></span> <span class='ocrx_word' id='word_1_287' title='bbox 690 3969 713 4004; x_wconf 87' lang='lat' dir='ltr'><strong>c.</strong></span> <span class='ocrx_word' id='word_1_288' title='bbox 733 3951 830 4006; x_wconf 74' lang='lat' dir='ltr'><strong>Erum.</strong></span> <span class='ocrx_word' id='word_1_289' title='bbox 849 3959 876 4003; x_wconf 84' lang='lat' dir='ltr'><strong>at</strong></span> <span class='ocrx_word' id='word_1_290' title='bbox 895 3951 987 4005; x_wconf 77' lang='lat' dir='ltr'><strong>danna</strong></span> 
     </span>
    </p>
   </div>
   <div class='ocr_carea' id='block_1_13' title="bbox 0 0 1434 4688">
    <p class='ocr_par' dir='ltr' id='par_1_14' title="bbox 0 0 1434 4688">
     <span class='ocr_line' id='line_1_34' title="bbox 0 0 1434 4688; baseline 0 3"><span class='ocrx_word' id='word_1_291' title='bbox 0 0 1434 4688; x_wconf 95' lang='lat' dir='ltr'><strong> </strong></span> 
     </span>
    </p>
   </div>
  </div>
 </body>
</html>
