2868 4700
705 357 750 415 llll

307 518 354 582 vt.
375 519 417 583 Ba
440 553 482 566 -
504 519 733 604 Bambargensis
756 515 808 604 [B.
823 517 870 586 tv.
886 517 937 608 5.)
961 522 1012 586 Nr.
1030 519 1113 603 lto,
1134 541 1231 587 mam-

221 645 403 722 bracenam,
435 659 513 706 racc.
535 643 602 722 XL,
633 643 718 707 form.
746 662 840 723 marr,
870 650 1010 709 constans
1039 645 1119 710 loliis
1148 642 1232 727 2021,

220 785 280 850 qno
310 767 387 830 libro
418 765 605 830 continentur
635 767 732 830 omnia
762 765 828 830 iera
855 767 994 852 Cypriani
1023 786 1123 852 opera.
1167 767 1232 832 Vid.

218 890 352 956 Jaack.
374 891 490 971 librum,
514 891 561 953 cui
584 891 686 954 titulus
709 899 771 954 est:
795 891 1020 977 Bescbreibnng
1042 891 1097 956 der
1119 891 1232 956 lident-

218 1015 316 1078 licben
338 1013 504 1078 bibliotbalr
527 1033 565 1077 zu
587 1014 734 1099 Bamberg
755 1035 783 1099 p.
808 1014 858 1080 63.

305 1137 364 1199 Vll.
388 1137 429 1200 Bb
452 1171 494 1184 —
517 1137 745 1221 bambergensis
769 1136 820 1222 (B.
837 1139 883 1203 lv.
901 1135 950 1223 d.)
973 1139 1008 1203 Ν.
1031 1136 1114 1219 itt,
1136 1157 1233 1202 mem-

219 1262 394 1340 branaceus,
418 1278 496 1322 saec.
520 1259 567 1322 Xl.
591 1257 708 1342 (potins
731 1257 827 1345 xil),
851 1259 936 1324 form.
960 1279 1052 1340 marn,
1075 1260 1136 1325 loll.
1163 1257 1232 1324 lto.

306 1383 406 1446 lnsunt
426 1383 494 1445 libri
516 1383 554 1446 ad
573 1383 730 1463 Donatum,
754 1383 914 1466 delapsis,
937 1385 975 1446 dc
998 1401 1091 1466 opera
1114 1389 1144 1446 at
1166 1383 1233 1446 ele-

217 1507 350 1586 mosinis,
372 1504 410 1568 de
431 1507 511 1569 bono
533 1506 701 1587 patientiae,
732 1503 770 1567 de
793 1505 859 1568 zelo
884 1511 913 1567 et
935 1505 1041 1584 liuore,
1068 1505 1105 1568 ad
1127 1505 1233 1568 deme-

218 1633 360 1709 trianum,
394 1630 431 1693 de
464 1631 576 1692 unitate
611 1628 775 1692 catholicae
809 1629 991 1708 aecclesiae,
1025 1628 1063 1690 de
1098 1629 1234 1691 oratione

220 1753 382 1833 dominica,
412 1753 449 1815 de
476 1753 668 1832 martellaio,
701 1753 826 1835 epistola
855 1752 891 1814 ad
916 1752 1111 1835 Rogatianum
1133 1751 1233 1814 Presb.

220 1884 249 1940 et
275 1884 392 1940 ceteros
416 1877 607 1940 consessores
631 1877 668 1939 de
691 1876 843 1958 disciplina
868 1893 935 1938 eum
960 1875 1024 1937 aliis
1046 1875 1096 1940 SS.
1119 1875 1234 1938 Patrum

222 2001 348 2083 scriptis

307 2125 469 2205 Utrumque
506 2123 584 2214 buno
622 2123 756 2186 codicem
786 2123 839 2185 Vir
874 2121 1069 2184 lle'varendus
1101 2121 1235 2183 Petrus

222 2249 448 2328 Stillnerus,
488 2247 663 2330 Capelianus
703 2248 849 2310 ecclesiae
882 2246 1058 2309 cathedralis
1091 2243 1235 2309 Bamber-

221 2375 341 2458 gensis,
372 2391 449 2436 anno
483 2369 564 2436 1847
588 2372 806 2435 bibliothecarii
829 2371 911 2432 vices
940 2387 1068 2454 geram,
1102 2369 1234 2431 interce-

221 2495 310 2558 dente
339 2498 373 2558 V.
396 2495 437 2556 Cl.
461 2493 724 2555 Constantino
757 2491 970 2571 Hocllero,
1004 2499 1074 2554 tunc
1101 2491 1234 2554 tabularii

220 2617 447 2700 bambergensis
470 2611 645 2692 PraeieetO,
679 2633 758 2676 nunc
789 2615 817 2676 in
852 2615 1014 2676 litterarum
1038 2614 1234 2676 Universitata

220 2741 362 2823 Pragansi
384 2739 570 2816 Professore,
593 2738 807 2819 benignissimo
830 2756 945 2800 mecum
968 2737 1200 2800 communicavit.

306 2864 376 2927 Vlll.
407 2863 434 2926 Α
466 2898 503 2907 -
534 2861 744 2944 AugustanuS,
783 2863 832 2943 qui
867 2861 920 2924 luit
962 2862 1031 2924 olim
1063 2859 1234 2923 monasterii

220 2986 472 3066 Blanckstadiani,
500 2986 551 3048 Nr.
576 2983 643 3064 65,
673 2984 760 3048 form.
783 3004 877 3064 man,
907 2985 1122 3068 bombycinnS,
1153 3001 1232 3046 saec.

219 3111 292 3190 XV,
315 3107 469 3174 1011241.
514 3111 604 3172 Cuius
627 3110 694 3171 libri
716 3126 801 3171 usum
826 3109 922 3171 debeo
946 3126 1078 3171 summae
1099 3105 1232 3169 liberali-

219 3236 269 3296 tati
291 3235 325 3296 V.
349 3233 389 3296 Cl.
420 3232 454 3297 G.
478 3233 584 3314 Casp.
608 3233 808 3314 blangeri,
831 3230 983 3314 Gymnasil
1007 3231 1042 3293 ad
1066 3231 1094 3296 S.
1118 3216 1231 3293 Annam

219 3358 354 3420 Rectoris
379 3363 408 3418 et
428 3357 623 3420 bibliothecae
646 3355 839 3438 Angustanae
861 3353 1015 3417 Praefecti.

306 3480 368 3542 Fol.
400 3479 435 3558 1,
470 3498 495 3542 a.
526 3481 566 3542 ita
595 3479 765 3542 exorditur:
798 3478 958 3557 loetptonr
988 3479 1117 3558 epistola
1145 3461 1232 3542 Secti

223 3603 374 3685 Cypriani
400 3600 588 3683 Carthagili.
633 3602 782 3664 Lemmata
815 3607 898 3663 caret
929 3601 964 3664 ad
988 3602 1133 3664 Donatum
1156 3603 1232 3666 liber

221 3725 291 3811 (iol.
319 3725 409 3806 l-t,
433 3723 499 3809 b),
527 3727 576 3788 ubi
599 3732 697 3788 textus
719 3727 811 3807 prima
834 3726 929 3787 littera
954 3725 1107 3808 eleganter
1130 3735 1230 3790 aurata

221 3856 251 3912 et
273 3851 424 3932 variegata
448 3857 503 3913 est.
547 3849 608 3912 Fol.
633 3849 671 3928 cl,
702 3849 728 3911 b.
752 3850 851 3932 incipit
879 3850 1004 3932 epistola
1035 3851 1165 3913 secunda
1193 3851 1231 3914 de

222 3971 374 4054 disciplina
389 3972 424 4036 ad
439 3973 572 4058 uirgines
587 3977 617 4034 et
639 3971 744 4035 desinit
759 3970 807 4035 iol.
827 3969 876 4052 ll,
900 3991 925 4035 a.
962 3970 1092 4054 10111,
1115 3972 1230 4054 a-2l,
