2868 4700
730 451 852 518 43-

692 695 813 762 XVIII.

328 840 392 902 Nec
416 838 573 918 quisquam
587 833 615 920 ¹)
638 837 780 916 miretur,
805 835 987 900 dilectissimi
1019 835 1142 915 fratres,
1171 835 1258 900 eiinm

242 955 281 1016 de
304 952 530 1016 confessoribus
554 950 699 1030 quosdam
716 950 752 1012 ad
768 951 821 1012 isia
846 950 1028 1031 procedere,
1050 949 1121 1012 inde
1139 966 1260 1031 quoque

241 1067 360 1149 aliquos
384 1073 441 1127 iem
464 1062 603 1142 nefanda,
626 1071 684 1124 tom
708 1064 811 1144 gnevin
834 1080 969 1143 peecare.
1013 1063 1119 1142 Neque
1140 1060 1260 1139 enim²)

242 1180 396 1244 confessio
427 1179 578 1240 inmunem
606 1175 675 1238 fecii
706 1177 742 1237 eb
773 1177 889 1237 insidiis
921 1174 1045 1255 diaboli,
1077 1182 1127 1238 aut
1156 1181 1259 1238 contre

212 1293 450 1374 ntemptationes
474 1297 504 1353 et
528 1289 660 1370 periculo
685 1294 713 1350 ei
736 1289 873 1350 incursus
885 1285 912 1364 ³)
936 1295 1025 1373 cupre
1047 1290 1173 1370 impetus
1188 1306 1260 1352 see-

241 1403 358 1468 culares
382 1402 478 1464 adhuc
501 1403 530 1463 in
554 1399 676 1463 saeculo
699 1401 828 1481 positum
852 1405 995 1480 perpetue
1017 1403 1179 1464 securitnie
1201 1401 1260 1463 de·

241 1516 343 1580 fendit.
389 1515 528 1577 Ceterum
554 1531 712 1593 numquam
729 1509 757 1588 4)
782 1513 811 1574 in
835 1513 1061 1576 confessoribus
1084 1513 1206 1577 fraudes
1230 1522 1260 1578 ei

240 1638 343 1712 stupro
367 1638 396 1691 et
420 1626 777 1707 aduiterieposimodum
801 1628 990 1706 videremus,
1021 1645 1099 1709 quae
1127 1630 1259 1692 nuncin

241 1743 415 1827 quibusdem
446 1739 582 1803 videntes
613 1740 843 1820 ingemescimus
861 1738 887 1816 ⁶)
917 1746 947 1802 et
975 1740 1119 1804 dolemus.
1165 1743 1258 1816 Quis·

199 1879 227 1923 ro
240 1858 306 1941 quis
318 1853 346 1935 ⁶)
370 1856 418 1920 ille
442 1853 602 1918 confessor
625 1859 687 1932 est,
712 1853 871 1918 Solomone
894 1856 988 1918 maior
1010 1861 1060 1919 aut
1081 1854 1187 1918 melior
1210 1859 1259 1916 nut

239 2045 447 2056 -m-——n-p-a-

311 2159 395 2213 XVlil.
425 2165 451 2225 i)
472 2163 581 2230 quinque
595 2159 676 2210 diced.
693 2157 790 2210 naon
809 2167 835 2210 et
853 2175 890 2226 pr.
904 2157 954 2210 Mb.
985 2157 1040 2221 Qun
1058 2159 1090 2210 de
1109 2161 1257 2213 confusione

238 2250 292 2302 uid.
306 2249 336 2301 ed
349 2249 412 2316 Cep.
425 2248 453 2299 V.
468 2248 561 2299 u.5et
577 2247 616 2299 10.
648 2246 706 2297 Mox
726 2245 784 2297 Ver.
803 2256 828 2299 et
844 2261 891 2312 pro
909 2249 995 2309 etiarn,
1014 2246 1082 2313 qnod
1100 2245 1140 2298 dic
1158 2263 1172 2298 a
1190 2263 1210 2298 r.
1223 2263 1255 2298 m.

239 2338 305 2388 inter
314 2351 380 2387 vers.
391 2336 475 2386 hebet.
502 2335 609 2388 Tumad
623 2340 677 2389 ieie
685 2337 814 2404 prosilire
824 2333 892 2384 idern
903 2332 973 2385 liber.
1002 2331 1257 2403 Verbeseqq.=s'nde

238 2440 339 2492 quoquc
350 2451 384 2460 -—
399 2449 429 2458 -
446 2449 476 2460 ·-
489 2439 600 2490 peecare
612 2421 703 2472 desunt
716 2423 740 2471 in
755 2419 801 2472 Mc.
830 2419 857 2470 ln
870 2420 909 2470 his
918 2420 976 2472 Ver.
987 2419 1076 2472 scribit
1088 2430 1140 2473 inm
1152 2423 1257 2490 nefario

239 2514 305 2575 (non
318 2511 428 2578 nefarie,
441 2516 469 2558 nt
480 2523 613 2575 perperam
628 2507 721 2576 legitur
734 2508 800 2574 opud
810 2507 959 2575 Rigaltium)
971 2517 1074 2576 iamque
1085 2512 1179 2577 promo
1190 2525 1255 2577 pec-

239 2613 309 2650 care.
338 2594 387 2646 Pro
400 2596 467 2662 vulg.
482 2613 559 2663 poam
571 2599 665 2664 provio
677 2597 821 2662 recepimus
834 2605 885 2648 inm
900 2599 997 2665 procia
1016 2612 1030 2646 e
1048 2596 1124 2648 codd.
1138 2594 1177 2648 W.
1190 2594 1256 2647 dieb.

239 2683 333 2734 Thunu.
346 2691 371 2734 et
380 2680 445 2746 Bab,
458 2691 510 2734 som
519 2685 630 2752 prandio
642 2682 719 2733 haber
732 2681 781 2746 ud,
795 2693 819 2736 ei
832 2688 926 2753 procia
937 2683 968 2734 A.
994 2681 1067 2736 Couf.
1076 2684 1108 2734 ed
1121 2683 1212 2734 librum
1224 2682 1256 2732 de

239 2771 301 2838 inps.
321 2768 382 2837 Cup.
402 2769 479 2820 xvii.
500 2785 525 2820 ιι.
545 2770 569 2822 5.
605 2770 732 2839 Deinceps
749 2781 857 2839 peccato
877 2769 924 2822 Bb.
961 2771 990 2836 2)
1009 2774 1077 2824 enim
1096 2769 1134 2820 iiic
1152 2784 1166 2819 n
1185 2785 1204 2819 r.
1224 2781 1256 2820 nr.

239 2872 314 2924 supro
339 2855 380 2909 lin.
399 2855 484 2908 hebet.
522 2855 550 2919 3)
576 2873 727 2911 oocccoreue
752 2857 782 2907 A.
819 2854 886 2908 lnirn
910 2861 1022 2911 dedendi!
1045 2857 1089 2910 Bo.
1131 2859 1160 2924 4)
1184 2874 1256 2910 noer-

153 2953 158 2965 ’
238 2961 381 3013 ennumquam
398 2961 436 3012 pr.
456 2944 505 2996 dib.
543 2946 571 3008 5>
591 2944 626 2996 lte
645 2945 684 2995 W.
698 2945 739 2995 dib
758 2953 784 2996 et
802 2943 848 3010 Be,
868 2945 923 2996 reli.
942 2949 1153 3016 inpomiccimoe.
1183 2943 1257 2997 Coni.

240 3031 272 3082 ad
298 3031 376 3082 libros
401 3033 433 3082 de
463 3031 530 3108 inps¹¹
556 3031 616 3098 Cup.
635 3030 710 3084 XXV.
735 3048 759 3084 u.
787 3033 799 3082 1
823 3040 848 3082 ei
872 3031 954 3083 3-4
972 3042 999 3084 et
1026 3034 1058 3084 de
1083 3034 1168 3085 habitu
1192 3034 1256 3100 virg.

239 3115 300 3185 Cup.
315 3117 366 3172 XV.
385 3135 411 3170 n.
427 3118 466 3170 10.
503 3118 531 3183 6)
550 3123 669 3188 Quinque
681 3118 720 3171 W.
735 3118 815 3170 Muod.
830 3117 892 3172 Bab.
905 3122 929 3171 Α
942 3128 968 3170 et
985 3137 1022 3188 pr.
1041 3121 1091 3185 dib,
1111 3129 1138 3171 ut
1155 3119 1256 3188 passim.

237 3203 317 3256 Paulo
343 3213 401 3272 poet
424 3207 471 3258 deo
496 3210 585 3258 carior
604 3205 645 3257 W.
665 3203 747 3256 diubd.
767 3204 803 3257 Βιι
828 3215 854 3258 et
877 3209 908 3259 Α.
935 3224 956 3259 o.
982 3208 1041 3261 edd.
1069 3209 1143 3260 Gruv.
1164 3207 1256 3258 dianus.

238 3290 389 3359 ceterisque.
438 3290 460 3341 Α
483 3291 539 3344 rell.
565 3292 633 3344 libris
662 3300 713 3343 tam
742 3295 857 3360 seriptis,
888 3311 962 3364 quum
994 3297 1070 3348 editis
1099 3300 1160 3360 deo.
1177 3295 1256 3346 abest.

238 3375 297 3428 uox
314 3387 399 3432 lamen
416 3382 439 3430 Α
457 3394 507 3430 om.
543 3378 641 3430 Deinde
660 3398 737 3449 quom
755 3384 802 3434 diu
821 3407 851 3418 -
872 3390 925 3436 lum
946 3385 994 3437 diu
1013 3382 1180 3449 (disiunctio)
1199 3380 1257 3432 uon

239 3471 266 3513 et
289 3466 320 3515 Α.
357 3464 385 3516 In
410 3482 481 3536 seqq.
501 3483 564 3518 unus
588 3466 653 3518 liber
677 3466 829 3520 ΙιιιΙ.1ιιὼει
849 3479 989 3540 puerperam
1012 3481 1105 3524 mem.
1141 3468 1257 3518 Proxime

236 3555 323 3618 pordit
339 3551 388 3604 uu.
426 3553 500 3618 Quod
518 3555 633 3622 sequitur
650 3563 674 3607 ei
692 3568 741 3606 om.
759 3553 798 3606 Bb
817 3564 842 3606 et
861 3555 908 3608 Me.
946 3555 1023 3622 „Post
1041 3556 1119 3609 verbu
1145 3557 1258 3624 prasium

239 3639 339 3690 domini
351 3638 477 3692 Manutius
495 3640 600 3706 addidit,
619 3645 691 3696 sicut
709 3645 842 3710 scriptum
861 3654 916 3698 eet.-
935 3647 971 3697 Ει
989 3645 1116 3696 concitavit
1131 3644 1257 3694 dominun

237 3734 355 3778 cotanen
371 3730 431 3796 ipse
448 3731 592 3792 Solonroni,
612 3739 636 3782 ot
654 3732 711 3782 ideo
730 3734 759 3782 ιἰι
778 3734 931 3802 apocalypsi
948 3731 1071 3784 dominun
1087 3731 1121 3780 ad
1133 3730 1257 3780 Ioannem

238 3814 358 3880 praviter
375 3817 558 3868 comminetur.
593 3815 664 3879 Quae
679 3815 803 3884 Rigaltiue
822 3819 857 3868 nit
876 3833 933 3868 esse
953 3818 977 3866 in
995 3815 1077 3865 veteri
1095 3813 1159 3864 libro
1172 3814 1255 3865 Vero·

238 3900 319 3950 uenti.
354 3897 467 3952 Pemelio
485 3917 536 3952 non
553 3903 647 3969 placuit
665 3903 730 3954 haec
748 3903 842 3965 additio
860 3903 983 3965 Mercurii,
1000 3901 1115 3950 nimirem
1133 3901 1207 3968 qnia,
1228 3909 1255 3950 ut

239 3983 282 4039 iiic
301 3986 351 4056 ait,
371 3987 486 4044 domiuus
504 3990 529 4042 iu
548 3989 592 4042 iilo
610 3988 667 4043 roco
686 4003 737 4045 ιιοιι
756 3990 865 4062 loquitur
883 3989 915 4043 nd
933 3987 1069 4052 loannem,
1091 3987 1137 4042 eod
1156 3987 1187 4046 ed
1207 4003 1255 4046 ena
