2858 4688
763 417 828 482 aro
851 395 857 398 ’

284 573 385 656 potios
414 571 630 636 recondamus:
670 571 813 652 Vendite,
847 573 943 656 inquit
959 571 1007 654 ²),
1040 595 1093 640 res
1122 585 1247 648 uestras
1275 587 1303 642 et

286 689 358 752 date
380 686 611 770 eleemosynam.
658 685 693 748 Et
714 687 819 750 iterum
836 683 882 764 ³):
915 687 1019 752 Nolite
1048 689 1140 755 nohis
1170 693 1301 756 candere
1403 775 1404 782 ἵ

285 803 452 866 thesauros
467 797 495 878 ⁴)
516 819 611 882 super
634 805 769 878 terram,
804 799 857 864 uhi
880 801 967 866 tinea
988 809 1018 866 st
1041 812 1217 868 comestura
1243 825 1300 868 es-
1403 789 1404 834 t

285 916 442 992 terminat,
466 923 496 976 et
518 913 573 976 uhr'
593 913 684 992 [ures
707 911 861 994 effodiunt
882 923 913 980 et
931 915 1091 994 [urantur.
1134 918 1300 982 Thesauri-

284 1037 353 1092 aate
367 1026 394 1103 ⁶)
417 1035 518 1093 autern
540 1028 631 1094 nohis
654 1029 819 1094 thesauros
839 1031 873 1094 r‘n
896 1031 995 1110 easta,
1019 1032 1074 1094 uhi
1094 1049 1192 1112 nepae
1208 1032 1300 1110 unm,

284 1161 382 1222 neque
405 1149 583 1206 comestura
605 1142 802 1220 exterminat,
826 1149 856 1233 et
877 1141 931 1204 uhi
951 1141 1042 1220 sures
1060 1161 1126 1206 non
1142 1139 1300 1222 effodisset,

285 1258 522 1342 necfurantur.
571 1255 627 1318 Ubi
650 1257 732 1318 enim
752 1255 850 1336 [uerit
873 1255 1040 1318 thesaurus
1056 1252 1084 1334 6)
1111 1265 1202 1334 tuus,
1237 1257 1302 1320 a'tlr'e

286 1371 347 1432 srs't
368 1378 398 1434 et
421 1389 477 1433 ear
501 1377 593 1433 tuum.
638 1368 675 1432 Et
705 1385 772 1432 oum
803 1369 962 1434 observate
993 1369 1063 1452 iege
1094 1365 1302 1451 perfeetum&

285 1492 316 1548 et
338 1490 572 1548 consummatam
595 1466 685 1546 veliet
709 1482 888 1546 ostendere:
916 1483 951 1544 St
973 1484 1034 1562 ais,
1054 1484 1155 1576 'inquit
1167 1478 1205 1563 8),
1226 1505 1300 1564 per-

283 1596 386 1675 [ectus
410 1615 495 1675 esse,
526 1595 605 1658 aude
636 1604 666 1658 et
694 1596 792 1657 vende
820 1598 925 1659 omnio
948 1605 1003 1658 tua
1026 1605 1057 1658 et
1078 1598 1120 1659 da
1143 1600 1248 1678 epenu‘s
1264 1593 1301 1676 ⁹),

267 1691 315 1773 ¹et
344 1709 473 1772 habebis
504 1711 681 1773 thesaurum
711 1711 744 1770 s'u
776 1709 881 1802 eaelo,
914 1719 944 1772 et
972 1710 1062 1786 ueni,
1094 1729 1223 1791 sequere
1247 1732 1300 1774 me.

284 1823 357 1885 ltem
388 1823 447 1885 aiio
476 1823 544 1886 loeo
566 1817 602 1894 ¹⁰)
630 1822 848 1905 negotiatorem
871 1823 1008 1884 caelestis
1032 1825 1146 1904 gratiae
1170 1830 1201 1886 et
1224 1843 1302 1886 can·
1403 1889 1404 1906 p

284 1943 452 2018 potatorem
475 1936 578 2000 saiutis
601 1943 743 1998 aeternae
773 1935 920 1998 distractis
952 1937 1089 2000 omnibus
1118 1937 1211 2000 rebus
1240 1939 1303 2000 sois

285 2051 448 2132 pretiosam
481 2050 685 2133 margaritam,
722 2049 778 2112 hoc
813 2055 859 2110 est
891 2049 979 2110 vitam
1012 2055 1163 2112 aeternam
1194 2048 1304 2112 Christi
1403 2137 1404 2142 ἵ

286 2264 344 2315 edd.
365 2263 428 2315 Dav.
449 2262 530 2316 Kana.
550 2271 576 2314 et
594 2261 694 2325 Remu,
715 2263 798 2313 statim
820 2265 975 2315 thensauros
995 2279 1009 2313 a
1029 2279 1061 2313 m.
1082 2278 1131 2330 pm,
1152 2280 1165 2314 a
1185 2281 1204 2314 s.
1225 2227 1310 2320 rheae

285 2369 384 2406 sauros
403 2350 451 2416 W,
479 2354 623 2404 thesauros
650 2349 699 2400 hid.
746 2347 775 2414 2)
799 2345 859 2398 Luc.
880 2348 928 2412 12,
953 2347 995 2399 33.
1042 2349 1071 2418 3)
1098 2347 1183 2400 Matth.
1203 2351 1235 2415 6,
1264 2351 1304 2402 19.

285 2440 313 2501 t)
335 2443 478 2491 thesauros
497 2440 607 2490 eantare
625 2435 683 2486 edd.
705 2443 766 2486 vett.
787 2442 813 2485 et
830 2433 926 2486 Essem.
962 2433 1039 2487 voce.
1059 2448 1258 2507 superterram
1280 2441 1304 2490 in

195 2515 197 2523 ⁸
286 2525 324 2576 hie
344 2541 364 2576 r.
385 2540 417 2574 m.
437 2522 539 2574 addidit.
577 2521 641 2574 Dein
662 2526 728 2575 tinia
746 2518 799 2584 Ba,
823 2524 963 2576 demetitur
981 2537 1027 2588 pro
1046 2534 1071 2576 et
1088 2534 1237 2592 numestrrra
1255 2523 1305 2589 Bb,

285 2611 462 2664 exterminant
481 2607 539 2659 Ver.
559 2607 810 2675 protestaremur,
832 2611 909 2659 etita
929 2611 1004 2661 tacite
1024 2608 1191 2662 oxonienses.
1229 2610 1304 2672 Quod

284 2697 399 2763 sequitur
417 2705 441 2748 et
459 2696 494 2761 (Α
513 2693 579 2746 maie
598 2695 684 2746 scribit
701 2696 763 2762 sert)
787 2698 813 2746 in
833 2694 868 2747 Ba
893 2698 1028 2762 amissam,
1054 2698 1078 2748 in
1099 2696 1128 2746 W
1148 2712 1162 2748 a
1182 2712 1247 2749 carr.
1268 2714 1303 2748 sn.

257 2781 261 2788 '
285 2783 406 2835 additum.
443 2781 503 2833 Post
519 2784 631 2851 furesh
650 2783 733 2833 statim
753 2798 785 2834 ex
800 2782 965 2852 sequentibus
978 2783 1091 2852 adiungit
1102 2803 1155 2836 uon
1167 2787 1305 2854 effodiunt,

283 2887 332 2924 nea
349 2875 486 2940 hrrautur.
524 2869 550 2920 tn
569 2869 609 2920 Md
629 2869 778 2924 exciderunt
795 2869 889 2922 verbo:
917 2873 1002 2924 Nolite
1019 2875 1095 2925 uotis
1115 2874 1225 2924 eandm
1242 2874 1304 2924 the-

284 3027 383 3063 sauros
398 3037 428 3050 -
444 2989 475 3047 ἕ-
490 3037 523 3046 -
541 3017 565 3062 et
581 3012 717 3076 frerentur.
754 3011 782 3073 5)
801 2986 993 3064 t'hesuurs'sate
1006 3007 1056 3074 Md,
1076 2970 1255 3064 thezaurisare
1269 3039 1305 3048 -

250 3213 254 3220 .
284 3109 424 3202 thezauros
444 3149 490 3214 [ex
509 3155 595 3201 mutat.
614 3166 633 3201 r.
654 3151 699 3213 m.)
720 3149 760 3202 W.
798 3153 888 3204 Autem
907 3166 956 3202 om.
976 3149 1044 3200 idem
1063 3147 1137 3212 itaer,
1156 3147 1193 3199 Bb
1213 3147 1304 3200 erma.

284 3287 342 3338 Mox
364 3291 431 3342 tins'a
456 3292 505 3354 (pr.
523 3289 604 3350 thaso)
630 3287 718 3338 scribit
740 3286 792 3354 Ba,
819 3307 900 3359 raeque
925 3306 1020 3358 stupa,
1046 3239 1306 3357 superaffluens-s

285 3376 368 3438 (tinea
392 3373 424 3424 ab
450 3375 483 3450 qt.
509 3389 540 3426 m.
565 3389 640 3440 supra
665 3373 765 3439 addito)
786 3376 835 3428 Mb.
873 3376 949 3428 Voce.
968 3393 1017 3430 neo
1038 3379 1166 3445 harenton·
1190 3390 1240 3426 om.
1260 3372 1304 3424 W.

284 3511 339 3563 hinc
359 3521 385 3563 et
397 3511 443 3576 uu,
463 3523 487 3566 et
503 3518 632 3583 [urantur
649 3511 743 3563 habent
761 3513 801 3564 htb
822 3522 847 3565 et
861 3511 903 3564 Ba.
941 3515 969 3577 6)
988 3474 1131 3568 thehsurus
1151 3514 1202 3580 (pr.
1222 3511 1305 3578 thes.)

283 3598 329 3660 W;
348 3602 405 3652 s'th'e
422 3613 469 3664 pro
487 3600 526 3649 s'ts‘
544 3599 631 3664 recepi
651 3613 682 3649 ex
701 3599 776 3650 codd.
794 3597 852 3650 Ver.
872 3598 912 3649 W.
933 3598 1021 3652 hiebed
1041 3608 1067 3650 et
1086 3599 1146 3651 Bab.
1185 3597 1307 3650 Concinit

282 3687 438 3738 t'ertuth'an.
452 3683 482 3734 ad
496 3692 599 3750 martyr.
613 3701 668 3751 eap.
682 3683 712 3735 ΙΙ.
726 3686 766 3736 fin.
798 3685 1026 3740 metueremus.
1063 3686 1092 3753 7)
1108 3691 1257 3755 profestum
1270 3684 1304 3736 Α.

283 3769 345 3822 Tum
363 3775 430 3825 votet
449 3769 496 3821 Bb.
540 3770 569 3835 8)
589 3771 674 3824 hiotth.
697 3771 744 3837 19,
764 3773 806 3824 21.
850 3767 878 3832 9)
902 3777 1064 3842 pauperihus
1084 3772 1125 3824 Mb
1147 3779 1307 3840 veteresque

283 3858 342 3908 edd.
364 3873 385 3908 a.
400 3855 496 3908 Essem.
517 3867 543 3910 et
556 3857 653 3910 Mureti.
685 3857 743 3911 htux
762 3861 790 3913 a‘n
810 3863 892 3928 saetis
906 3860 936 3910 Α.
968 3857 1038 3911 idem
1057 3858 1123 3911 liber
1140 3868 1164 3912 at
1181 3875 1307 3926 sepum.

283 3978 330 4046 10)
348 3982 377 4032 s'n
396 3983 448 4034 otia
467 3983 523 4034 toea
543 3978 613 4048 Bau,
634 3985 686 4035 ats'o
704 3985 733 4036 r'n
752 3985 807 4038 tono
827 3979 864 4046 Α,
889 3983 942 4034 atio
960 3944 987 3985 ἡ
1003 3947 1060 4034 tara
1086 3983 1126 4046 (tn
1146 3996 1161 4031 s
1181 3995 1248 4030 corr.
1269 3995 1307 4030 m.
