2868 4700
792 394 835 460 14

310 553 359 622 Sic
381 559 410 618 et
432 536 616 634 ecclesiast)
640 553 750 618 domini
772 554 839 618 luce
862 552 983 636 perfusa
1011 572 1066 636 per
1094 553 1197 620 orbem
1226 560 1313 620 totum

310 669 410 734 radios
432 687 503 734 suos
526 669 667 753 porrigit3
690 687 779 732 unum
803 674 899 730 tamen
921 667 1019 730 lumen
1035 675 1090 748 est,
1113 670 1193 750 quod
1209 671 1313 752 ubique

311 783 498 864 diffunditur,
528 803 586 847 nec
615 785 711 848 unitas
742 783 878 864 corporis
908 789 1069 864 separatur.
1114 784 1225 848 Remos
1247 803 1313 850 suos

310 899 340 960 in
362 898 531 960 universam
555 903 665 960 terram
688 897 773 977 copia
796 897 939 958 ubertatis
963 895 1112 976 extendit,
1135 899 1314 979 prolluentes

285 1010 434 1094 elargiter
445 1005 484 1087 16)
500 1011 581 1072 rivos
597 1010 684 1072 latius
700 1007 817 1090 pandit3
840 1027 929 1070 unum
944 1012 1042 1070 tamen
1058 1016 1145 1091 caput
1160 1019 1217 1090 est,
1237 1019 1266 1076 et
1278 1007 1315 1090 ¹⁷)

312 1126 398 1208 origo
414 1142 482 1206 una,
505 1131 534 1188 et
556 1144 615 1188 una
636 1131 739 1204 mater,
763 1123 951 1188 fecunditatis
975 1125 1164 1188 successibus
1187 1127 1315 1208 copiosa.

795 1321 835 1387 V.

397 1465 475 1530 lllius
498 1464 560 1530 ictu
583 1465 749 1543 nascimur,
781 1464 857 1528 ilius
879 1466 956 1529 lecte
978 1466 1140 1545 nutrimur,
1172 1467 1274 1548 spiritu
1291 1467 1316 1545 ¹)

312 1583 376 1646 eius
398 1582 567 1644 animamur.
611 1579 781 1643 Adulterari
809 1598 870 1644 non
899 1586 997 1662 potest
1019 1598 1128 1662 sponsa
1145 1577 1172 1660 ²)
1196 1580 1316 1646 Christi:

312 1698 480 1778 incorrupta
503 1702 549 1758 est
563 1691 590 1774 ³)
614 1703 644 1758 et
671 1696 786 1777 pudica.
831 1695 925 1758 Unam
955 1693 1073 1757 domum
1102 1695 1201 1773 novit,
1232 1696 1318 1758 unius

274 1831 300 1874 m
313 1811 438 1874 cubiculi
454 1807 481 1889 ⁴)
510 1811 695 1873 sanctitatem
725 1816 807 1873 casto
836 1809 951 1892 pudore
981 1809 1117 1872 custodit.
1161 1809 1242 1872 llaec
1264 1827 1319 1872 nos

313 1924 370 1988 deo
393 1930 509 2003 servat,
539 1926 613 1988 baec
635 1923 712 1988 lilios
736 1942 849 2007 regno,
873 1942 949 2006 quos
972 1925 1144 2010 generauit,
1174 1922 1317 2005 adsignat.

312 2038 450 2120 Quisquis
466 2035 493 2116 ⁵)
522 2038 556 2099 ab
587 2036 715 2099 ecclesia
743 2043 923 2120 segregatus
940 2031 967 2112 6)
997 2035 1150 2097 adulterae
1178 2036 1319 2118 iungitur,

311 2173 328 2216 a
350 2152 512 2234 promissis·
524 2150 670 2214 ecclesiae
686 2157 842 2231 separatur
858 2143 893 2228 7),
917 2167 974 2211 nec
989 2149 1145 2229 perveniet
1160 2148 1197 2211 ad
1215 2149 1322 2212 Christi
1419 2218 1420 2222 Ἰ

311 2268 440 2349 praemia
462 2267 513 2346 qui
535 2265 673 2345 relinquit
695 2265 852 2326 ecclesiam
868 2261 985 2325 Christi.
1023 2262 1148 2325 Alienus
1168 2270 1222 2342 est,
1245 2280 1321 2345 pro-

274 2381 397 2446 selanus
413 2376 441 2458 ⁸)
463 2386 524 2458 est,
547 2379 641 2441 bostis
665 2385 718 2440 est.
763 2377 880 2439 Habere
896 2372 923 2453 ⁹)
946 2394 1006 2440 non
1029 2383 1129 2459 potest
1151 2377 1237 2439 deum
1260 2397 1318 2458 pa-

312 2551 405 2603 ceduut
422 2549 539 2603 Baluzius
558 2560 584 2604 et
602 2550 783 2615 Goldbornius3
807 2563 909 2606 orcacat
928 2551 985 2604 edd.
1005 2552 1157 2620 superiores.
1205 2549 1250 2618 15)
1269 2565 1320 2602 cc-·

312 2641 420 2692 eteniam
439 2636 484 2690 Ba.
538 2639 583 2704 16)
604 2630 721 2710 'turpiter
744 2655 781 2706 pr.
800 2638 846 2690 lte.
884 2638 948 2690 Dein
972 2643 1048 2693 ricco
1072 2655 1139 2693 auce
1157 2635 1206 2686 Mb.
1242 2635 1322 2687 Voce.

311 2728 388 2780 rivos
406 2728 488 2780 latius
506 2743 555 2778 orn.
574 2727 603 2778 Α.
641 2724 689 2778 Pro
708 2729 847 2798 expandit,
872 2729 939 2795 quod
964 2726 1056 2795 friget,
1082 2723 1262 2792 praceuntibus
1281 2723 1322 2775 W.

312 2811 375 2864 blac.
395 2812 456 2864 Thu.
476 2820 501 2863 et
516 2813 608 2865 Manut.
627 2815 772 2880 scripsimus
788 2818 886 2884 punctis.
918 2813 958 2865 llb
977 2830 1015 2881 pr.
1032 2817 1120 2884 pcatclit
1139 2811 1209 2877 (sic),
1228 2810 1324 2862 deinde

312 2915 343 2968 ab
363 2933 382 2967 r.
401 2933 433 2968 m.
451 2900 583 2986 apannis.
619 2916 975 2986 vid.adcap.1.n0t.26.
1027 2915 1071 2981 tu)
1089 2925 1180 2969 ctom.
1198 2916 1229 2968 Α.
1265 2915 1325 2966 illex

312 3008 387 3074 copia
405 3004 467 3073 (sie)
488 3003 570 3068 idem,
589 3009 723 3073 copiosam
740 3004 792 3068 ba,
813 3009 932 3075 pinriaco
950 3003 1008 3054 Ver.

383 3091 412 3141 V.
427 3089 454 3156 1)
466 3095 564 3162 spiritu
576 3111 675 3161 qaoque
688 3092 738 3144 blb.
765 3093 793 3161 2)
807 3111 933 3163 sponsam
944 3092 976 3156 Α,
989 3075 1112 3160 ccctcs'ta,
1127 3092 1195 3160 quod
1212 3091 1324 3161 glossam

311 3182 386 3248 sapit,
405 3179 455 3231 llb.
500 3178 528 3242 3)
548 3189 588 3234 est
608 3197 656 3232 om.
675 3180 706 3233 Α.
751 3181 779 3244 4)
799 3185 880 3235 cubili
898 3181 937 3232 W.
980 3179 1008 3246 5)
1028 3182 1146 3248 Quisque
1163 3178 1204 3229 W.
1223 3177 1324 3230 blabcd.

313 3267 366 3319 Bab
385 3283 406 3320 c.
426 3267 483 3319 edd.
501 3267 673 3320 Erasmianam
695 3268 919 3332 antecedentibus,
948 3269 1008 3318 item
1028 3266 1173 3330 blorelliana
1196 3266 1325 3335 frequenti

314 3355 467 3407 confusione.
503 3355 532 3423 6)
551 3367 706 3426 acqreqotur
723 3355 753 3409 A.
790 3357 818 3424 7)
837 3364 994 3426 acprcpatur
1012 3353 1052 3406 blb
1072 3353 1139 3405 ets.
1172 3353 1238 3406 Dein
1255 3371 1325 3423 per-

313 3445 384 3496 venit
401 3441 438 3507 Α,
465 3447 549 3498 certet
566 3442 623 3508 ltb,
648 3448 758 3513 pertinet
785 3453 903 3513 quattuor
926 3442 980 3494 ltal.
1007 3445 1118 3511 itemque
1142 3442 1200 3494 edd.
1219 3449 1280 3494 vett.
1301 3459 1325 3494 c.

314 3555 402 3607 llemb.
422 3562 447 3606 et
464 3553 560 3608 Erasm.
597 3556 654 3609 llox
672 3524 784 3628 rctff'quc
800 3556 831 3624 (n
849 3555 881 3606 ab
900 3554 931 3606 al.
951 3573 983 3608 m.
1002 3557 1140 3626 superam.)
1158 3556 1216 3620 bib,
1242 3559 1325 3610 derc-

313 3647 390 3714 liquit
407 3643 453 3697 bb.
487 3645 517 3713 8)
536 3654 560 3698 ct
574 3651 706 3716 profanus
718 3644 765 3709 bb,
783 3648 935 3714 prophanus
950 3644 983 3694 W
1001 3654 1026 3696 et
1042 3644 1112 3696 blacd
1132 3661 1154 3696 c.
1173 3651 1234 3696 vett
1253 3642 1325 3706 edd„

313 3732 373 3782 item
399 3730 496 3783 Erasm.
524 3731 598 3785 Grau.
626 3741 701 3800 atque
727 3731 813 3784 belua.
851 3731 970 3784 Similiter
993 3733 1085 3784 Noster
1111 3731 1193 3800 Epist.
1212 3729 1261 3782 Lll.
1291 3729 1326 3781 ad

313 3817 482 3872 Antonianum
500 3837 524 3888 p.
544 3820 577 3872 68
595 3819 671 3872 infra:
698 3824 829 3890 Quisquis
847 3823 892 3873 cta
908 3823 1007 3889 fcerit,
1033 3823 1145 3873 inultum
1162 3821 1193 3872 cle
1210 3835 1241 3871 ac
1263 3820 1327 3872 licet

312 3913 417 3965 iactans
440 3918 465 3962 ct
488 3911 542 3962 ciba·
562 3909 709 3978 plurimam
733 3911 888 3972 vindicans,
914 3911 1041 3977 profanata
1067 3917 1123 3972 cst,
1150 3909 1256 3960 arcem
1273 3914 1326 3968 eet,

313 4001 384 4066 forte
401 3996 500 4065 (locatis
518 3994 613 4064 Neap.)
634 4002 681 4048 est.
727 3994 756 4063 9)
774 3999 844 4065 tarn,
864 3993 932 4064 quod
950 3993 1051 4048 additur
1068 3993 1162 4063 urigo,
1183 4001 1254 4046 recto
1272 4007 1324 4044 om.
