2882 4692
258 569 343 636 bonis
367 570 499 634 caeleste
521 568 700 650 praesidium
723 569 890 650 inplicantis
914 569 1014 633 mundi
1045 568 1160 650 laqueis
1189 569 1276 649 solvi,

257 685 285 746 in
309 683 405 746 lucem
429 681 643 744 inmortalitatis
667 688 808 743 aeternae
832 680 869 741 da
892 688 1013 744 terrena
1037 680 1122 744 faece
1138 684 1275 765 purgari!

257 792 413 873 Viderit⁴)
438 795 567 876 quaein
594 811 651 856 nos
680 795 763 873 prius
794 793 959 856 infestantis
990 794 1097 856 inimici
1128 796 1275 875 pernicies

257 909 399 972 insidiosa
431 914 566 991 grassata
597 907 642 968 sit.
688 906 756 969 Plus
785 923 885 968 amare
916 908 1118 987 compeliimur
1135 904 1162 983 5)
1194 909 1274 988 quod

257 1021 347 1084 lutari
371 1037 489 1096 sumus,
523 1017 591 1080 dum
614 1024 644 1080 et
666 1020 745 1091 scire
768 1017 943 1082 conceditur
966 1027 996 1082 ot
1024 1020 1163 1084 damnare
1194 1023 1274 1103 quod

256 1150 385 1196 eramus.
420 1133 483 1194 Neo
506 1132 542 1194 ad
566 1132 624 1195 boc
647 1131 750 1211 pretiis
774 1136 823 1192 aut
846 1131 954 1193 ambitu
966 1128 994 1208 ⁶)
1017 1141 1066 1195 aut
1089 1153 1175 1199 manu
1199 1154 1275 1217 opus

256 1254 312 1324 est,
336 1251 366 1308 ut
390 1246 517 1308 bominis
540 1263 652 1308 summa
677 1244 726 1306 vel
749 1242 885 1326 dignitas'
901 1244 949 1306 vel
971 1253 1104 1325 potestas
1123 1248 1274 1312 elaborata

256 1361 334 1423 mole
357 1359 503 1440 pariatur,
526 1359 580 1421 sed
603 1355 763 1439 gratuitum
786 1357 824 1419 de
848 1355 906 1420 deo
930 1376 1035 1422 munus
1058 1366 1087 1422 ct
1110 1359 1196 1424 lacile
1219 1369 1274 1424 est.

256 1473 292 1536 Ut
314 1479 422 1553 sponte
445 1470 491 1533 sol
514 1467 607 1531 radiat
625 1462 670 1545 ⁷),
702 1466 767 1529 dies
790 1467 928 1549 luminat,
961 1471 1029 1536 lons
1051 1474 1146 1556 rigat,
1179 1475 1274 1538 imber

256 1591 355 1662 rorat,
379 1585 418 1646 ita
440 1600 474 1644 se
497 1582 618 1662 spiritus
642 1579 781 1642 caelestis
805 1581 938 1646 infundit.
960 1563 1143 1668 'Postquam
1167 1596 1274 1651 aucto-

255 1713 318 1760 rem
342 1713 427 1760 suum
450 1693 562 1757 caelum
586 1694 703 1756 intuens
727 1694 821 1756 anima
838 1690 866 1771 ⁸)
897 1701 1057 1782 cognovit,
1091 1701 1157 1764 sole
1187 1701 1273 1764 altior

255 1815 285 1874 ct
308 1811 363 1876 bac
386 1809 465 1872 omni
491 1814 611 1870 terrena
642 1813 790 1888 potestate
819 1809 973 1874 sublimior
1003 1811 1032 1875 id
1063 1831 1132 1877 esse
1162 1814 1293 1908 incipit„

255 1923 334 2005 quod
358 1939 485 1986 essese
509 1920 612 1984 credit.

251 2145 334 2188 ama
346 2127 377 2179 Α.
414 2129 443 2186 ll
467 2129 555 2180 Victori
572 2126 595 2192 (t
614 2127 692 2190 erar.)
707 2125 757 2190 llb,
777 2129 867 2181 vidam
879 2125 926 2192 Bb,
946 2131 1092 2200 videritque
1104 2131 1156 2196 dd,
1174 2137 1270 2190 auen-

252 2216 337 2284 m„
350 2213 381 2265 Α,
419 2217 472 2280 Qut
491 2229 544 2282 pro·
558 2230 623 2282 quaa
634 2212 681 2265 dia.
713 2211 812 2265 Deinde
831 2215 1014 2269 maeaaaatttc.
1052 2218 1081 2281 5)
1100 2223 1272 2289 compellamur

252 2298 292 2352 W.
312 2299 379 2352 ttbd
415 2299 493 2352 Paulo
517 2308 574 2367 post
600 2303 742 2370 dampnare
767 2299 816 2351 llld.
843 2301 863 2353 Α
889 2310 914 2352 et
938 2302 979 2354 ed.
999 2303 1062 2356 Dav.
1111 2307 1139 2370 6)
1165 2311 1272 2362 acubitu

252 2387 313 2450 (cic)
334 2389 364 2438 Α.
397 2385 573 2440 Turdetanos
594 2385 751 2437 idemliber.
784 2385 831 2436 Pro
851 2391 918 2440 airola
929 2386 965 2438 Ba
983 2407 1073 2443 naono.
1106 2390 1194 2444 Statim
1213 2393 1271 2444 loco

251 2473 392 2538 particulae
411 2478 473 2538 aaa,
503 2475 573 2522 cuiue
592 2471 650 2522 loco
671 2473 694 2522 io
715 2470 755 2522 llb
774 2473 929 2539 conspicitur
948 2488 1048 2540 rasura,
1073 2478 1112 2530 W.
1132 2479 1213 2532 blacd.
1233 2478 1270 2530 Bb

251 2568 275 2611 οι
296 2560 317 2610 Α
342 2560 408 2612 male
432 2558 552 2610 exhibent
577 2567 608 2610 at.
646 2556 709 2606 Dein
735 2567 839 2624 pratum
863 2557 951 2608 scribit
976 2559 1013 2610 bla
1040 2570 1065 2613 ct
1089 2572 1147 2628 post
1172 2583 1270 2620 moetos

187 2657 190 2666 ·
249 2645 320 2698 adda
334 2655 384 2708 m,
404 2645 445 2694 ed.
459 2651 545 2693 autem
559 2639 620 2690 Dav.
636 2643 966 2710 inacritrclipioccmeote
980 2651 1138 2715 concipitur.
1177 2652 1205 2717 7)
1223 2657 1270 2704 ia·-

249 2735 336 2788 radiat
355 2731 403 2781 Md.
442 2729 509 2778 idem
535 2743 555 2777 c.
578 2723 612 2776 oa
637 2733 663 2776 et
683 2724 735 2790 bic,
764 2725 914 2795 quibuscum
939 2733 1083 2796 conspirant
1108 2735 1183 2786 etiam
1209 2737 1269 2788 odd.

249 2817 347 2870 Erasm.
368 2816 441 2866 Grau.
461 2813 552 2864 Manui.
573 2821 649 2881 atque
668 2812 779 2876 tumet,
806 2817 1031 2882 iliacilluminct,
1059 2835 1124 2887 quaa
1142 2822 1270 2876 vocabuit

249 2904 282 2956 ab
299 2907 329 2966 Α,
350 2904 409 2951 item
428 2900 460 2964 alp
480 2899 538 2952 edd.
552 2899 693 2968 Rigaltiaua
714 2909 740 2951 et
756 2901 838 2954 Oxon.
858 2901 958 2954 absunt.
997 2908 1068 2959 Fons
1087 2909 1181 2960 excidit
1199 2912 1224 2962 iu
1238 2912 1270 2975 ll,

250 2989 292 3040 ubi
312 2995 352 3038 eat
370 2990 476 3056 irripot.
513 2987 577 3038 Dein
597 2991 698 3042 irrorat
716 3005 738 3038 c.
753 2989 828 3041 codd.
844 2987 878 3040 lla
892 2998 918 3040 el
932 2994 952 3039 Α
965 2991 1086 3044 exhibant
1098 2995 1155 3046 edd.
1171 3013 1268 3063 omues,

250 3113 353 3163 inrorat
371 3109 410 3161 W.
431 3109 494 3161 blac.
515 3109 567 3175 bb,
592 3088 693 3164 maeret
711 3115 752 3176 (in
771 3111 802 3162 ab
820 3112 851 3163 al.
872 3129 903 3164 ru.
924 3117 1064 3180 superscr.)
1084 3113 1132 3167 bib.
1170 3117 1268 3187 liccepi

250 3195 328 3262 igitur
344 3203 421 3249 rorat
439 3193 568 3262 flagitante
583 3192 702 3262 Cypriani
721 3194 841 3264 loquendi
861 3212 921 3260 usu3
944 3198 1086 3252 delectatur
1101 3203 1167 3254 enim
1181 3213 1269 3256 auctor

249 3287 336 3332 noster
354 3295 510 3348 magnopere
530 3281 615 3333 verbis
634 3281 787 3348 simplicibus
812 3299 857 3350 pro
882 3287 1033 3351 compositis
1075 3287 1118 3352 ttd
1134 3305 1266 3358 perperam

249 3365 326 3418 babet
349 3371 453 3438 irripat.
491 3367 601 3418 Verbum
627 3373 744 3437 inscendit
768 3372 792 3421 in
814 3371 851 3421 blc
870 3387 890 3423 r.
910 3387 941 3428 m.
962 3373 992 3424 acl
1013 3389 1060 3442 mg.
1082 3376 1192 3440 adierit,
1220 3382 1265 3430 in-

248 3456 341 3521 fundat
359 3454 447 3505 scribta
465 3453 493 3506 Α.
542 3456 569 3516 8)
595 3475 669 3510 nram
693 3471 738 3524 pro
765 3451 853 3512 anima
873 3459 915 3508 dat
934 3460 970 3523 Α,
999 3465 1103 3530 apmitta
1122 3460 1168 3514 Bb.
1206 3463 1266 3515 Tum

248 3544 323 3594 vineit
340 3558 353 3591 a
373 3557 404 3595 m.
425 3557 462 3607 pr.
482 3544 602 3610 scriptum
621 3543 705 3594 luerat
724 3547 748 3595 in
770 3543 817 3595 lib.
855 3549 917 3599 solo
937 3561 983 3613 pro
1002 3553 1058 3601 acle
1077 3549 1170 3617 legitur
1187 3552 1212 3602 in
1227 3551 1265 3602 W.

249 3625 296 3678 tta.
313 3625 347 3678 tta
367 3635 392 3678 ot
411 3629 437 3680 in
456 3629 513 3681 edd.
529 3629 620 3698 Rigalt.
635 3628 726 3694 Odon,
747 3634 807 3682 item
827 3634 850 3682 in
870 3648 918 3701 mg.
932 3632 1080 3687 Gravianac.
1118 3637 1265 3690 correctum

149 3712 171 3736 '·
248 3719 332 3766 tamen
351 3718 409 3768 eolo
427 3717 451 3766 in
472 3731 521 3784 mg.
541 3715 597 3768 libri
612 3715 650 3766 W.
687 3717 752 3768 llcin
771 3721 852 3773 altior
869 3729 910 3774 cat
928 3737 959 3774 ac
978 3725 1048 3775 omni
1068 3721 1189 3775 exhibent
1207 3725 1265 3776 edd.

249 3806 311 3849 vett.
333 3814 380 3852 una
400 3815 456 3852 cnm
476 3800 574 3853 liccem.
594 3810 620 3853 et
639 3802 714 3854 Grau.
754 3809 793 3858 Ac
811 3820 858 3873 pro
876 3815 925 3860 tae
944 3805 1069 3875 reperitur'
1086 3811 1162 3862 ctiam
1182 3812 1205 3862 in
1219 3809 1264 3874 Ba,

248 3885 274 3934 in
286 3884 327 3936 llb
346 3886 392 3938 luit
410 3892 450 3953 al,
471 3887 537 3954 quod
558 3903 571 3939 a
591 3903 656 3940 corr.
677 3907 709 3942 m.
729 3891 840 3944 deletum
860 3901 906 3944 eat.
944 3892 1004 3946 Tum
1021 3905 1147 3964 potcatate
1162 3907 1265 3952 terrena

249 3970 336 4022 scribit
354 3969 401 4023 Bb.
