2858 4688
755 351 817 420 tte

279 516 428 584 existimet
460 523 510 580 eut
544 513 638 580 inisse
673 511 824 578 inrtuiturn
858 487 965 594 putet.
994 529 1060 576 cum
1093 509 1149 575 iem
1180 509 1298 592 pridem

278 633 425 714 scriptura
448 629 545 694 divine
568 629 702 712 posuerit
726 633 756 690 et
778 627 887 692 dixerit
903 622 945 705 ⁶):
969 624 1046 688 utut
1068 626 1240 688 vindictum
1258 618 1297 701 ¹),

279 765 336 827 eqo
357 745 538 822 retribuum,
562 743 641 806 dicit
663 742 828 816 domiuum
852 747 882 803 et
903 741 1015 818 iterum
1031 738 1151 820 spiritus
1175 743 1297 801 sanctus

278 863 472 941 praemoneat
494 863 524 920 et
546 856 624 920 dicet
638 850 685 934 8);
721 855 766 920 Ne
798 855 922 918 diceris
938 849 984 930 ⁹):
1020 852 1163 916 Ulcieccr
1191 871 1238 914 me
1254 846 1296 926 ¹⁰)

279 972 318 1034 de
340 971 467 1034 inimico
490 989 568 1045 mee,
591 969 648 1032 red
670 976 820 1048 ccrpeetu
843 968 1010 1044 dominum,
1034 972 1069 1028 ut
1091 965 1146 1028 tibi
1170 965 1296 1028 uuuiliu

278 1085 328 1148 eit.
373 1082 458 1146 Unde
489 1083 601 1146 clerum
630 1088 677 1144 est
707 1087 797 1162 etque
827 1079 1032 1159 menifestum,
1063 1079 1136 1159 -quie
1158 1095 1218 1140 non
1242 1095 1298 1158 per

279 1214 353 1276 nos,
382 1196 443 1281 sed¹
459 1214 513 1279 pro
537 1197 623 1260 nubis
646 1195 783 1260 accidunt
805 1202 912 1260 cuncte
935 1195 990 1258 iste
1013 1210 1090 1275 quee
1113 1190 1151 1254 de
1175 1189 1223 1252 dei
1245 1192 1297 1252 in-

279 1310 452 1394 dignatione
472 1307 509 1388 ¹¹)
534 1308 728 1374 descendunt.
789 1349 795 1358 -

758 1505 817 1576 XV.

365 1647 430 1710 Nec
453 1646 523 1709 ideo
546 1647 613 1726 quis
635 1651 719 1726 putet
742 1644 926 1718 Christianos
943 1644 965 1722 ¹)
990 1647 1035 1708 his
1059 1664 1136 1726 quee
1160 1646 1298 1711 ucuidunt

281 1777 340 1825 non
372 1759 515 1823 vindicari
545 1758 624 1840 quud
656 1767 687 1822 et
713 1759 770 1841 ipsi
793 1759 951 1822 videantur
972 1759 1169 1826 accidentium
1191 1762 1298 1824 incur·

280 1877 366 1938 sione
389 1867 559 1956 perstringi.
605 1873 731 1936 Puenum
762 1872 800 1948 de
830 1872 965 1938 adversis
996 1872 1103 1960 mundi
1125 1875 1177 1938 iile
1207 1875 1298 1936 sentit

281 1991 327 2052 eui
351 1994 380 2051 et
392 1986 419 2064 ¹)
444 1987 553 2050 laetitia
576 1993 609 2068 et·
624 1987 721 2069 glorie
738 1986 835 2050 omnis
851 1988 881 2049 in
896 1986 1008 2060 ,mundo
1025 1993 1078 2050 eet.
1118 1986 1169 2050 llte
1185 1995 1301 2050 maeret

282 2147 489 2158 -u—-n-——--

350 2237 380 2303 6)
399 2234 472 2286 Rom.
495 2235 540 2299 12,
564 2236 603 2284 19.
650 2237 678 2300 7)
705 2237 769 2288 Mitti
786 2237 902 2288 vindicte
921 2233 952 2283 W
971 2242 996 2286 et
1016 2233 1062 2285 nte.
1100 2233 1227 2286 Convenit
1251 2233 1300 2288 buc

282 2341 337 2376 curn
357 2323 454 2374 Graeco
473 2319 526 2385 ἐμοὶ
544 2319 663 2384 ἐκδίκησις.
701 2321 751 2372 Sed
778 2323 843 2374 mibi
868 2323 1010 2374 virtututum
1035 2322 1160 2388 reperitur
1178 2323 1254 2373 etiem
1275 2323 1299 2371 in

281 2411 349 2462 Test.
363 2409 404 2460 111.
421 2409 477 2459 106.
498 2426 522 2476 p.
539 2409 589 2460 328
609 2416 634 2458 et
653 2425 692 2474 ep.
707 2412 863 2462 Pertulttan.
884 2407 941 2458 udv.
961 2407 1079 2459 Marcion.
1094 2407 1135 2457 tv,
1152 2407 1191 2458 16ι
1211 2408 1242 2459 V.
1257 2410 1299 2461 11.

281 2499 426 2563 ibidemque
445 2494 474 2546 il.
496 2495 535 2546 18.
555 2495 648 2562 iegitur
672 2498 737 2546 mibi
760 2498 901 2563 defensum.
939 2492 1012 2545 Coni.
1033 2496 1161 2547 Subutier.
1182 2495 1213 2546 ud
1233 2493 1301 2546 bunc
1414 2493 1415 2518 ¹

280 2583 305 2634 b.
331 2580 438 2648 epuetoii
464 2580 546 2630 lucum
574 2578 808 2630 celebratissimum.
851 2576 924 2639 Quod
951 2571 1115 2647 subsequitur
1136 2598 1183 2650 eye
1209 2583 1233 2632 in
1260 2580 1300 2631 tte

280 2685 301 2719 r.
321 2684 354 2718 m.
374 2667 568 2733 superscripsit,
596 2677 620 2718 et
644 2683 689 2734 eyn
715 2665 808 2716 hubent
829 2664 916 2716 utun
943 2672 968 2715 et
994 2665 1035 2716 ed.
1055 2667 1129 2718 Gruv.
1166 2666 1254 2718 Itidem
1275 2669 1301 2718 iu

281 2770 383 2822 Tectim.
410 2770 456 2822 Mc.
502 2770 531 2836 8)
555 2745 705 2840 praemonet
730 2780 754 2823 et
780 2773 851 2822 dicut
876 2768 969 2836 (primo
997 2755 1075 2836 ilicet]
1102 2787 1115 2820 a
1142 2787 1161 2821 r.
1189 2788 1221 2823 m.
1249 2771 1318 2823 bib.-

282 2856 336 2907 vu.
356 2855 430 2908 nov.
450 2855 493 2922 20,
513 2857 554 2908 22.
582 2856 626 2916 e)
645 2859 682 2910 nu
700 2861 775 2910 urea,
795 2855 844 2908 un.
889 2856 935 2922 10)
955 2873 995 2908 me
1014 2873 1033 2907 r.
1054 2873 1087 2906 m.
1105 2874 1181 2924 ,upra
1200 2858 1302 2910 aunum
1414 2845 1415 2850 ’

282 2948 305 2994 in
326 2944 374 2996 Mb.
410 2944 472 2998 'ium
491 2947 521 2998 rte
539 2947 658 2996 irrinu'cin
677 2947 743 2998 meir
763 2943 802 2993 bib
822 2944 846 2993 iu
866 2941 932 2994 Teut.
954 2941 970 2993 Ι.
990 2960 1012 2994 c.
1049 2941 1106 3008 Pro,
1122 2955 1250 3014 exspecta
1275 2947 1300 2996 in
1410 2972 1413 2993 t

281 3030 349 3084 Teet.
368 3032 460 3101 legitur
478 3034 590 3084 sustine.
628 3035 712 3084 Deum
732 3029 851 3080 exhibent
868 3028 905 3079 Bb
926 3038 951 3080 et
970 3028 1000 3080 Α.
1038 3029 1080 3080 Sic
1099 3033 1175 3082 etiem
1194 3033 1218 3083 in
1232 3030 1301 3084 Test.

282 3117 312 3167 W
332 3125 357 3169 et
376 3117 424 3168 Mb.
462 3115 523 3168 Tum
549 3120 577 3169 iu
602 3120 707 3170 artaeitin
733 3114 788 3180 Bh,
816 3120 967 3170 auxilietur
991 3115 1040 3168 ntb.
1083 3117 1129 3184 11)
1151 3121 1182 3172 de
1201 3120 1300 3188 dicetu—
1321 3149 1324 3158 ·

282 3207 350 3258 tione
368 3203 428 3268 (sic)
448 3203 486 3268 A,
505 3207 655 3273 diurnatione
673 3204 731 3253 item
752 3203 791 3254 Mb
812 3211 838 3254 et
856 3203 899 3254 Bu.

249 3369 251 3376 .
351 3306 404 3359 XV.
441 3308 467 3372 1)
488 3311 652 3362 Obriett'auic
672 3307 703 3357 W
723 3315 749 3358 et
767 3307 814 3374 Me.
850 3308 929 3362 Recte
952 3313 997 3363 bie
1017 3309 1055 3360 W.
1078 3308 1167 3362 iiebcd
1191 3318 1218 3361 et
1236 3307 1300 3373 unu,

281 3397 334 3450 tiu
353 3394 385 3460 Α,
404 3397 434 3450 de
451 3399 505 3450 tiu
525 3395 566 3445 ed.
586 3393 660 3458 Dan,
681 3398 709 3448 ἐπ
727 3398 771 3448 bie
789 3394 860 3448 Vere.
883 3395 920 3460 i.‚
938 3402 967 3448 in
986 3396 1057 3462 (min.
1077 3396 1121 3446 titt.
1141 3396 1244 3462 script.)
1262 3398 1300 3448 iic

282 3481 368 3546 Gran,
387 3486 423 3535 iic
443 3482 501 3532 edd.
519 3481 575 3532 reli.
612 3479 668 3532 Vid.
688 3483 720 3532 ed
740 3497 796 3549 cup.
815 3481 867 3534 xli.
888 3491 939 3535 net.
956 3485 980 3535 t.
1017 3481 1079 3534 Tum
1097 3487 1142 3552 qui
1163 3480 1203 3533 tte
1222 3489 1299 3534 vete-

282 3583 374 3636 resque
396 3567 452 3619 edd.
478 3575 503 3618 et
522 3566 635 3632 erasm..
663 3573 788 3624 accedunt
812 3586 849 3637 pr.
875 3569 931 3634 Mb,
960 3572 1061 3639 quande
1087 3584 1134 3637 pru
1161 3571 1229 3638 quod
1253 3565 1299 3620 Bb.

282 3654 339 3704 Mox
363 3657 519 3708 incursione
543 3655 617 3704 codd.
638 3671 725 3708 ornnes
751 3665 775 3708 et
800 3656 857 3708 edd.
878 3645 1047 3708 Manutienutu
1070 3657 1256 3708 antecedentes
1278 3649 1300 3708 c}

262 3812 265 3816 γ
282 3739 390 3805 110τεί1,
408 3744 590 3795 incursatione
604 3743 696 3794 Manet.
716 3742 810 3796 Pumet.
830 3741 922 3810 Rigalt.
943 3741 1024 3795 Onon.
1063 3741 1174 3794 Tandem
1195 3741 1300 3792 eitcren
1413 3775 1414 3780 =

282 3824 417 3906 lectionem
435 3827 543 3877 restitnit
562 3827 685 3882 Betucius.
732 3831 760 3893 2)
781 3839 804 3884 et
822 3844 871 3882 om.
893 3827 933 3880 ttb
953 3838 978 3882 et
998 3827 1043 3883 Bb.
1081 3827 1131 3881 Pru
1156 3839 1180 3883 et
1201 3831 1302 3882 taetitia

284 3915 364 3978 primo
382 3914 500 3981 scriptum
520 3913 567 3966 fuit
586 3921 709 3972 caelestia
727 3917 751 3968 in
771 3916 818 3968 Mc.
