2880 4696
719 429 765 496 to

237 610 294 656 nec
325 589 468 656 derelicto
497 587 564 653 cibo
588 595 618 652 et
639 589 748 672 poculo
770 588 882 654 domini
903 589 940 653 nd
962 587 1087 674 prolana
1109 589 1247 672 contegis

237 707 343 786 sponte
359 702 586 786 properavimus
595 722 605 778 ;
628 701 755 784 perdidit
769 719 825 766 nos
842 701 938 766 alienu
953 701 1084 784 perfidio,
1106 709 1246 786 parentes

237 819 385 884 sensimus
408 817 586 900 parricidam
609 817 648 880 illi
670 817 756 882 nobis
778 816 941 882 Ecclesiam
963 825 1102 897 matrem,
1124 817 1167 880 illi
1188 835 1247 900 pn-

237 938 313 994 trem
336 930 422 992 deum
434 927 462 1008 ⁶)
484 936 688 1014 negaverunt,
718 935 766 1008 ut,
794 928 863 992 dum
892 932 976 1012 perui
999 936 1028 993 et
1049 929 1197 1012 inprovidi
1219 935 1249 992 et

213 1046 312 1108 stanti
342 1043 483 1107 iocinoris
510 1043 606 1126 ignari
636 1059 691 1124 per
721 1042 795 1106 nlics
824 1041 861 1104 ud
892 1044 1074 1108 consortium
1095 1043 1248 1106 criminum

240 1158 389 1242 iungimur
402 1150 439 1236 ⁷),
461 1155 556 1218 aliena
580 1153 686 1218 fronde
709 1148 947 1236 cuperemurb‘l

701 1324 790 1392 Vlll.

325 1461 388 1524 Nec
407 1459 430 1540 ¹)
455 1467 516 1541 est,
539 1479 594 1543 pro
618 1459 722 1523 dolorl
754 1460 829 1522 iustu
852 1460 949 1542 ulique
973 1467 1003 1522 et
1023 1463 1126 1544 grauis
1150 1479 1249 1543 ccusc,

239 1594 316 1657 quoe
337 1582 449 1638 tontunn
472 1573 586 1638 lucinus
610 1580 744 1636 excuset.
789 1573 993 1656 Relinquenda
1015 1581 1079 1638 erat
1100 1576 1194 1658 putria
1222 1583 1250 1638 et

239 1689 406 1773 patrimonii
423 1685 450 1764 2)
487 1684 622 1748 iaciendo
659 1660 778 1748 ineturc.
835 1685 888 1748 Cui
921 1687 998 1748 enim
1028 1703 1089 1749 uon
1118 1691 1252 1754 nascenti

200 1824 226 1866 ro
241 1810 329 1884 utque
352 1801 489 1865 morienti
508 1799 701 1881 relinquendo
718 1798 895 1882 quandoque
916 1801 1009 1881 pntrin
1033 1807 1063 1862 et
1084 1803 1250 1884 patrimonii
1301 1805 1303 1811 ’

239 1917 285 1980 sui
315 1914 448 1978 iacienda
477 1915 587 1976 iactura
617 1922 662 1976 est
679 1910 731 1990 ³)?
776 1913 909 1976 Christus
923 1911 950 1990 ⁴)
974 1933 1034 1977 non
1058 1915 1251 1998 relinquntur,

236 2087 290 2140 seq.
308 2072 461 2138 irrepserunt
484 2067 525 2120 illc
543 2068 638 2120 verbo:
667 2071 718 2124 Cni
738 2072 807 2122 enirn
831 2087 884 2124 non
908 2075 1028 2126 cucurti
1047 2097 1077 2108 -
1100 2101 1130 2110 -
1153 2101 1184 2110 -
1202 2077 1249 2142 fn-

237 2161 327 2212 cicndc
350 2162 454 2212 iactura
476 2157 544 2210 cett
561 2161 677 2226 fecimus
702 2155 741 2207 his
765 2159 894 2225 expunctis
918 2174 971 2211 rec.
997 2160 1045 2210 istc
1070 2175 1157 2212 monus
1183 2175 1251 2212 suec.

237 2243 299 2298 xm.
324 2245 506 2312 superscripsit.
532 2277 564 2286 -
588 2241 637 2295 Pro
664 2247 733 2297 nibil
759 2248 823 2298 moli
847 2248 978 2316 fecimus,
1009 2245 1077 2316 quod
1105 2247 1182 2296 tacite
1209 2247 1251 2296 iu-

238 2333 307 2384 vexit
318 2329 444 2397 Boionius,
463 2340 490 2383 et
501 2331 575 2383 codd.
590 2339 615 2382 et
628 2339 730 2384 ceterae
743 2332 802 2384 edd.
814 2347 903 2386 omues
915 2332 1034 2385 exhibent
1046 2336 1113 2386 ntttt
1127 2336 1250 2403 fecimus.

238 2419 300 2471 Vcc.
320 2423 376 2474 cibo
403 2435 435 2470 er
458 2435 523 2472 corr.
541 2421 585 2472 int.
604 2435 629 2470 v.
648 2417 725 2470 habet
743 2418 781 2470 W.
818 2418 880 2472 'lum
904 2425 1001 2490 poculo
1028 2425 1069 2475 ilci
1088 2419 1131 2472 Md
1150 2429 1175 2470 st
1191 2419 1251 2470 libri

238 2515 297 2559 onte
315 2505 406 2560 Mouet.
426 2509 492 2576 typis
510 2507 629 2573 exscripti
647 2522 668 2558 c.
681 2505 777 2558 Morell.
814 2507 843 2576 6)
862 2511 938 2562 deum
956 2523 1005 2561 cnr.
1018 2509 1049 2560 Α.
1084 2508 1112 2573 7)
1126 2511 1252 2578 capimur

365 2612 530 2648 moreremur
549 2595 580 2648 nl.

240 2664 270 2720 Α.
311 2665 341 2732 8)
364 2681 519 2734 caperemur
536 2664 589 2730 tte,
617 2682 779 2718 moreremur
802 2663 842 2715 illd
871 2674 897 2716 et
923 2663 1038 2734 plerique
1056 2663 1114 2716 libri
1133 2681 1148 2717 u
1166 2661 1252 2716 Bolus.

131 2795 133 2802 t
240 2753 355 2816 excussi,
389 2751 497 2819 quinque
524 2753 610 2804 atiena
637 2761 719 2804 morte
752 2769 924 2805 moreremur.
970 2755 1130 2822 caperemur
1152 2761 1254 2804 tuentur

239 2841 316 2890 etiarn
334 2853 379 2890 sex
396 2837 453 2889 libri
469 2846 531 2891 vett.
549 2837 633 2891 Boluz.
653 2846 679 2888 et
697 2837 723 2890 S.
743 2838 904 2906 Augustinus.

310 2923 373 2976 v111.
403 2926 430 2989 1)
451 2927 503 2977 Hoc
522 2923 563 2976 ltu
583 2933 608 2976 ct
626 2925 656 2977 A.
700 2923 761 2976 lum
784 2945 835 2995 pro
861 2928 936 2979 dolor
954 2925 994 2979 W.
1013 2925 1096 2978 Mubd.
1116 2925 1153 2978 Bb
1172 2935 1199 2979 et
1215 2945 1253 2996 pr.

239 3047 289 3114 llic,
309 3050 334 3100 in
352 3063 402 3118 quo
420 3064 438 3099 r.
452 3063 484 3099 m.
497 3049 595 3116 scripsit
611 3019 694 3118 μνοὴς
713 3051 779 3117 prot
797 3051 875 3102 dolor
895 3047 964 3114 edd„
983 3050 1048 3116 quae
1066 3048 1159 3102 Manut.
1178 3059 1253 3103 nute-

239 3144 371 3188 cesserunt
394 3133 515 3202 (exceptu
539 3133 674 3206 Deventr.)
699 3143 725 3188 et
743 3133 828 3186 Buluz.
849 3153 870 3187 c.
891 3135 979 3188 Goldh.
1017 3135 1054 3188 Cf.
1074 3136 1107 3189 cd
1132 3135 1192 3206 Cup.
1212 3139 1253 3190 vl.

238 3242 263 3278 n.
283 3226 306 3278 l.
335 3227 417 3294 procli
435 3226 459 3277 nt.
476 3221 499 3274 Α
518 3231 544 3275 ct
562 3223 602 3276 ed.
620 3222 756 3288 Derecto,
780 3241 830 3293 pro
848 3227 938 3277 dolore
958 3222 1003 3276 Ba.
1039 3224 1097 3276 llcx
1124 3236 1254 3296 quantum

238 3315 348 3384 focinus
360 3311 393 3364 id.
406 3311 448 3365 lib.
485 3311 514 3380 2)
524 3317 678 3384 pauimenti
688 3316 735 3367 eoi
747 3311 796 3376 liic,
815 3319 866 3362 tum
878 3315 993 3381 faciendi
1006 3313 1028 3363 Α
1042 3329 1064 3364 c.
1078 3312 1119 3365 ed.
1132 3311 1254 3366 Davcntr.

239 3399 301 3470 Post
327 3402 431 3453 iactura
455 3401 479 3451 iu
503 3399 544 3450 Mb
570 3417 607 3468 pr.
634 3417 666 3452 m.
693 3399 757 3450 mulo
784 3400 889 3451 inseruit
912 3414 944 3450 ex
967 3415 1022 3468 cop.
1046 3400 1166 3467 praeced.
1190 3399 1254 3452 hoec

241 3487 332 3538 verbo:
352 3492 491 3542 consecuti.
528 3491 618 3542 Nonne
634 3492 675 3552 uu
692 3517 726 3526 —
744 3516 830 3543 -.-
848 3490 948 3542 dicent:
975 3490 1030 3542 Noc
1048 3490 1115 3548 nisit
1130 3491 1251 3556 fecimus.

242 3570 356 3626 Correxit
373 3575 455 3626 tumc'n
474 3590 494 3626 r.
508 3591 540 3626 rn.
576 3573 605 3643 3)
624 3573 686 3627 lnA
705 3575 877 3627 desiderentur
894 3573 990 3626 verba:
1012 3576 1064 3628 Cui
1082 3576 1155 3628 enim
1169 3606 1201 3616 -
1221 3601 1252 3612 -

244 3687 274 3698 -
294 3665 445 3732 quandoqn-c
461 3667 557 3732 putria.
588 3660 677 3714 'lotum
697 3663 763 3714 hunc
780 3661 872 3727 locum,
892 3677 906 3713 n
926 3678 958 3712 m,
974 3676 1013 3730 pr.
1027 3662 1156 3725 omissum,
1175 3675 1253 3714 erce.

174 3811 178 3822 ἱ
240 3747 265 3799 in
285 3765 333 3817 mg.
353 3749 491 3802 hubetltlc.
525 3747 616 3802 Cetera
635 3752 701 3820 quod
720 3753 819 3816 attinet,
839 3750 909 3802 auu
928 3749 1001 3802 abest
1019 3751 1095 3802 mim.
1126 3745 1253 3814 Deinceps

244 3834 302 3887 Ver.
316 3835 371 3888 Vct.
384 3852 481 3902 omues,
493 3836 533 3890 W.
545 3837 600 3889 llnb
612 3847 637 3889 et
649 3837 702 3889 Bab
717 3837 836 3889 exhibent
848 3855 900 3891 scon
912 3839 1036 3890 irascenti
1048 3845 1123 3906 atquc
1134 3835 1256 3888 morienti

242 3926 420 3992 relinquendo,
427 3923 468 3975 ltld
479 3932 504 3975 et
515 3925 576 3976 editi
586 3925 644 3976 libri
653 3943 705 3978 non
715 3933 773 3994 poet
782 3929 904 3980 morienti
911 3922 1056 3992 ponunt‚W.
1065 3919 1104 3974 Mu
1112 3919 1179 3972 etBn
1189 3921 1254 3972 scri·

242 4007 480 4084 bnntrettnqocnta
488 4023 557 4080 erot3
568 4021 625 4086 post
634 4017 737 4072 iactura
746 4021 830 4070 sutem
837 4012 876 4064 lla
886 4020 911 4067 et
920 4011 956 4067 Bu
967 4013 1083 4066 omittunt
1092 4019 1140 4077 cet,
1150 4008 1217 4083 quod
1228 4009 1254 4062 in
