2904 4692
654 419 695 484 tt

162 577 360 640 attonitiorn
377 577 441 655 dci,
464 586 494 640 ot
508 579 587 640 boto
602 580 707 642 omnio
723 579 922 658 adponentur
937 578 1037 644 nobis.
1078 581 1181 659 Quoc-

162 691 293 754 rentibus
318 709 445 787 regnuru
469 697 499 754 et
521 692 662 756 iustitium
684 689 792 774 dciii)
824 694 920 756 omnio
947 694 1094 776 promittit
1124 695 1182 758 ud-

163 805 241 884 poni
287 804 360 866 Num
384 823 449 868 curn
473 803 520 866 dei
543 806 602 868 sint
622 803 660 882 ¹³)
692 807 807 886 omniu,
842 807 961 870 heberiti
991 807 1077 870 deum
1111 809 1182 873 nitit

164 917 276 992 deerit,
308 918 333 980 si
357 919 415 982 deo
438 918 503 1001 ipso
526 939 586 983 non
609 921 694 984 desit.
720 901 798 1014 'Sic'
815 922 928 986 Danieli
949 919 985 992 ¹⁴)
1011 923 1040 984 in
1064 921 1182 987 ieonum

164 1030 229 1094 tutu
252 1030 336 1097 iussu
360 1033 443 1114 regis
466 1034 580 1097 inoluso
604 1031 760 1115 prandium
784 1036 921 1100 divinitus
950 1044 1127 1118 procuretur
1153 1045 1183 1099 ct

164 1146 240 1208 inter
270 1146 350 1209 ierus
381 1149 550 1210 esurientes
585 1155 615 1208 et
649 1157 808 1230 paroentes
839 1150 927 1212 bomo
960 1150 1008 1228 dei
1042 1149 1181 1234 poscitur.
1237 1195 1242 1205 .

165 1258 214 1323 Sic
237 1259 324 1322 ulitur
342 1257 382 1336 ¹⁵)
404 1260 505 1322 Helius
528 1261 558 1322 in
583 1262 652 1344 iugo
676 1268 706 1323 et
726 1263 755 1324 in
780 1263 941 1326 solitudine
965 1265 1065 1327 corvis
1093 1265 1182 1342 ruini·

167 1367 339 1452 tseanruns
363 1379 392 1434 er
416 1373 585 1437 innotus
608 1375 704 1437 crtum
728 1377 784 1438 snt
807 1377 1031 1457 asportantibus
1055 1376 1084 1437 n
1108 1352 1232 1458 per-21}

164 1487 319 1556 secutione
343 1487 486 1564 nutritur,
513 1493 601 1568 utque
625 1485 674 1571 (o
688 1489 834 1552 mnatre
856 1489 985 1553 notitiae
1009 1489 1182 1552 detestando

165 1596 364 1682 crudeliturt)
388 1598 472 1662 feroc
495 1607 635 1681 percunt,
660 1595 732 1665 ures
755 1611 897 1684 poscunt,
921 1608 951 1666 et
972 1601 1109 1668 homines
1131 1602 1182 1664 in·

165 1701 310 1776 sidiunbrr
333 1720 363 1777 ct
385 1712 531 1776 saeviunt.

621 1912 712 2010 ¹nor.

254 2049 322 2110 Post
347 2049 419 2110 baec
443 2057 472 2111 et
492 2049 513 2121 Ι)
537 2068 592 2131 pro
616 2050 747 2129 percotis
771 2049 880 2112 nostris
911 2050 1106 2132 deprecamur
1134 2053 1183 2116 di-

167 2168 287 2226 ceutes:
321 2163 361 2226 Et
377 2159 403 2238 ²)
429 2165 547 2226 dimitto
570 2164 662 2228 nobtr
683 2164 787 2228 debito
809 2173 936 2242 nostro,
967 2167 1051 2230 sicut
1072 2175 1103 2228 ot
1124 2187 1184 2232 noo

166 2351 278 2404 lectione
295 2369 405 2422 roonurn
423 2354 465 2404 stoi
482 2361 506 2404 et
518 2355 656 2406 incutiam
674 2355 734 2404 oiur
759 2352 847 2418 recepi
871 2369 983 2422 roynrttn
1008 2363 1032 2406 et
1054 2357 1185 2408 iustitium

166 2439 286 2504 (iustitio
305 2439 325 2489 G
343 2447 369 2488 ot
388 2438 435 2502 Bc)
455 2442 496 2492 dei
515 2455 547 2489 ex
565 2438 639 2490 codd.
658 2437 686 2490 C.
706 2437 745 2488 W.
766 2436 872 2490 biubcde
893 2448 918 2490 et
937 2437 1014 2502 Bubo,
1035 2438 1185 2507 quibuscum
1240 2469 1247 2476 ,

167 2525 263 2576 fuciunt
281 2527 358 2578 etium
376 2533 437 2576 vett.
458 2524 550 2576 eddo
578 2523 674 2577 Ernsm.
695 2523 769 2578 Gruv.
787 2524 972 2593 utquebiorelt.
1011 2525 1055 2589 12)
1075 2528 1116 2578 dei
1135 2541 1187 2578 orn,

168 2610 217 2676 ea,
236 2615 334 2666 donnini
352 2612 441 2662 scribit
461 2609 505 2662 Bb.
554 2612 594 2676 13)
614 2616 669 2665 rint
687 2616 729 2666 dei
747 2610 777 2661 W
797 2619 823 2662 et
843 2609 895 2662 ttat
911 2619 1065 2680 veteresque
1084 2611 1140 2662 edd.
1162 2627 1185 2663 c.

167 2697 274 2762 Erucio„
292 2701 347 2752 rint
366 2701 406 2752 dei
423 2715 454 2752 oo
473 2702 560 2751 omorio
579 2696 621 2749 Bo.
659 2697 775 2750 Proxime
794 2702 927 2753 dominum
947 2697 974 2750 C.
994 2697 1042 2749 Bb.
1062 2697 1106 2764 tlt,
1126 2699 1185 2750 item

168 2785 225 2836 edd.
245 2793 306 2836 vott.
327 2802 347 2836 c.
367 2783 464 2836 Erum.
485 2793 510 2834 et
525 2783 621 2836 bioreii.
657 2783 720 2836 'ium
739 2789 830 2850 door-it,
848 2789 904 2838 nisi
922 2789 1024 2839 domino
1043 2784 1109 2851 (iton
1126 2793 1185 2852 post

166 2897 224 2961 ipso
243 2890 408 2956 deietotbb.
454 2892 497 2951 11)
517 2893 612 2943 θανιίοἱ
630 2889 716 2940 Maedi
732 2905 755 2939 c.
776 2887 845 2950 tto,
866 2892 979 2942 Borribot
997 2887 1042 2950 W,
1062 2853 1185 2942 ttoniboti

168 2978 217 3030 bib.
248 2979 335 3032 Statim
354 2983 382 3032 in
400 2981 504 3030 ieonum
522 2974 652 3028 tocurnW
668 2971 751 3038 etBu,
771 2978 799 3026 in
818 2977 907 3026 lucum
926 2976 1029 3026 lectrum
1043 2972 1083 3023 bib
1101 2973 1184 3025 etssb.
1298 3013 1300 3023 .

169 3063 233 3115 Dein
253 3068 383 3118 diuinitus
403 3071 550 3132 opponatur
567 3061 626 3111 Ver.
666 3059 721 3111 ttox
745 3070 883 3128 percontor
908 3074 954 3125 pro
979 3068 1115 3127 percontor
1136 3059 1185 3124 bib,
1217 3120 1220 3135 λ

166 3173 301 3238 ruoientes
321 3165 366 3216 Bb.
405 3165 451 3233 15)
470 3165 549 3216 Deest
567 3169 650 3218 utitur
669 3166 694 3216 in
714 3163 758 3215 Bb.
796 3161 857 3214 Tum
877 3173 901 3216 ot
919 3166 1012 3216 Hetiar
1028 3161 1097 3227 Ver,
1116 3139 1185 3218 ittae

168 3253 231 3322 (sict
250 3253 295 3304 Bb.
334 3251 399 3302 Dein
419 3262 442 3304 ot
461 3254 605 3305 solitudine
623 3251 744 3302 exhibent
763 3249 789 3302 G.
804 3249 844 3300 W.
860 3249 950 3302 Mbcdo
969 3258 995 3300 ct
1008 3249 1050 3300 oc.
1090 3249 1185 3302 biuioro

168 3339 374 3406 interpunctione
395 3346 452 3387 nuto
472 3346 546 3406 utque
564 3335 661 3388 sublato
681 3352 777 3388 comnrn
797 3337 872 3404 posui
891 3337 1027 3402 sequentior
1044 3336 1184 3404 parenthe-

168 3423 238 3476 sibus
256 3422 395 3474 includens.
433 3421 506 3474 Coui.
533 3422 564 3474 ud
589 3423 679 3475 librum
703 3424 735 3475 ed
754 3423 846 3476 Donot.
866 3437 921 3490 cup.
940 3421 981 3472 xl.
1008 3433 1060 3476 oct.
1080 3423 1095 3474 3
1115 3432 1141 3475 et
1160 3423 1184 3476 5.

66 3499 69 3508 ’
169 3511 407 3574 interiectionerno
426 3511 499 3561 codd.
515 3511 554 3562 bib
575 3519 601 3562 et
617 3510 653 3562 Bb
673 3512 800 3575 omittunt,
820 3528 834 3563 o
852 3521 875 3564 ot
893 3509 979 3561 scribit
998 3507 1043 3575 Brr,
1062 3521 1086 3562 ot
1104 3526 1150 3577 pro
1170 3527 1205 3562 o.

169 3633 209 3684 W.
248 3631 312 3684 lictu
331 3591 442 3686 irrititino
460 3633 506 3684 uo.
542 3631 590 3684 Pro
610 3643 724 3700 parcunt
743 3630 801 3684 btbd
822 3628 903 3686 ctssb
923 3630 1040 3682 exhibent
1060 3639 1185 3698 patmon,

169 3719 236 3792 quod
256 3721 281 3770 iu
302 3718 339 3769 bic
358 3727 459 3770 cnutum
479 3729 518 3779 est
536 3737 550 3772 e
569 3727 690 3789 parcunt·
727 3715 795 3768 Ante
812 3721 932 3772 beminen
952 3716 1024 3768 obest
1043 3713 1133 3780 copula
1152 3715 1184 3766 ub

169 3806 228 3857 edd.
250 3805 416 3858 bruttianum
436 3803 664 3865 concedentibuu
683 3805 784 3870 foriutrt
802 3818 850 3870 oro
867 3806 991 3856 coniuent
1009 3801 1086 3852 brbet
1106 3798 1150 3852 Bb.
1197 3807 1202 3814 ’

236 3888 304 3942 xvt
323 3889 351 3956 1)
371 3893 406 3944 tot
422 3900 482 3957 port
499 3895 563 3960 itaer
582 3899 607 3942 ot
626 3887 673 3940 Me.
710 3887 771 3940 'l'uer
788 3905 949 3956 praecamur
961 3885 988 3939 G.
1008 3886 1065 3938 bibd
1085 3893 1111 3936 et
1125 3884 1185 3938 Ebc.

172 3977 201 4039 2)
220 3979 256 4032 Et
275 3991 323 4031 ont.
337 3975 386 4031 bib.
418 3975 483 4028 Duc
501 3980 601 4031 dimitto
618 3982 643 4024 et
662 3974 685 4024 in
705 3989 775 4048 reon.
796 3975 964 4036 dimittimur,
983 3971 1052 4040 quod
1070 3969 1186 4039 pbcobrt
