2858 4688
644 394 706 466 tae

620 635 723 707 ΙΙΙΙΙ.

250 776 504 842 Considerandum
520 783 577 856 est,
598 775 707 842 iratres
724 776 915 860 dilectissimi,
936 786 965 844 et
978 779 1141 846 identidem
1157 780 1181 860 Ι)

163 889 353 979 cogitandum
376 891 567 954 renuntiasse
589 907 646 954 nos
675 891 785 956 mundo
815 900 844 956 et
872 899 1020 974 tamquam
1048 895 1182 976 hospites

164 1011 192 1068 et
223 1005 402 1088 peregrinos
433 1004 481 1066 hic
516 1005 632 1068 interim
663 1003 785 1088 degere.
839 1005 1061 1090 Amplectamur
1094 1007 1182 1087 diem,

164 1119 215 1200 qui
229 1118 365 1200 adsignat
381 1117 516 1208 singulos
529 1117 679 1182 domicilio
696 1137 762 1198 suo,
778 1121 829 1200 qui
845 1137 901 1184 nos
917 1120 1004 1182 istinc
1020 1127 1142 1202 ereptos
1156 1120 1183 1199 ²)

164 1238 194 1296 et
208 1232 323 1313 laqueis
339 1231 542 1294 saecularibus
558 1231 713 1296 exsolutos
728 1230 869 1313 paradiso
885 1233 1015 1299 restituit
1031 1240 1060 1296 et
1076 1251 1182 1318 regno.

164 1345 237 1419 ouis
253 1340 281 1419 3)
310 1361 370 1408 non
399 1361 532 1426 peregre
563 1345 739 1408 constitutus
754 1351 909 1425 properet
931 1345 960 1407 in
983 1346 1106 1430 patriam
1129 1363 1184 1410 re·

163 1458 268 1541 gredi5
302 1457 369 1540 quis
389 1475 452 1520 aon
475 1457 511 1518 ad
535 1475 606 1522 suos
630 1452 774 1540 navigare
797 1456 941 1522 testinans
964 1459 1084 1520 uentum
1107 1475 1183 1540 pro·

164 1588 284 1652 sperum
309 1569 444 1654 cupidius
468 1577 560 1651 optet,
584 1578 614 1635 ut
638 1571 782 1634 vetocner
804 1587 893 1635 caros
916 1570 1002 1634 tinent
1021 1570 1202 1652 amplecti?-

164 1685 289 1748 Patriam
304 1690 443 1750 'nostram
460 1681 488 1760 ⁴)
519 1682 688 1766 paradisum
718 1690 932 1766 conputamus,
964 1689 1104 1768 parentes
1127 1701 1184 1764 ps-

165 1796 310 1860 triarehss
333 1797 443 1862 hahere
467 1799 523 1860 tam
547 1799 717 1880 coepimus3
750 1797 820 1888 quid
844 1815 904 1860 non
927 1813 1124 1879 properamus
1154 1803 1183 1858 et

145 1910 321 1998 teutmarus,
345 1916 377 1974 ut
397 1889 520 1992 patriam
543 1916 674 1973 nostram
697 1909 811 1985 videre,
836 1916 876 1972 ut
889 1916 1030 1989 parentes
1053 1908 1183 1972 salutare

164 2022 341 2104 possimus?
384 2023 510 2108 Magnus
533 2024 592 2087 illic
615 2041 672 2088 nos
695 2041 831 2086 errorum
855 2038 997 2084 numerus
1020 2027 1184 2103 exspectat,

236 2237 322 2294 xvttt.
360 2239 388 2303 1)
408 2241 497 2293 itidem
517 2235 563 2290 Bb.
601 2238 658 2290 Mox
682 2249 804 2310 tanquam
822 2237 859 2292 Bb
878 2246 905 2290 et
923 2237 962 2305 A,
990 2247 1017 2290 ut
1041 2237 1098 2291 libri
1123 2237 1184 2289 editi

164 2335 267 2394 praeter
280 2326 370 2380 Manat.
408 2323 459 2377 Sed
476 2309 527 2377 uid.
548 2324 578 2377 ad
599 2341 655 2394 cap.
668 2324 687 2382 t.
705 2334 756 2377 aot.
772 2328 805 2391 1,
823 2326 856 2376 ad
875 2341 932 2392 cap.
947 2326 975 2375 V.
995 2332 1048 2376 aot.
1062 2325 1087 2375 d.
1107 2331 1133 2376 et
1150 2325 1183 2375 ad

168 2429 224 2480 cap.
239 2411 279 2464 vt.
300 2421 351 2466 aot.
368 2413 406 2465 ts.
439 2409 506 2462 'Tum
524 2415 568 2466 Ate
588 2421 718 2480 receptum
738 2428 753 2463 e
771 2411 846 2465 codd.
862 2411 901 2462 W.
921 2395 1004 2463 deind.
1023 2410 1076 2463 Bais
1095 2419 1121 2462 et
1138 2426 1183 2463 sex

168 2498 290 2568 Anglicis,
309 2499 459 2568 quibuscum
478 2499 634 2550 concordant
651 2489 711 2552 edd.
725 2497 819 2551 Pamel.
837 2499 1018 2553 antecedentes
1037 2505 1064 2549 et
1075 2496 1184 2560 fleuth.;

167 2591 211 2640 Ate
229 2589 254 2637 iu
268 2585 307 2638 uc
326 2593 468 2638 correctum
488 2594 527 2638 est
545 2603 577 2638 ex
594 2590 666 2652 Aine,
685 2586 753 2656 quod
772 2595 853 2638 exstat
871 2588 895 2638 in
908 2585 944 2650 A;
962 2589 1042 2640 tattic
1054 2585 1186 2637 invexerat

167 2672 292 2725 Pometios
310 2689 419 2742 eumque
437 2673 520 2725 secuti
539 2681 597 2724 sunt
615 2671 673 2741 ing.
693 2682 721 2742 et
735 2671 827 2738 Oxou,
846 2676 910 2727 istis
929 2672 1055 2726 dederuut
1069 2669 1185 2723 Baluaius

545 2761 623 2810 deam

169 2817 195 2861 et
213 2808 388 2862 Gotdhornius.
426 2809 514 2862 Statim
537 2828 643 2892 manneae
667 2809 745 2862 babet
763 2809 817 2873 st,
844 2819 930 2888 tepens
948 2810 987 2862 W.
1032 2811 1062 2878 2)
1082 2820 1185 2880 ereptos

168 2915 251 2965 iatine
269 2911 300 2978 A.
337 2909 385 2963 Pro
410 2915 549 2965 serotenus
573 2914 599 2962 in
624 2909 683 2962 edd.
708 2917 770 2962 vett.
796 2918 822 2961 et
839 2909 937 2962 Erasm.
963 2909 1056 2980 tegitur
1078 2921 1184 2967 centos.

168 2996 231 3048 Tum
249 3001 366 3052 mutant
384 3011 434 3050 οι.
453 2998 491 3060 A,
509 2999 617 3050 rutinae·
635 3009 769 3063 perperam
788 2995 876 3046 seritis
894 2995 948 3059 tta,
966 3000 1097 3063 eumenes,
1117 2999 1185 3067 qued

169 3085 194 3135 ia
208 3082 249 3136 ΙΙΙ
267 3092 369 3135 enatum
390 3093 429 3136 ost
446 3099 462 3134 e
479 3085 605 3147 restituit,
623 3083 702 3134 nates
715 3081 765 3146 ΙΙ,
783 3085 908 3136 restituat
919 3085 1086 3152 depastione
1097 3093 1186 3137 contra

170 3173 233 3224 duas
251 3172 324 3241 epist.
339 3168 425 3240 Petrg.
439 3168 478 3220 tv,
492 3171 516 3222 8.
535 3167 647 3221 Tamti.
667 3185 692 3236 p.
707 3169 766 3220 tet.
781 3166 808 3220 0.
841 3167 902 3218 voc.
917 3171 1026 3224 caelesti
1036 3180 1094 3237 post
1105 3189 1185 3242 repnc

169 3259 296 3310 adiectum
315 3258 377 3309 iure
391 3257 511 3324 expunxit
527 3254 650 3322 astutus,
669 3259 739 3308 caius
759 3254 811 3308 rid.
825 3254 917 3307 Addet.
954 3255 983 3321 3)
1003 3261 1057 3325 ont
1074 3258 1105 3324 A,
1124 3263 1186 3327 quta

166 3363 221 3400 nnn
239 3359 288 3398 om.
308 3343 355 3398 tic.
391 3344 478 3398 Statim
495 3355 618 3415 properet
637 3344 726 3414 (uulgo
744 3345 839 3412 tegitur
854 3347 1021 3414 properaret)
1046 3347 1133 3413 recepi
1156 3361 1188 3397 ex

169 3432 243 3484 codd.
257 3431 295 3484 ss
309 3440 335 3484 et
348 3429 395 3496 Bb,
409 3430 561 3500 ,quibuscum
575 3430 671 3483 iaciunt
684 3431 742 3508 edd.
756 3439 859 3483 veteres
873 3439 900 3482 et
912 3429 1008 3483 Erasm.
1024 3431 1097 3483 tiras.
1111 3440 1187 3501 atqua

169 3517 277 3585 Mersit,
295 3528 419 3590 propes-nt
436 3511 551 3570 scribitur
567 3518 592 3570 in
606 3518 636 3570 A.
672 3518 742 3570 idem
761 3518 827 3570 liber
845 3525 871 3570 et
888 3517 927 3570 ΙΙΙ
948 3518 1009 3569 dant
1027 3521 1188 3587 inputaturus

168 3621 256 3658 auem.
293 3603 372 3656 Panto
396 3614 455 3673 post
479 3605 549 3657 sotus
567 3602 605 3656 st
629 3607 748 3673 praebuit
772 3615 838 3674 optet
855 3615 885 3659 ut
904 3633 937 3642 -
955 3608 1035 3658 liceat
1053 3619 1099 3671 pro
1118 3603 1186 3674 vulg.

169 3700 272 3760 optaret
289 3702 318 3746 ut
338 3721 365 3732 -
387 3696 485 3748 diceret.
529 3695 558 3756 4)
582 3697 702 3748 Patriam
718 3711 769 3748 noa
786 3702 906 3746 nostram
925 3690 966 3742 W.
985 3691 1041 3743 Mad
1065 3700 1092 3743 et
1110 3689 1146 3741 tt·
1165 3707 1188 3742 c.

170 3777 211 3828 ed.
232 3777 331 3832 mensu.
370 3778 447 3832 neco
463 3783 621 3850 paradisum
634 3781 664 3832 'ia
683 3782 716 3846 A,
739 3782 764 3832 in
782 3794 834 3848 que
853 3779 947 3831 deinde
967 3781 1094 3846 reperitur
1112 3781 1187 3832 eonn-

166 3873 299 3936 putemus.
343 3862 405 3917 'l'um
432 3877 553 3934 paroentes
579 3876 690 3922 nostros
714 3869 885 3937 patriarchiae
910 3865 1005 3918 babent
1031 3863 1089 3916 cdd.
1115 3870 1188 3929 ecttt,

169 3947 269 4006 Ereta.
283 3949 345 4006 tior.
365 3960 392 4004 et
411 3955 498 4006 antrat.
516 3951 565 4006 titt.
580 3951 654 4006 Gran.
691 3952 718 4006 tu
737 3967 810 4024 seqq.
828 3961 854 4008 st
872 3957 932 4020 (pro
947 3955 990 4014 ut)
1007 3960 1129 4020 parentes
1141 3947 1188 4000 ut.

907 4037 982 4108 to*-
1051 4051 1055 4060 '
