2868 4700
771 381 813 446 52

284 554 358 624 pace
379 556 567 619 maneamus3
591 542 617 606 si
639 541 690 606 lilii
713 539 760 605 dci
783 559 895 621 snmus,
917 540 1032 624 pacifici
1056 559 1125 607 esse
1144 541 1297 610 debemus.

281 655 382 734 Beati,
405 657 499 738 inquit
513 651 564 736 ¹³),
582 656 721 737 pacifici,
745 657 892 738 quomdam
914 654 1027 738 ipsi¹⁴)
1047 658 1107 740 fittt
1129 657 1296 724 deivoca-

282 767 403 832 buntur.
447 767 588 830 Pacificos
612 785 680 830 esse
704 775 829 850 oportet
845 765 882 846 ¹⁵)
905 767 953 830 dei
975 769 1062 850 lilios,
1086 771 1179 836 corde
1199 774 1297 855 mites,

281 901 421 946 sermone
450 884 616 966 simplices,
654 881 824 948 adfectione
858 884 1041 966 concordes,
1078 885 1205 950 lideliter
1240 888 1297 952 sibi

254 997 477 1060 sunanimitatis
509 999 637 1062 nexibus
666 995 873 1062 cohaerentes.
924 998 1005 1062 llaec
1035 1001 1210 1064 unanimitas
1240 1002 1296 1064 sub

282 1111 425 1192 apostolis
448 1113 516 1176 olim
538 1112 599 1176 fnit.
638 1113 688 1178 Sic
710 1132 807 1177 novus
830 1113 1013 1178 credentium
1035 1115 1163 1197 populus
1185 1115 1297 1179 domini

280 1222 415 1286 mandata
441 1223 611 1288 custodiens
640 1227 790 1290 caritatem
820 1243 904 1289 suam
934 1226 1035 1289 tenuit.
1080 1227 1188 1291 Probat
1214 1231 1295 1293 scri·

280 1343 365 1418 ptura
382 1336 479 1402 divina
496 1334 542 1418 16),
559 1358 635 1420 quae
652 1340 722 1403 dicit
737 1334 789 1418 ¹⁷):
810 1340 914 1404 Terbo
929 1349 1030 1404 cutem
1046 1337 1082 1421 ¹⁸)
1102 1362 1216 1422 eornm,
1242 1343 1296 1425 qui

280 1454 490 1532 crediderant,
514 1455 620 1516 animo
643 1463 673 1516 ct
695 1463 792 1517 mente
809 1474 875 1517 eoo
889 1455 1031 1536 opedani.
1066 1455 1103 1518 Et
1118 1457 1224 1520 iterum
1238 1453 1294 1537 ¹⁹):

242 1591 267 1635 m
280 1566 322 1628 Et
343 1575 434 1629 erant
451 1576 692 1647 perseverantes
715 1565 871 1648 omnesw)
894 1571 1056 1633 unanimes
1087 1572 1120 1631 ie
1151 1572 1295 1636 oratione

221 1737 223 1746 .
281 1701 349 1743 cum
369 1682 550 1745 mulieribus
571 1691 601 1745 et
623 1684 743 1761 Mario,
771 1703 851 1766 quae
870 1682 1032 1764 suerat²¹)
1053 1693 1151 1748 muter
1172 1685 1244 1749 lesu
1266 1693 1297 1748 01

277 1794 433 1873 fratribus
454 1796 530 1859 etos.
573 1795 611 1860 Et
632 1795 702 1860 ideo
721 1793 763 1874 ²²)
786 1794 957 1860 efficacibus
988 1797 1126 1880 precibus
1158 1797 1293 1879 orabant,

280 1984 486 2012 ——-———-e-·

353 2115 398 2184 13)
415 2117 500 2170 blatth.
518 2117 550 2182 5,
570 2116 594 2168 9.
631 2116 675 2181 14)
701 2120 761 2188 quia
786 2119 841 2186 ipsi
864 2115 914 2171 blb.
951 2117 1017 2171 0010
1043 2130 1175 2174 vocentur
1197 2137 1235 2188 pr.
1252 2117 1294 2173 W.

281 2203 327 2274 15)
344 2223 404 2260 ease
428 2224 478 2260 noe
504 2208 604 2276 oportet
627 2204 682 2270 tlh,
710 2216 808 2275 oportet
830 2224 891 2260 esse
915 2204 962 2260 Bb.
998 2206 1025 2259 10
1050 2223 1121 2276 seqq.
1141 2210 1294 2276 cortoordes,

278 2297 338 2364 petet
361 2297 469 2348 studites
491 2292 544 2359 Ba,
568 2297 618 2365 pide
640 2292 1040 2361 stabilesbincoln.ap.010n.
1077 2295 1164 2347 Statim
1181 2298 1231 2362 etti
1247 2308 1295 2361 pro
1393 2361 1395 2368 .

279 2385 333 2434 sibi
351 2380 383 2432 A.
420 2381 465 2446 16)
484 2385 591 2446 010100,
618 2382 686 2451 quod
705 2399 720 2434 e
739 2382 782 2434 bls.
802 2383 896 2450 primus
914 2382 1007 2434 adiecit
1025 2380 1160 2447 Pometios,
1178 2383 1297 2432 omittunt

280 2468 382 2536 quidem
400 2468 474 2521 codd.
495 2469 535 2520 W.
555 2469 635 2522 blacd.
654 2469 691 2521 Bh
710 2479 736 2522 et
754 2469 791 2534 Α,
809 2470 856 2522 sed
875 2477 978 2521 tuentur
994 2483 1045 2521 non
1063 2468 1145 2519 solum
1164 2466 1220 2518 libri
1236 2465 1296 2519 Ver.

280 2553 321 2606 blb
342 2563 417 2624 atque
429 2553 475 2621 Ba,
493 2558 538 2608 sed
557 2559 632 2609 etiam
647 2556 767 2626 Cypriani
784 2557 905 2627 loquendi
923 2573 992 2610 usus.
1023 2555 1078 2606 Vid.
1100 2555 1132 2606 de
1150 2561 1213 2604 orat.
1228 2552 1296 2630 dom.

280 2657 305 2708 p.
327 2640 394 2707 212,
421 2642 462 2693 ubi
481 2643 570 2695 eadem
589 2643 813 2712 verbaleguntur.
849 2642 913 2696 lbid.
934 2659 959 2710 p.
978 2642 1028 2694 205
1056 2641 1145 2692 bobeta
1172 2641 1297 2694 Desierat

281 2733 419 2801 scripturo
442 2734 547 2799 dietata,
577 2749 641 2801 quoe
664 2734 736 2785 dicit.
784 2729 864 2799 Epist.
888 2729 959 2782 txlt.
984 2747 1009 2798 p.
1036 2727 1099 2778 10³:
1128 2755 1158 2766 -
1184 2737 1299 2782 testatur
1389 2777 1412 2822 ,Χ

280 2822 416 2889 scripturo
443 2823 550 2884 divino,
578 2837 643 2888 quoe
667 2822 738 2872 dicit.
790 2817 828 2870 00
853 2818 1008 2870 mortalitate
1033 2834 1059 2886 p.
1078 2815 1144 2867 231:
1169 2819 1252 2870 Docet
1272 2824 1298 2870 et

278 2918 429 2977 praemonet
451 2911 589 2977 scripturo
616 2910 706 2961 divina
724 2910 823 2961 010000.
862 2905 934 2959 Conf.
955 2904 1036 2976 Epist.
1054 2903 1136 2956 thlt.
1155 2921 1180 2971 p.
1201 2902 1250 2954 105
1271 2911 1298 2956 01

282 2994 340 3046 108.
377 2992 599 3064 17)Αο1.1,32.
637 2995 682 3062 18)
701 3005 787 3049 autem
805 2994 914 3046 010110.
951 2994 1009 3046 blox
1026 2994 1093 3046 idem
1112 2992 1188 3044 habet
1206 2996 1296 3046 credi-

281 3085 385 3148 derunt,
406 3092 457 3134 tum
475 3087 561 3137 animo
582 3083 699 3136 scribitur
717 3085 742 3134 in
759 3081 806 3134 Bb.
839 3081 905 3134 Dein
922 3099 953 3135 oc
971 3082 1094 3136 monteio
1110 3080 1143 3131 W
1158 3089 1184 3150 et
1198 3079 1297 3133 blabcd.

283 3168 328 3234 19)
337 3168 392 3221 Act.
405 3171 430 3234 1,
446 3170 485 3222 11.
514 3170 560 3238 20)
573 3188 661 3226 onrnee
672 3171 745 3223 abest
755 3188 769 3222 a
780 3171 860 3223 tribus
869 3169 925 3222 Vnt.
935 3172 1045 3238 itemque
1058 3169 1090 3221 ab
1104 3170 1161 3222 edd.
1171 3168 1297 3221 Manutiu-

282 3273 338 3310 narn
348 3257 564 3310 antecedentibus.
593 3257 652 3310 Tum
666 3263 695 3312 in
707 3262 873 3312 orationibus
886 3258 928 3309 dat
937 3256 984 3310 Bb.
1010 3255 1297 3327 21))’0110111100100
1324 3323 1327 3332 ὶ

283 3352 346 3395 orat.
360 3343 451 3394 domin.
465 3362 490 3414 p.
505 3346 556 3398 206
570 3347 670 3400 exbibet
681 3347 713 3399 Α.
753 3346 789 3399 110
801 3345 927 3399 Pamebus
939 3355 1045 3416 utroque
1057 3344 1116 3397 loco
1129 3361 1161 3396 ex
1172 3360 1223 3396 uno
1240 3342 1297 3396 000.

283 3431 382 3486 Cambr.
395 3436 530 3502 scripserat
549 3453 656 3506 eumque
669 3445 767 3488 temere
788 3435 869 3488 secuti
881 3444 939 3487 sunt
952 3433 1076 3503 Rigaltius
1093 3440 1119 3484 et
1133 3429 1298 3484 oxonienses.

284 3518 401 3571 Ceterum
419 3521 484 3573 banc
500 3522 636 3575 lectionem
655 3523 770 3576 Baluzius
788 3540 839 3576 non
857 3526 965 3591 reperit,
990 3524 1040 3574 nisi
1058 3523 1084 3572 10
1103 3521 1160 3572 000.
1179 3519 1299 3572 Remensi

283 3608 363 3659 saneti
382 3605 506 3676 Dionysii.
542 3609 604 3662 Tum
626 3615 704 3666 ibesu
728 3611 806 3689 habet
825 3610 866 3663 ed.
884 3609 1015 3674 Daventr.‚
1033 3617 1060 3660 ut
1078 3622 1161 3674 supra.
1198 3606 1245 3675 22)
1263 3605 1300 3658 Et

284 3697 342 3749 ideo
366 3701 427 3766 quia
454 3697 540 3750 Belua.
565 3707 653 3750 contro
676 3699 792 3752 codicum
818 3707 845 3751 et
869 3701 1026 3768 superiorum
1052 3696 1188 3749 editionum
1214 3693 1299 3744 fidem.

284 3784 333 3838 Pro
350 3792 473 3856 precibus
492 3788 558 3855 1οᾼ
580 3789 674 3858 legitur
698 3792 879 3853 orationibus,
904 3787 1026 3854 deinceps
1050 3785 1075 3836 in
1094 3781 1192 3834 duobus
1208 3779 1300 3832 Italicis

286 3887 391 3931 orcrttee
410 3880 486 3932 deum
502 3881 563 3947 imp.
583 3885 609 3928 01
627 3881 689 3931 odeo
707 3891 754 3946 pro
772 3880 829 3931 ideo
852 3879 877 3927 10
895 3874 926 3928 Α
962 3873 1020 3926 idox
1038 3875 1080 3928 dei
1095 3885 1142 3940 pro
1160 3868 1228 3938 sulp.
1247 3870 1298 3924 do-

285 3969 351 4020 mini
369 3974 497 4035 receptum
517 3982 531 4018 0
549 3966 624 4018 0000.
643 3964 703 4018 Ver.
722 3964 762 4017 W.
780 3963 861 4017 blabc.
880 3959 925 4017 Bt.
943 3960 975 4015 Α.
