2834 4686
624 410 687 476 253

146 563 273 628 doacere
295 567 397 646 copiae
421 568 571 646 messium,
595 567 709 632 fructus
732 570 889 634 mitescere
911 573 1075 650 vinearum,
1103 563 1162 635 exss

144 677 272 740 uberare
295 679 391 759 pomis
414 681 546 759 arbusta,
569 697 691 743 nemora
711 679 918 762 frondescere,
941 690 1022 767 prata
1038 683 1161 748 florere.

143 789 179 854 Et
203 810 268 854 curn
293 793 417 872 crebris,
439 794 528 857 immo
551 794 698 856 continuis
721 797 920 860 exacerbetur
937 796 1060 861 offensis
1078 796 1162 875 deus,

143 904 378 988 indignationem
394 921 478 968 suant
496 911 641 986 temperat
657 911 686 966 et
701 907 904 987 praestitutum
919 903 946 984 ⁹)
963 909 1055 971 semet
1070 909 1161 970 retri-

143 1016 273 1080 butionis
284 1016 362 1080 diem
375 1019 521 1100 patienter
534 1023 698 1099 exspectet,
715 1037 841 1098 cumque
854 1019 960 1082 habeat
972 1022 1001 1083 in
1014 1028 1162 1102 potestate

145 1129 318 1208 vindictam,
351 1128 460 1191 mavult
483 1127 532 1190 diu
556 1133 660 1190 tenere
682 1128 850 1208 patientiam
874 1131 1025 1194 sustinens
1048 1130 1162 1194 scilicet

145 1233 307 1306 clementer
330 1249 360 1304 et
383 1240 545 1317 differens,
572 1247 618 1317 ut,
642 1240 757 1303 sideri
779 1248 887 1323 potest,
912 1244 1031 1306 muitum
1055 1245 1162 1308 mulitia
1273 1265 1284 1280 ·

144 1335 293 1438 protracta
317 1352 474 1434 aliqnando
497 1357 625 1413 mutetur
649 1357 679 1413 et
701 1351 791 1415 horno
814 1353 844 1414 in
868 1370 1003 1416 errorum
1033 1362 1062 1416 et
1090 1373 1161 1419 soe-

144 1469 238 1533 ierurn
262 1469 442 1550 contagione
465 1467 615 1530 volutatus
639 1465 781 1530 velsero
807 1467 842 1530 ud
868 1467 955 1531 dounr
972 1475 1163 1549 concertetur

144 1583 210 1664 ipso
245 1587 385 1646 monente
418 1586 448 1644 ct
482 1578 600 1642 dicente
618 1574 677 1654 ¹⁰):
712 1579 793 1644 Nolo
827 1589 956 1664 mortem
989 1583 1161 1660 morientis,

146 1704 294 1776 quantum
316 1704 352 1756 ct
371 1699 548 1758 reuertatur
568 1690 606 1767 ¹¹)
635 1699 666 1754 et
687 1693 781 1756 oioct.
826 1691 862 1754 Et
885 1694 990 1756 iterum
1010 1691 1066 1768 ¹²):
1099 1696 1162 1760 tte-

145 1808 302 1871 oertimini
325 1809 369 1870 od
391 1807 547 1870 dominam
570 1807 659 1868 deam
682 1813 833 1883 ocenum,
867 1808 1016 1887 quoniam
1038 1810 1162 1872 miseri·

147 1929 273 1983 cerret
291 1920 365 1998 piae
388 1929 434 1983 cat
456 1928 486 1980 et
504 1918 632 1997 potione
649 1914 686 1992 13)
711 1925 741 1980 ct
762 1918 876 1981 multoe
899 1920 1110 1985 mieerotionie
1134 1932 1163 1986 et

146 2035 199 2115 qui
244 2033 427 2096 sententiam
467 2029 572 2108 flectet
614 2031 768 2095 odoereca
811 2031 948 2094 malitiae
986 2034 1161 2114 iaropotoe.

144 2147 231 2221 Quod
252 2142 291 2222 Ι1)
323 2146 391 2208 item
422 2146 525 2208 beatus
555 2145 708 2226 apostotus
731 2143 839 2208 Paulus
868 2163 1104 2224 commemorans
1133 2155 1163 2211 et

143 2412 281 2463 enitescere
304 2411 391 2477 recepi
418 2423 450 2460 ex
475 2409 549 2460 codd.
570 2408 610 2459 W.
632 2408 711 2462 Mabc.
731 2409 769 2462 Bb
794 2418 821 2461 et
844 2409 873 2461 Α.
911 2410 948 2461 lta
972 2411 1020 2461 iam
1045 2409 1161 2474 Eroem.;

143 2507 320 2551 maturescere
333 2495 377 2549 Be.
393 2496 433 2549 did
454 2497 630 2566 editioueeque
648 2505 721 2564 vett,
740 2497 826 2550 Batou.
840 2507 866 2550 et
878 2497 967 2550 Goidh.
1005 2495 1070 2548 Dein
1086 2500 1161 2552 ionic

143 2595 192 2650 pro
207 2586 294 2652 poenire
313 2581 359 2635 tto.
397 2584 427 2652 9)
444 2589 633 2653 pruectitutom
653 2584 697 2638 Bb.
734 2583 812 2637 Paulo
831 2593 888 2653 poet
907 2584 973 2636 idem
991 2581 1059 2637 lsster
1075 2586 1161 2654 mopie

142 2673 207 2724 vait.
243 2670 307 2724 Λᾶν.
335 2675 380 2726 dio
404 2680 462 2740 poet
485 2676 638 2742 patientiam
664 2674 799 2742 interponit
824 2673 852 2726 Λ.
895 2671 973 2724 Paulo
998 2680 1055 2740 poet
1080 2674 1161 2725 molto

144 2759 246 2807 matitia
263 2755 318 2820 tto,
338 2761 448 2811 muitum
465 2763 582 2813 malitiae
603 2759 649 2810 tia.
686 2758 747 2810 Tum
766 2763 794 2812 in
813 2777 931 2813 morem
948 2775 1002 2826 pr.‚
1025 2775 1057 2808 ex
1074 2764 1160 2808 mutet.

142 2845 171 2894 iat
190 2858 280 2894 errore
295 2831 347 2894 ito.
384 2843 473 2894 Statim
493 2847 613 2912 cantapia
630 2843 688 2894 Ver.
705 2843 738 2892 W
756 2853 782 2894 et
798 2844 846 2894 1111.
885 2845 928 2905 111)
947 2843 1049 2894 Hiezec.
1065 2841 1160 2906 11131,

146 2929 190 2990 11)
217 2935 316 2980 tuntum
333 2916 490 2982 'revertutur
508 2925 548 2977 W.
585 2927 643 2977 Vid.
666 2926 699 2978 de
720 2927 782 2994 iope.
806 2943 861 2994 cap.
881 2926 968 2978 xxix.
994 2943 1019 2994 p.
1041 2925 1099 2976 tto.
1119 2925 1160 2977 ed.

143 3013 248 3081 Tubiug.
269 3015 354 3077 ibique
375 3014 444 3065 lectt.
463 3007 529 3064 verri
549 3021 575 3063 et
588 3015 718 3066 sedatior.
733 3013 803 3066 Tour.
818 3012 846 3064 il.
864 3029 887 3078 p.
903 3013 964 3064 tat.
999 3008 1070 3073 Quae
1083 3009 1161 3078 vulgo

144 3109 295 3169 sequuntur:
322 3105 488 3156 1111101111.-
514 3102 687 3154 iieoertimirci
704 3103 737 3152 ud
755 3115 809 3162 ete,
830 3103 895 3152 dicit
913 3101 1051 3165 dominae,
1072 3104 1161 3164 utpote

144 3188 236 3239 amicae
263 3189 288 3238 iu
315 3186 355 3237 W.
384 3187 463 3238 diabc.
491 3185 552 3238 ttae.
581 3185 602 3236 Λ
631 3193 657 3235 et
684 3185 708 3252 ip
737 3185 778 3236 ed.
808 3184 900 3236 Manut.
929 3183 1036 3236 deiende
1064 3184 1160 3234 cenaui.

145 3275 191 3339 12)
212 3273 288 3325 Addit
307 3273 361 3326 ttb:
378 3290 427 3343 per
442 3276 594 3342 proplietam
613 3274 685 3336 dicit.
712 3269 891 3334 'vid.toet.2‚
909 3268 947 3322 13.
985 3268 1030 3337 13)
1047 3273 1160 3324 miceri-

145 3379 208 3416 eere
225 3372 250 3414 et
268 3365 332 3430 pior
351 3370 392 3415 eet
411 3371 436 3414 et
453 3364 558 3429 petione
578 3357 617 3411 W.
638 3358 718 3410 dicho.
738 3357 773 3409 Bc
798 3358 975 3424 editionecqoe
998 3364 1056 3408 ante
1075 3354 1160 3409 Batou.

144 3462 241 3498 omnes.
278 3447 312 3498 ite
333 3447 427 3513 Noster
445 3449 519 3498 etiem
538 3449 562 3498 iu
577 3446 656 3513 Epist.
672 3446 713 3498 52.
734 3463 759 3513 p.
773 3445 806 3496 73
825 3453 851 3496 et
870 3444 903 3496 do
922 3444 984 3511 iope.
1004 3445 1020 3496 1.
1034 3461 1056 3496 c.
1093 3448 1161 3498 Piae

119 3558 122 3563 f
144 3551 173 3587 ec
193 3533 271 3586 habet
290 3535 341 3600 tto,
359 3538 516 3588 mireriecrc
534 3543 582 3598 eet,
601 3537 663 3601 piue
682 3544 706 3586 et
723 3536 829 3602 patience
848 3529 893 3584 Bb.
931 3529 985 3582 0nr.
1005 3539 1046 3584 eet
1064 3529 1161 3580 codd

145 3630 170 3672 et
189 3621 228 3672 ed.
245 3621 330 3673 Belua.
368 3623 432 3674 Dein
451 3624 537 3689 flectat
555 3625 710 3676 sententiam
728 3624 862 3676 adoerius
877 3622 1004 3672 maiitiam
1016 3622 1161 3686 irrepentem

145 3717 181 3775 Α,
209 3717 338 3766 »notitiam
356 3717 504 3782 inropotcm
522 3708 575 3774 Bb,
602 3712 720 3764 mciitiee
738 3703 876 3777 increpatae
900 3704 981 3772 (vui'g.
1002 3705 1097 3774 irrep.)
1120 3701 1159 3752 W.

145 3800 200 3851 dieb
220 3810 246 3852 et
265 3799 309 3852 Ba.
346 3801 392 3862 11)
411 3801 446 3852 [dt
465 3796 598 3864 quodlib,
619 3811 665 3863 pro
684 3799 754 3858 item,
774 3794 842 3855 cuod
861 3808 911 3844 orn.
931 3792 970 3842 W.
990 3790 1052 3840 idad.
1074 3788 1118 3841 Ba.
1138 3791 1160 3840 Α

144 3899 171 3942 et
190 3887 319 3955 exemptor
333 3883 407 3948 Dan,
427 3886 452 3934 in
466 3882 506 3933 dib
527 3883 642 3933 scribitur
660 3893 689 3935 ct.
726 3880 814 3948 Neque
834 3880 903 3944 item,
924 3893 1006 3946 neque
1024 3887 1049 3930 et
1067 3875 1161 3928 habent

148 3974 210 4027 ttcd,
249 3972 329 4024 liceat
346 3977 437 4027 iectura
456 3973 480 4021 in
499 3971 537 4036 tt,
558 3987 756 4024 conmemorans
775 3969 817 4019 dat
838 3967 894 4032 111,
913 3973 1096 4020 commemoret
1115 3962 1160 4020 Bb.
