2858 4688
754 403 816 474 160
896 453 898 462 κ

275 568 370 632 torum
401 565 535 632 murat
564 566 593 630 ir
617 565 773 648 scripturo
795 565 906 631 eunctis
928 562 1007 628 idem
1030 562 1105 628 deus
1128 564 1232 630 dicens
1248 559 1296 640 ²):

275 679 348 762 Sine
376 697 475 744 cussa
502 678 648 759 peruersi
665 675 693 754 8)
722 678 808 757 filios
838 685 978 753 cestros,
1012 676 1210 757 disciplinam
1232 695 1298 740 non

276 801 477 872 receperunt.
521 791 559 854 Et
574 788 603 868 4)
631 789 777 872 prophete
808 788 934 853 devotus
964 807 999 852 ac
1028 788 1141 853 dicatus
1171 789 1230 852 deo
1259 788 1296 852 ad

275 904 351 968 heco
379 903 484 967 eadem
513 903 679 984 respondet
695 908 738 964 et
763 899 834 964 dicit
850 899 895 979 5);
933 899 1110 964 Verberosti
1132 920 1204 978 eos,
1239 919 1298 964 nec

276 1017 463 1090 doluerunt3
482 1013 650 1095 dupeiicsti
665 1033 732 1091 eos,
749 1033 805 1078 neo
819 1013 987 1078 coluerunt
1001 1009 1178 1095 occiperc⁶t
1195 1015 1296 1076 disci-

273 1131 405 1210 plinam.
451 1127 530 1192 Ecce
561 1130 738 1210 inrogantur
768 1126 909 1190 divinitus
940 1127 1046 1210 plagae
1063 1120 1107 1208 ⁷),
1142 1133 1172 1188 et
1198 1127 1297 1190 nullus

276 1242 324 1306 dei
356 1249 452 1306 metus
484 1246 539 1304 est.
590 1239 670 1302 Ecce
704 1240 832 1303 verbere
864 1237 994 1320 desuper
1025 1242 1055 1302 et
1084 1235 1202 1318 flagella
1235 1255 1297 1300 nou

276 1358 395 1436 desunt,
418 1363 448 1419 et
471 1354 630 1437 trepidatio
653 1351 749 1431 nulia,
772 1352 850 1416 nulia
868 1347 1048 1429 ⁸)·iormido
1072 1356 1126 1414 est
1171 1349 1251 1425 Quid
1268 1345 1296 1427 9)

276 1471 301 1532 si
324 1487 384 1532 non
406 1467 606 1531 intercederet
626 1466 717 1530 rebus
733 1466 868 1529 humenis
884 1467 933 1530 vel
949 1466 1004 1528 ista
1021 1481 1160 1543 censura,
1182 1471 1297 1545 quanto

275 1582 372 1646 adhuc
403 1582 497 1644 maior
526 1581 556 1642 in
584 1578 752 1644 hominibus
775 1586 857 1644 asset
878 1579 1021 1657 audacti,
1055 1578 1221 1642 facinorum
1243 1577 1297 1640 in·

275 1695 408 1776 punitate
430 1693 567 1756 secure?
588 1723 591 1728 Δ

763 1887 810 1960 tt.

302 2026 304 2030 ’
364 2029 508 2105 Quereris
539 2027 619 2110 quod
652 2027 748 2091 minus
779 2015 858 2092 nunc
887 2028 940 2094 tibi
969 2009 1228 2108 uuercs‘tcntes,
1265 2037 1296 2092 et

274 2161 367 2206 aurae
387 2143 409 2217 ¹)
433 2140 581 2219 salubres,
607 2145 637 2202 et
661 2138 804 2221 frequens
827 2141 924 2222 pluvia
948 2148 978 2203 et
1001 2139 1107 2204 fertilis
1131 2147 1211 2205 terra
1234 2142 1296 2204 ob·

211 2299 222 2311 .
275 2254 411 2334 sequium
441 2251 622 2334 proebeant,
656 2251 735 2331 quod
759 2268 819 2315 nou
842 2251 881 2316 itu
906 2251 1076 2316 utilitatibus
1100 2255 1157 2318 tuis
1181 2262 1211 2318 at
1235 2272 1295 2318 vo-
1410 2337 1411 2340 Ἴ

346 2471 374 2533 2)
394 2469 506 2521 Hierem.
526 2468 551 2531 2,
570 2467 613 2518 30.
658 2467 687 2534 3)
711 2485 764 2522 non
783 2471 909 2538 percussi
926 2466 957 2519 t.
994 2467 1055 2520 Tum
1074 2479 1231 2540 receperint
1248 2465 1294 2536 oa,

274 2567 430 2626 occeperunt
455 2552 491 2603 Bb
518 2562 543 2603 et
567 2552 597 2604 A.
640 2554 668 2616 4)
694 2557 731 2606 dc
749 2553 779 2605 Α.
816 2553 893 2604 Voce.
919 2557 953 2608 nd
976 2563 1040 2609 tneo
1065 2559 1154 2610 eadem
1179 2570 1229 2607 ont.
1249 2554 1294 2606 Bts.

274 2641 340 2693 Dein
364 2641 504 2707 respondit
525 2648 550 2692 et
573 2641 639 2692 dicit
662 2638 722 2690 dant
747 2638 820 2691 codd.
839 2639 881 2691 W.
900 2639 972 2692 idsbo
991 2649 1017 2694 et
1035 2641 1070 2694 Ba
1089 2659 1138 2694 nas
1157 2658 1213 2694 curu
1233 2641 1294 2694 cdd.

274 2727 339 2777 Ven.
362 2725 425 2776 Der.
444 2725 525 2786 douo.
544 2725 634 2776 Remb.
654 2733 730 2793 etque
749 2724 1029 2797 Ernsmqkraspondet
1048 2733 1140 2784 dicem
1159 2727 1216 2793 tto,
1242 2745 1293 2782 re-

273 2815 379 2882 spondit
397 2815 487 2866 dicens
506 2815 536 2864 A.
572 2813 602 2876 5)
620 2811 733 2868 Hierem.
752 2814 782 2878 5,
802 2812 827 2864 3.
864 2815 894 2882 6)
913 2819 1018 2870 credere
1036 2833 1084 2870 nec
1102 2820 1223 2886 occipere
1244 2833 1293 2878 ex·

274 2907 323 2953 stat
346 2901 372 2952 iu
396 2900 455 2952 edd.
481 2907 542 2952 vett.
567 2908 593 2952 et
616 2902 641 2952 in
667 2899 764 2953 Essem.
790 2900 864 2954 Grau.
890 2901 983 2954 Msuut.
1008 2912 1085 2971 etque
1107 2903 1203 2955 Mureti.
1241 2902 1293 2954 Sed

274 3002 347 3039 voce.
371 2989 476 3040 eredere
499 3005 547 3041 nec
571 2996 689 3054 suspects
714 2991 763 3040 iam
784 2984 876 3039 G'ravio
897 2991 987 3041 merito
1010 2977 1104 3042 deleuit
1122 2992 1160 3041 vir
1179 2989 1247 3042 doct.
1267 2991 1293 3041 iu

274 3071 433 3141 Gottingenei
447 3072 538 3127 Manat.
555 3075 595 3128 ed.
609 3074 755 3141 exemplari.
793 3075 821 3137 7)
843 3079 983 3146 inropatnr
997 3105 1030 3115 -
1044 3080 1123 3148 pinpo
1141 3077 1229 3129 scribit
1242 3075 1293 3128 tto.

275 3161 303 3224 8)
324 3163 459 3228 trepidatio
477 3163 567 3225 nnita,
594 3163 668 3213 nutis
687 3164 838 3224 recantatis,
863 3164 977 3228 fornrido
995 3165 1070 3216 nnita
1088 3173 1128 3218 est
1149 3161 1228 3214 hebet
1249 3162 1292 3214 ed.

274 3243 356 3308 Dan,
383 3244 493 3312 indeque
514 3243 588 3296 Grav.
609 3248 853 3310 trepidationum,
880 3251 956 3300 notin
979 3253 1110 3304 cunctatio
1135 3249 1293 3316 (posteriore

275 3340 359 3383 autem
379 3332 428 3382 duo
447 3333 572 3384 vocabula
592 3333 678 3382 minut.
700 3333 767 3398 typis
785 3341 843 3384 sunt
863 3337 984 3402 excusa),
1009 3340 1083 3390 nitida
1106 3338 1220 3404 somniate
1244 3344 1293 3389 est.

275 3407 336 3470 Post'
354 3422 494 3488 trepidatio
511 3423 586 3474 nnita
599 3417 630 3468 W
650 3425 677 3469 et
693 3417 749 3470 tino
766 3419 862 3471 addunt
878 3431 927 3475 est.
965 3422 1078 3474 Alterum
1095 3425 1171 3476 mistis
1189 3437 1240 3474 om.
1254 3418 1292 3472 Bb

276 3512 301 3556 et
326 3506 364 3569 Α,
393 3507 453 3556 item
479 3504 545 3572 quod
571 3512 629 3571 post
652 3507 766 3572 (omnido
790 3508 904 3574 sequitur
927 3518 968 3561 est
992 3509 1095 3560 codices
1120 3508 1150 3558 W
1175 3516 1201 3559 et
1228 3508 1291 3559 tino.

275 3589 304 3657 9)
322 3593 398 3658 Quod
410 3588 455 3640 Bb.
493 3587 554 3639 Tum
572 3591 615 3644 cei
632 3592 713 3643 seins
727 3589 777 3656 tto,
796 3595 921 3646 inmunis
938 3592 1078 3660 robustis,
1096 3598 1150 3648 iata
1168 3593 1200 3646 ab
1219 3610 1240 3646 r.
1260 3611 1292 3662 op.

275 3676 343 3728 inter
360 3691 427 3727 vers.
448 3675 526 3727 habet
537 3673 578 3724 W.
616 3674 682 3727 Dein
701 3677 768 3729 male
786 3683 916 3746 qncsstnd
936 3687 963 3730 et
979 3684 1008 3734 iss
1023 3685 1145 3736 omnibns
1158 3681 1216 3734 edd.
1229 3689 1291 3734 vett.

276 3777 299 3811 c.
319 3761 415 3814 Essem.

346 3863 385 3916 tt.
421 3862 450 3931 1)
473 3882 557 3918 noras
583 3863 636 3931 eb,
665 3841 747 3921 surge
771 3867 866 3933 (littere
890 3887 906 3920 n
931 3868 963 3920 sb
988 3887 1009 3922 r.
1029 3871 1222 3938 meoparter.)
1243 3871 1292 3925 tta.
1404 3873 1405 3892 ¹

275 3945 337 4004 Tum
355 3955 459 4005 sterilis
477 3965 525 4019 pro
542 3955 643 4020 [ertitis
661 3961 687 4004 et
705 3967 762 4004 mox
780 3956 961 4014 voluntatibus
979 3970 1027 4022 pro
1044 3960 1225 4026 rotoptntiisss
1239 3957 1275 4022 Α.
