2904 4692
663 396 705 460 95

176 569 234 616 usu
255 552 293 616 ad
316 571 351 618 re
379 552 495 618 hortun
519 551 567 616 dei
596 557 730 633 tempure
760 552 903 616 orationis
932 552 1016 618 adire
1048 552 1194 642 potitium¹

176 666 293 746 obrepit
315 667 393 728 enirn
418 664 592 745 frequenter
622 671 652 726 ot
683 669 820 744 penetrat
846 670 876 726 et
906 664 1054 728 subtiliter
1084 663 1191 728 inlisus

175 795 284 860 preces
309 785 427 842 nostras
444 797 460 840 a
476 777 535 841 deo
558 783 672 855 orout,
697 783 728 838 ut
750 775 830 840 atiud
853 777 1015 842 habeamus
1037 778 1066 840 iu
1090 776 1192 855 corde,

177 888 255 951 atiud
280 889 413 968 invoco,
438 889 557 969 quaudo
581 890 747 953 intentione
770 890 888 952 sincera
912 890 1062 952 dominum
1086 870 1193 953 debeat

177 1018 237 1063 non
265 1000 349 1062 vocis
380 1017 491 1077 sonus,
525 998 579 1061 sed
611 1000 726 1061 enimus
758 1004 787 1060 et
820 1017 928 1062 sensus
959 1015 1058 1062 orare.
1109 999 1193 1074 Quae

177 1118 273 1176 autern
297 1112 423 1194 segnitia
454 1117 500 1174 est
525 1110 648 1172 alienari
663 1108 689 1186 ι)
714 1118 743 1172 et
768 1113 830 1192 capi
862 1112 968 1192 ineptis
999 1112 1192 1195 cogitationi-

177 1225 232 1288 bus
255 1229 285 1284 et
308 1221 441 1304 profanis
466 1239 532 1284 oum
556 1221 704 1286 domiuum
730 1220 925 1304 deiprecaris,
949 1225 1033 1303 quasi
1056 1225 1093 1286 sit
1116 1223 1246 1287 atiudru

178 1336 256 1417 quod
281 1335 376 1418 magis
400 1334 512 1398 debeas
535 1335 680 1416 cogitare,
704 1351 791 1413 quant
807 1332 888 1413 quod
911 1351 977 1395 cum
1000 1332 1059 1396 deo
1083 1334 1194 1414 toque-

177 1449 247 1513 ris?
289 1445 446 1522 Quomodo
469 1445 566 1508 audiri
597 1440 666 1526 tef)
690 1463 707 1506 a
731 1444 960 1526 coapostatas,
987 1463 1053 1507 curu
1077 1453 1106 1508 te
1130 1447 1194 1526 ipse

68 1615 71 1620 .
112 1551 113 1556 ’
178 1578 240 1623 non
266 1557 395 1622 audias?
432 1559 483 1620 Vis
507 1575 576 1620 csse
607 1555 692 1619 deum
717 1574 877 1619 memorem
891 1551 918 1634 1)
941 1557 982 1618 tui
1005 1575 1071 1627 cunr
1093 1575 1194 1640 rogas,

178 1673 297 1754 quando
322 1679 352 1734 tu
385 1673 450 1753 ipse
474 1671 514 1734 tui
539 1687 652 1734 mernor
675 1689 734 1733 non
759 1669 825 1732 sisi
855 1670 917 1732 Hoc
941 1675 988 1762 est
1008 1670 1044 1732 ab
1067 1665 1194 1745 hoste⁸)

177 1877 202 1913 n.
222 1863 246 1914 t.
283 1859 371 1912 Statim
393 1877 438 1914 cor
462 1859 509 1925 (ita
536 1860 567 1910 ab
589 1875 609 1912 r.
628 1875 660 1910 m.
680 1858 734 1926 dib)
758 1867 850 1912 contro
875 1859 1076 1924 aduersarium,
1102 1867 1195 1926 pontus

179 1947 216 2010 iet
233 1949 259 1998 in
277 1945 319 1998 dib
338 1947 415 2009 erar.)
433 1949 487 2000 coti
506 1949 551 2000 deo
569 1955 654 2014 pateat
679 1931 799 1996 erhibcnt
819 1942 891 1994 ttbcd
912 1951 938 1994 ct
956 1941 1000 1994 Bc.
1037 1941 1086 1992 Pro
1105 1946 1151 1996 deo
1170 1945 1194 1994 in

178 2031 215 2084 Bb
234 2041 273 2086 est
291 2036 403 2086 domino.
442 2031 503 2083 Turn
521 2048 569 2084 nec
587 2034 620 2085 ad
637 2047 667 2085 ce
685 2035 759 2084 adire
779 2034 879 2083 nortem
897 2029 987 2082 scribit
999 2027 1033 2092 03
1054 2028 1092 2080 W.
1113 2028 1151 2080 dia
1170 2036 1195 2080 ot

178 2119 212 2171 ua
232 2136 281 2172 orn.
301 2123 382 2174 adire
422 2117 504 2170 Verbo
524 2118 653 2184 proxima:
676 2121 774 2185 obrepit
793 2117 902 2186 (obripit
922 2113 949 2166 C.
968 2114 1008 2166 W.
1028 2114 1066 2166 dia
1086 2122 1113 2165 ot
1130 2112 1195 2182 sau,

177 2208 237 2256 item
256 2221 294 2273 pr.
315 2205 367 2268 Mb)
392 2208 462 2259 euim
482 2233 514 2244 --
537 2232 564 2242 -
587 2233 617 2242 -
644 2223 659 2256 a
683 2206 729 2258 don
754 2212 847 2258 auocat
872 2201 1049 2254 desiderantur
1072 2202 1096 2252 in
1116 2200 1151 2253 Bc
1170 2209 1195 2254 st
1284 2253 1311 2262 ..

179 2291 242 2343 Mcd.
279 2289 343 2343 Part.
363 2300 386 2344 et
405 2298 463 2341 ente
480 2299 600 2360 penetrat
618 2289 689 2340 abest
710 2305 723 2340 a
741 2288 788 2340 dic.
826 2287 882 2340 ttox
901 2309 916 2341 a
936 2293 1039 2343 domino
1058 2289 1136 2340 hebet
1149 2287 1195 2352 ut,

56 2423 64 2438 ,
178 2387 272 2432 auocat
292 2385 434 2428 correctum
454 2392 485 2427 eu
505 2380 614 2430 advocat
633 2377 655 2426 in
676 2373 734 2438 ttb,
761 2385 872 2428 evocat
890 2377 914 2425 in
937 2375 982 2424 die.
1020 2373 1147 2441 Deinceps
1172 2377 1195 2426 in

179 2462 217 2515 Ma
230 2471 269 2514 est
281 2467 415 2517 uniemur.
453 2461 513 2514 Post
527 2465 604 2515 corde
616 2463 670 2512 sine
683 2475 758 2514 cauta
774 2461 940 2529 interponitur
952 2471 976 2514 ot
987 2461 1011 2513 in
1026 2459 1065 2514 W.
1079 2458 1199 2511 Mabcdei

179 2557 205 2599 et
229 2547 306 2600 Babc.
343 2549 404 2600 Turn
431 2553 624 2620 irrternptntr’oue
648 2550 711 2615 (sic)
737 2548 825 2601 scribit
849 2547 883 2614 C,
911 2552 1016 2603 sincere
1041 2549 1106 2615 (orn.
1132 2563 1196 2598 uoco

178 2639 323 2699 dominum)
343 2635 390 2711 Ma.
430 2639 513 2690 Deum
533 2635 652 2686 exhibent
671 2634 723 2686 Bbc
743 2644 768 2686 et
786 2634 860 2687 Mcdo
886 2643 912 2686 et
930 2648 976 2701 pro
996 2638 1099 2702 debeat,
1127 2633 1195 2701 quod
1266 2665 1269 2681 t

178 2729 237 2771 unte
257 2739 335 2775 oraro
353 2724 425 2788 ponit
439 2721 468 2786 C,
488 2725 512 2772 in
534 2721 568 2773 Bc
587 2731 611 2772 et
632 2723 686 2775 Mod
706 2723 799 2790 tegitur
818 2727 896 2777 debet.
934 2723 962 2787 5)
982 2732 1022 2777 eet
1040 2734 1064 2777 et
1083 2725 1198 2776 alienari

181 2806 229 2869 tic,
249 2809 396 2860 abalienari
413 2807 441 2858 C.
480 2807 528 2859 Pro
545 2811 614 2876 rapi,
635 2808 702 2876 quod
723 2825 738 2859 e
757 2810 814 2860 cod.
834 2807 934 2859 Cambr.
954 2810 1052 2872 recepit
1072 2805 1196 2859 Pomaiius

180 2896 206 2940 ot
225 2889 338 2941 editores
359 2894 517 2958 posteriores
535 2891 722 2959 probaverunt,
743 2909 757 2942 e
777 2894 840 2943 nucis
860 2893 935 2942 codd.
955 2901 981 2941 et
999 2891 1057 2942 edd.
1078 2895 1196 2960 superio·

180 2977 249 3027 ribus
268 2977 366 3028 restitui
385 2981 452 3046 copi.
490 2977 548 3029 Mox
572 2981 647 3031 dorem
670 2981 763 3030 ntem
790 2980 926 3044 deprecari
943 2975 1000 3042 dib,
1027 2979 1102 3030 deum
1121 2979 1196 3028 etiam

180 3061 215 3113 Bc
235 3072 261 3114 et
280 3063 360 3114 iicde.
399 3064 425 3114 in
444 3079 516 3132 seqq.
538 3067 634 3117 dedetis
654 3067 769 3132 capitano
786 3061 833 3126 ut,
852 3066 991 3116 debeamus
1012 3080 1066 3132 cup.
1083 3062 1126 3127 dii,
1147 3067 1196 3116 de-

181 3156 237 3204 tcat
256 3157 408 3221 exceptiora
427 3149 454 3203 G.
491 3151 620 3203 omittitur
637 3169 715 3222 quam
734 3153 758 3201 ia
777 3150 833 3214 die,
860 3153 928 3219 pared
945 3152 969 3200 in
990 3147 1042 3212 Bb,
1071 3166 1130 3203 cum
1151 3152 1196 3203 deo

179 3239 205 3288 in
226 3235 260 3288 Bc
279 3245 305 3288 ct
324 3238 395 3301 tter,
423 3241 469 3291 deo
492 3238 517 3288 in
538 3237 577 3289 iiie
597 3253 616 3288 r.
637 3254 667 3287 nr.
687 3253 762 3302 supra
782 3236 893 3300 addidit,
921 3253 980 3290 curn
998 3239 1101 3289 domino
1120 3229 1197 3287 hair'et

181 3321 226 3373 Bb.
270 3325 299 3391 6)
319 3327 411 3380 crudire
431 3334 453 3378 tc
473 3323 620 3388 weitin,
642 3326 701 3374 item
721 3339 757 3390 pr.
779 3322 852 3386 urta,
872 3338 904 3373 ex
922 3339 985 3374 corr.
1006 3331 1088 3373 tumen
1108 3323 1198 3375 audiri

171 3418 213 3476 tc,
235 3411 301 3478 quod
321 3419 408 3464 tenent
428 3413 503 3464 etiam
523 3413 602 3462 ceteri
621 3411 696 3463 codd.
716 3426 813 3462 omncs.
848 3408 973 3472 Quocirca
986 3410 1020 3461 ita
1033 3407 1195 3461 scribendum

181 3497 274 3560 putavi.
311 3501 347 3551 Tc
365 3501 454 3552 crudiri
471 3499 562 3565 iegitur
580 3497 665 3565 vulgo.
704 3495 769 3548 Dein
789 3515 804 3548 a
823 3493 984 3550 domiuoBb.
1021 3495 1050 3561 7)
1071 3497 1196 3548 Vironim

182 3585 314 3636 dominum
332 3565 471 3637 merr'rorcm
491 3583 535 3646 Bb,
555 3586 688 3636 hminum
707 3583 766 3632 item
784 3579 812 3631 G.
827 3580 867 3630 W.
884 3579 937 3632 Mae
957 3589 981 3630 et
995 3577 1039 3643 un,
1058 3595 1196 3631 memorem

181 3670 314 3722 dominum
333 3668 381 3747 dib:
419 3658 504 3720 Statim
530 3673 591 3724 dum
614 3685 696 3736 repar
716 3666 736 3718 G
759 3674 785 3718 et
804 3665 849 3716 ua.
887 3665 1012 3732 Deinceps
1037 3668 1077 3717 tui
1099 3655 1197 3716 mentor

181 3768 226 3821 pro
252 3771 351 3808 memor
375 3759 415 3810 tui
438 3754 610 3820 praebuerunt
628 3752 705 3805 codd.
725 3767 821 3804 omnes.
859 3749 976 3802 Ceterum
995 3752 1018 3802 in
1039 3750 1103 3800 tibro
1123 3747 1195 3799 Pari·
1271 3750 1274 3762 '

180 3845 247 3906 rino,
266 3859 279 3894 ι
299 3856 350 3911 quo
369 3841 443 3894 ebert
460 3852 498 3907 to,
519 3840 583 3893 hasc
602 3842 634 3891 itu
655 3838 825 3891 collocunturr
844 3842 1005 3908 puradutui
1021 3853 1120 3889 mentor
1136 3838 1196 3903 ipro

180 3945 233 3980 nna
251 3932 302 3983 sic.
339 3927 388 3979 Pro
406 3932 449 3984 ric
469 3926 504 3978 Bc
524 3935 549 3978 et
569 3925 622 3976 diod
648 3923 761 3976 scribunt
782 3941 820 3979 er.
865 3923 895 3992 8)
912 3927 943 3978 de
960 3927 1035 3978 loeta
1053 3922 1088 3988 d,
1116 3925 1146 3975 ds
1165 3937 1195 3978 sn
1251 3939 1255 3947 ·
