2882 4692
628 401 664 464 21

141 555 245 628 oculos
268 568 336 625 tuos
360 561 496 624 inserere
519 560 661 636 secretis,
692 557 850 622 recludere
873 557 1075 622 cubiculorum
1099 561 1159 621 ob-

122 655 244 738 ductas
269 672 352 736 loros
378 683 408 737 et
427 673 464 736 ad
483 673 693 736 conscientiam
709 673 849 736 luminum
865 674 1027 755 penetralia
1044 675 1156 736 occulta

139 805 289 865 reserare,
313 786 440 866 aspicias
463 783 499 844 ab
523 783 669 864 inpudicis
693 785 757 866 geri
782 785 861 864 quod
884 802 941 847 nec
961 787 1055 868 possit
1074 785 1158 866 aspi-

140 919 211 964 cere
235 899 319 963 frons
343 899 460 980 pudice,
485 898 589 960 videas
613 896 691 978 quod
716 900 828 960 crimen
851 901 888 960 sit
912 905 940 960 et
964 898 1085 978 videre,
1108 901 1157 960 vi-

141 1015 213 1077 deas
236 1012 316 1094 quod
342 1011 479 1076 vitiorum
504 1009 607 1074 lurore
634 1010 788 1073 dementes
817 1013 952 1094 gessisse
983 1031 1017 1075 se
1048 1019 1158 1096 negant

141 1135 170 1190 et
192 1143 303 1210 gerere
332 1125 480 1212 festinant.
515 1123 709 1187 stibidmtbas
741 1125 852 1189 insanis
885 1128 913 1189 in
930 1123 957 1202 ²)
989 1127 1070 1189 viros
1102 1125 1157 1188 viri

141 1247 294 1324 proruant.
340 1239 426 1300 Fiunt
457 1254 534 1318 quae
565 1255 621 1301 nec
649 1237 704 1300 illis
722 1236 750 1313 ³)
779 1245 905 1320 possunt
935 1239 1072 1321 placere,
1107 1241 1157 1320 qui

140 1355 257 1418 iaciunt.
297 1336 437 1430 blentior,
458 1351 514 1412 nisi
539 1341 686 1432 alios'qui
711 1351 776 1413 talis
794 1358 839 1413 est
861 1353 1003 1435 increpat.
1041 1354 1157 1434 'lorpes

140 1468 232 1550 turpis
249 1465 275 1540 ⁴)
307 1465 434 1528 insumat
458 1472 488 1526 et
520 1465 654 1528 evasisse
685 1483 720 1527 se
751 1467 903 1528 conscium
927 1465 1038 1544 credit,
1073 1468 1156 1547 quasi

139 1564 321 1645 conscientia
346 1580 417 1642 satis
441 1597 500 1642 noo
525 1579 570 1641 sit.
616 1577 694 1640 idern
711 1575 738 1656 ⁵)
761 1579 789 1640 in
812 1578 931 1662 publico
955 1571 1164 1657 accusatores

139 1695 169 1756 in
193 1689 311 1756 occulto
335 1694 389 1771 rei,
413 1693 442 1755 in
466 1673 665 1774 semetipsos
689 1711 834 1756 censores
857 1694 969 1775 puriter
990 1702 1019 1757 et
1039 1711 1157 1758 nocen-

139 1815 214 1871 tes.r
240 1807 384 1870 llamnont
400 1802 427 1884 ⁶)
461 1806 534 1870 loris
565 1805 645 1888 quod
677 1809 753 1870 intus
777 1814 948 1890 operantur.
995 1806 1157 1869 Admittunt

140 1923 268 1986 libenter
303 1921 383 2002 quod
418 1940 484 1984 curn
518 1921 690 1986 admiserint
724 1923 923 1986 criminantur.
978 1920 1108 1984 Audacia
1131 1915 1157 1995 ⁷)

138 2051 261 2116 prorsus
284 2053 350 2096 oum
377 2034 452 2098 vitiis
476 2035 589 2097 iaciens
613 2043 643 2096 et
665 2033 834 2116 inpudentia
864 2051 1035 2116 congruens
1067 2035 1157 2114 inpu-
1266 2103 1269 2110 1

137 2301 249 2355 editores
269 2303 441 2365 recentiores;
459 2306 552 2369 possis
570 2313 594 2355 st
613 2302 707 2369 legitur
725 2303 749 2352 in
762 2300 791 2353 A.
823 2301 885 2353 'lum
898 2305 927 2356 iu
938 2277 987 2358 uti
1002 2331 1032 2341 -
1048 2315 1155 2372 speeta-

137 2383 198 2462 eotd'
217 2408 278 2472 (sic)
292 2405 332 2458 lib
350 2416 376 2459 et
396 2411 560 2462 substitutus
574 2407 611 2459 Bb
632 2423 739 2478 moxque
756 2409 856 2460 inverso
870 2409 960 2461 ordine
976 2411 1157 2464 cubiculorum

136 2497 273 2548 recludere
293 2495 330 2544 ed,
353 2494 415 2546 Dar.
454 2493 479 2545 ln
499 2510 570 2563 seqq.
596 2513 648 2548 noro
671 2501 759 2565 possit
783 2495 836 2563 pro
854 2514 902 2551 uec
923 2499 1013 2566 possit
1038 2495 1158 2546 exhibent

137 2580 194 2632 edd.
209 2579 305 2632 Erasm.
326 2581 518 2632 antecedentes.
551 2579 611 2633 Poat
628 2586 751 2652 quesisse
770 2581 805 2634 Ba
826 2599 875 2634 om.
896 2601 933 2636 ae.
965 2581 1082 2636 Proxime
1101 2587 1159 2652 peri

137 2677 176 2720 est
194 2671 218 2719 in
237 2668 287 2733 bis,
306 2685 396 2738 perere
414 2679 553 2737 utrumque
573 2671 597 2720 in
616 2669 673 2720 edd.
688 2669 776 2721 Venet.
791 2669 871 2723 Aaou.
890 2679 915 2722 et
928 2669 1030 2734 Remb.‚
1049 2681 1156 2723 utrum·
1216 2665 1218 2673 ⁴

137 2773 185 2825 quo
203 2757 228 2806 in
248 2755 287 2806 blo
302 2754 403 2806 eddidit
421 2771 472 2806 rec.
492 2771 524 2806 rn.
570 2757 597 2817 2)
617 2759 646 2809 iu
665 2771 714 2807 orn.
735 2755 781 2807 Bb.
828 2755 910 2819 Stulta
932 2756 970 2807 W.
990 2757 1071 2810 blabc.
1096 2755 1156 2809 aab.

137 2840 159 2892 A
185 2841 363 2910 editionesque
388 2841 481 2892 uanus.
507 2839 600 2908 Rigalt.
627 2840 707 2892 Oxou,
730 2851 755 2892 et
778 2841 879 2907 Baium,
907 2861 954 2896 nec
978 2847 1049 2912 ipsis
1068 2844 1107 2894 bid
1134 2862 1156 2897 c.
1215 2898 1219 2907 ,

138 2926 197 2979 edd.
216 2927 253 2979 SP
271 2935 297 2980 el
316 2927 422 2992 barat,
450 2943 498 2980 aec
518 2930 606 2995 ipsis,
631 2943 677 2980 nco
696 2929 754 2980 tttta
779 2927 838 2978 edd.
858 2929 946 2979 Vener.
966 2929 1046 2980 llunn
1067 2930 1157 2981 liemb.

137 3013 244 3081 Essem,
263 3032 311 3068 aec
329 3017 400 3084 ipsis
419 3015 477 3066 iltis
497 3010 587 3074 Grau,
605 3028 652 3064 uae
670 3015 727 3065 iltis
747 3017 818 3081 ipsis
838 3013 931 3063 Pa'mel.
946 3023 952 3032 “
970 3014 1035 3065 ilein
1052 3020 1159 3084 plaeere

111 3139 114 3150 .
138 3101 170 3153 ab
190 3119 242 3154 rec.
263 3117 295 3153 m,
316 3103 339 3151 iu
359 3116 410 3168 mg.
430 3099 509 3150 babet
522 3095 567 3149 llic.
605 3101 635 3166 l)
653 3101 752 3168 Trarpis
772 3109 864 3169 turpes
877 3100 931 3151 Mod
952 3109 977 3152 et
994 3105 1019 3164 (a
1033 3117 1098 3153 corr.
1112 3103 1158 3170 m.)

137 3189 189 3253 bib,
209 3192 269 3240 item
289 3188 348 3238 edd.
368 3187 524 3254 antiquiores
544 3202 598 3238 cam
619 3185 714 3238 Eresos.
736 3195 761 3238 et
781 3185 855 3240 Grau.
893 3185 981 3239 Statim
1001 3205 1096 3244 ocosse
1113 3188 1158 3242 bb.

137 3275 198 3326 Tum
219 3279 346 3328 conscius
361 3273 408 3337 bic,
429 3275 571 3327 consilium
586 3272 615 3324 A.
649 3273 676 3325 ln
696 3291 766 3344 seqq.
787 3280 864 3346 quasi
881 3281 1068 3331 conscientiam
1081 3296 1158 3332 suom

117 3379 190 3414 ‚nou
212 3376 292 3429 posse
316 3364 432 3431 effuperc
456 3363 526 3414 sotis
551 3380 603 3415 nou
626 3366 663 3416 sit
688 3379 702 3413 e
729 3364 786 3414 cod.
811 3361 911 3416 Cambr.
938 3371 1035 3415 temere
1061 3365 1159 3431 recepit

139 3445 280 3510 Pamelius3
299 3449 400 3516 sapiunt
418 3449 485 3499 euim
506 3447 569 3499 baec
588 3464 683 3500 merum
704 3452 974 3517 interpretamentum,
995 3449 1062 3518 quod
1082 3451 1157 3500 etiam

84 3557 90 3574 κ
138 3532 254 3585 baluzius
272 3534 297 3585 iu
316 3535 394 3586 tribua
413 3535 483 3586 libris
501 3544 562 3586 vett.
579 3538 683 3588 inuenit.
717 3537 776 3587 Post
790 3541 859 3591 sotis
872 3540 896 3588 in
909 3537 947 3588 illa
961 3537 1157 3604 superscriptum

138 3623 231 3690 legitor
251 3638 305 3675 reo.
353 3621 382 3689 5)
406 3621 441 3673 its
468 3622 542 3674 codd.
569 3639 660 3674 omnes
685 3633 792 3693 excepto
812 3623 870 3688 lto,
900 3627 925 3676 iu
950 3640 1000 3692 quo
1026 3631 1065 3674 est
1089 3627 1156 3676 iude.

138 3708 203 3760 Edd.
223 3718 283 3762 vett.
304 3711 353 3761 boc
371 3726 511 3778 pronomen
531 3713 658 3775 omittunt,
676 3710 773 3762 Eraam.
795 3718 821 3762 et
841 3728 913 3781 seqq.
935 3712 1157 3764 exhibentium.

139 3796 200 3849 Tum
219 3801 247 3850 in
267 3801 370 3852 occulto
388 3813 437 3849 om.
454 3798 486 3861 A,
504 3801 532 3850 in
551 3803 654 3852 occuito
669 3803 711 3851 rei
724 3798 761 3848 lta
776 3799 800 3850 iu
813 3815 863 3868 mg.
877 3800 986 3867 supplet.
1022 3801 1051 3867 ii)
1072 3803 1157 3852 Dum-

137 3895 219 3954 puout
237 3882 283 3935 Bt.
305 3884 326 3936 A
346 3894 371 3936 et
391 3885 430 3937 ed.
445 3884 508 3937 Dav.
546 3885 574 3952 7)
594 3889 738 3940 Audaciam
754 3883 801 3936 tta.
840 3889 905 3941 Cum
923 3889 1006 3941 viciis
1026 3887 1087 3947 (sic)
1106 3903 1157 3942 reo.

138 3985 169 4022 nr.
188 3971 212 4022 io
232 3969 271 4023 blo
290 3969 439 4027 mutavit‘io
461 3974 603 4038 conuiciis,
623 3973 689 4046 quod
710 3975 834 4044 reperitur
853 3975 876 4024 in
898 3972 955 4024 edd.
978 3971 1039 4028 Dar.
1059 3971 1155 4029 Erasm.
