2858 4688
755 385 817 454 tat

276 541 441 608 invidemus
465 543 629 608 commodis
653 544 813 627 vostrist),
837 565 895 610 nec
918 547 1063 611 beneticia
1085 547 1186 612 divina
1208 549 1293 613 cela-

275 677 349 722 mus.
403 657 488 722 Odiis
521 660 629 721 restris
664 659 895 736 benivolentiam
912 657 939 736 ⁴)
974 661 1141 738 reddimus,
1175 670 1206 726 et
1238 681 1293 746 pro

277 773 432 838 tormentis
455 791 490 834 ac
513 773 681 856 suppliciis,
705 793 782 856 quaa
805 777 893 840 nobis
915 775 1093 855 inferuntur,
1117 776 1220 840 salutis
1242 779 1293 840 iti·

276 905 348 950 nera
380 892 586 972 monstramus.
632 887 753 952 Credite
782 897 812 954 et
840 891 932 954 vivite
949 887 995 970 ὅ),
1031 897 1060 952 ct
1090 892 1140 972 qni
1170 909 1226 954 nos
1256 891 1292 954 ad

277 1009 393 1085 tempus
430 1000 664 1084 persequimini,
702 1003 732 1066 in
769 1009 922 1068 aeternum
960 1004 1091 1087 gaudete
1128 1005 1292 1068 nobiscnm.

277 1115 404 1191 Quando
427 1115 513 1178 istinc
535 1133 688 1178 recessum
704 1112 732 1194 6)
757 1115 861 1196 luerit,
894 1118 992 1182 nullus
1015 1119 1071 1180 ianr
1094 1119 1294 1201 paenitentiae

276 1230 361 1293 locus
384 1237 440 1307 est,
462 1228 562 1291 nullus
586 1227 795 1292 satisfactionis
820 1230 945 1294 effectus
963 1226 999 1309 ²).
1044 1231 1098 1293 llic
1121 1233 1178 1293 vita
1202 1226 1293 1306 aut⁸i

277 1344 416 1406 amittitur
449 1349 499 1404 aut
532 1349 665 1420 tenetur;
699 1343 748 1405 bic
780 1344 867 1408 saluti
899 1347 1056 1408 aeternae
1073 1344 1153 1407 cultu
1185 1343 1233 1406 dei
1265 1350 1292 1405 et

276 1456 373 1520 fructu
407 1455 477 1520 lidei
509 1456 694 1537 providetur.
746 1457 811 1520 Nec
826 1452 855 1534 9)
879 1461 1045 1541 ¹quisquam
1078 1465 1130 1521 aut
1164 1458 1292 1539 peccatis

276 1569 446 1632 retardetur
474 1576 523 1633 aut
551 1571 653 1650 annis,
686 1573 845 1651 quominus
866 1573 969 1636 veniat
990 1572 1026 1634 ad
1051 1571 1293 1652 consequendam

277 1685 411 1748 salutem.
455 1683 486 1744 ln
510 1685 567 1746 isto
590 1683 687 1746 adbuc
710 1685 819 1748 mundo
849 1687 978 1748 mananti
1008 1686 1185 1767 paenitentia
1215 1684 1292 1764 nulla

277 1817 346 1864 sera
370 1807 424 1862 cst.
469 1799 551 1862 Patet
573 1800 611 1861 ad
634 1799 846 1882 indulgentiam
871 1799 919 1862 dei
942 1800 1054 1880 aditus,
1088 1807 1117 1861 ct
1142 1816 1293 1879 quaeran-

278 1915 354 1978 tibus
384 1919 472 1994 atque
503 1912 744 1996 intellegentibus
777 1916 930 1977 veritatem
956 1914 1050 1976 tacitis
1073 1930 1215 1977 accessus
1238 1917 1292 1974 est.

277 1997 329 2092 lu
344 2029 399 2090 sub
423 2027 489 2107 ipso
513 2025 581 2086 licet
604 2024 685 2086 exitu
709 2030 739 2085 et
762 2025 839 2086 vitae
852 2020 890 2101 ¹⁰)
913 2025 1082 2107 temporalis
1106 2043 1215 2087 occasu
1237 2041 1293 2105 pro

279 2141 396 2204 delictis
420 2157 512 2222 roges
535 2145 564 2200 et
587 2137 685 2216 deum,
708 2139 758 2218 qui
778 2156 856 2202 unus
872 2144 902 2201 et
918 2157 1008 2202 verus
1024 2146 1080 2217 ast,
1105 2137 1297 2202 confessione

241 2411 242 2414 Ἴ
279 2363 337 2400 rum
359 2349 490 2416 passando
515 2359 571 2394 curn
597 2342 709 2409 genitivo
736 2343 846 2394 iunctum
872 2341 896 2392 lt.
917 2343 934 2394 l.
960 2344 1109 2396 substantivi
1136 2346 1188 2395 vim
1212 2342 1296 2394 trabat.

214 2413 221 2428 Ι
282 2435 320 2487 Dc
343 2449 393 2502 quo
417 2432 539 2500 loquendi
562 2445 608 2481 usu
633 2428 748 2496 pluribus
773 2430 824 2480 dixi
849 2430 880 2481 ad
900 2429 1018 2482 Ambros.
1038 2430 1172 2482 de'oilicc.
1192 2446 1217 2496 p.
1236 2428 1296 2480 ³19.

281 2521 354 2574 Unde
367 2535 471 2588 pravam
485 2520 556 2570 istam
569 2515 720 2568 lectionem:
735 2521 766 2570 ds
776 2521 910 2587 prosum
922 2527 946 2572 st
959 2521 1096 2572 tenebrosa
1108 2527 1183 2570 nocte
1194 2533 1296 2586 super·

278 2613 413 2674 alitionis,
434 2622 448 2657 a
467 2604 579 2656 Panaetio
595 2619 629 2675 ,⁰¹
647 2612 737 2654 vetera
757 2604 866 2670 quodam
885 2604 990 2669 codice,
1010 2619 1086 2671 quem
1106 2603 1234 2654 llorellius
1254 2604 1296 2652 iu-

279 2696 372 2763 spexit,
392 2702 489 2744 temera
509 2699 689 2757 acceptumst,
710 2690 778 2757 quod
798 2692 885 2754 miror,
905 2689 937 2740 ab
952 2689 1059 2758 Ripaltio
1073 2698 1098 2741 et
1111 2687 1297 2740 Oxouieusibus

279 2782 410 2852 probatam
430 2795 445 2830 a
464 2779 618 2846 glossemate
636 2776 738 2828 fluxisse
757 2776 922 2828 manifestum
937 2785 983 2828 est
1019 2780 1183 2830 d'meirosas
1199 2791 1248 2826 om.
1264 2775 1296 2838 A,

278 2875 414 2924 latebrosa
437 2880 570 2934 perperam
594 2864 682 2916 scribit
700 2863 744 2915 Ba.
788 2865 817 2930 3)
836 2863 936 2916 Excidit
954 2869 1055 2918 aubis
1074 2865 1098 2914 in
1118 2862 1167 2914 llb.
1212 2862 1241 2929 4)
1260 2860 1297 2912 lta

280 2957 318 3008 W.
334 2955 415 3008 dlacd.
433 2953 494 3008 Bab.
511 2952 533 3002 Α
553 2959 578 3002 st
597 2957 660 3002 vett.
679 2950 736 3002 edd
757 2967 779 3002 o.
794 2950 896 3014 manua,
916 2953 1119 3004 humectantium
1131 2947 1172 2998 ilb
1192 2955 1218 2998 et
1236 2946 1296 2998 add.
1403 3007 1404 3034 Χ

278 3043 332 3096 ῐοΙΙ,
363 3041 429 3093 Dein
447 3057 478 3092 aa
498 3054 544 3105 pro
562 3049 586 3091 at
605 3040 634 3088 A.
667 3036 737 3088 lderu
757 3037 822 3088 liber
838 3055 887 3105 pro
905 3041 1058 3106 suppliciis.
1090 3035 1147 3086 llox
1165 3036 1298 3088 salutaris

278 3146 325 3199 pro
349 3133 449 3184 solutis
468 3125 521 3189 bb,
550 3134 600 3176 tum
625 3131 677 3178 iter
700 3129 913 3202 dessonatrumus
939 3124 996 3175 add.
1022 3132 1083 3175 vett.
1109 3138 1130 3172 c.
1150 3120 1248 3171 Erasm.
1271 3127 1298 3170 at
1362 3169 1367 3178 ,

279 3215 391 3279 blorell.,
415 3217 512 3268 itinera
530 3217 671 3267 demonstr.
692 3211 784 3276 Gran„
809 3216 906 3266 itinero
923 3222 1032 3266 moesta.
1052 3213 1145 3278 primus
1164 3207 1296 3259 blanutius.

279 3338 307 3401 5)
327 3347 350 3390 at
368 3340 452 3391 vivata
470 3351 483 3386 a
503 3351 534 3386 m.
554 3349 601 3400 pr,
621 3348 635 3383 a
654 3347 672 3384 s.
692 3335 777 3386 uidete
794 3303 816 3338 ἰ
830 3303 899 3338 Μ’
911 3333 963 3398 llb,
981 3343 1006 3386 st
1020 3336 1104 3387 videta
1117 3333 1236 3384 statuite
1250 3325 1295 3377 tta.

278 3427 307 3490 6)
327 3429 408 3478 istinc
426 3427 450 3477 ai
468 3424 530 3488 (sic)
549 3437 687 3474 recessum
701 3419 732 3482 Α,
751 3435 888 3474 recessura
905 3435 960 3470 cum
974 3418 1030 3469 Ver.
1051 3419 1127 3468 etism
1146 3415 1226 3468 ceteri
1238 3413 1296 3465 libri

279 3519 436 3579 etquattuor
449 3507 555 3576 anglici.
586 3504 658 3571 ttutg.
672 3521 822 3559 excessuras.
860 3507 888 3568 7)
908 3504 1018 3556 Additur
1030 3514 1071 3556 sss
1082 3504 1106 3555 iu
1120 3501 1165 3552 lib.
1202 3501 1232 3564 8)
1250 3507 1297 3553 sut

279 3613 327 3650 orn.
347 3598 378 3650 Α.
415 3596 473 3646 llos
491 3597 591 3647 salutis
610 3590 645 3642 Ba
664 3599 690 3642 at
708 3607 745 3658 pr.
760 3591 810 3656 llb,
830 3600 882 3642 tum
900 3601 925 3645 at
944 3594 1018 3644 saltu
1030 3588 1081 3654 lib,
1101 3592 1173 3642 cattas
1189 3589 1298 3640 diuinae

278 3681 536 3754 repacificatus.
572 3677 694 3746 copulam
713 3690 737 3734 st
755 3681 779 3729 in
794 3678 832 3729 llo
851 3693 873 3729 r.
893 3695 925 3731 ru.
944 3693 1019 3744 supra
1038 3676 1175 3728 adnotavit.
1212 3672 1242 3740 9)
1259 3674 1298 3726 Ns

278 3786 325 3840 pro
344 3789 392 3824 nso
415 3769 600 3837 permutatione
620 3766 694 3818 solita
712 3764 758 3816 ttb.
797 3763 861 3816 Daiu
881 3768 1022 3848 quicquum
1042 3763 1151 3830 (puncto
1170 3757 1202 3810 ab
1222 3776 1242 3811 r.
1263 3774 1295 3809 m.

279 3874 425 3941 subposito)
440 3871 481 3937 W,
499 3875 636 3940 qaisquam
652 3868 700 3934 lla,
719 3869 788 3935 prius
806 3878 851 3921 ont
869 3864 978 3930 omlis,
996 3865 1110 3934 proxime
1130 3866 1163 3916 od
1182 3866 1298 3916 sutastest

279 3963 484 4030 consequendam
502 3961 590 4011 scribit
608 3955 638 4008 Α.
683 3955 726 4020 10)
753 3958 854 4010 scitum
876 3958 947 4010 sitae
965 3952 1010 4005 lis.
1046 3949 1073 4004 lu
1093 3965 1163 4018 seqq.
1184 3952 1297 4016 confes-
