2880 4696
794 405 837 471 oo

307 563 462 647 didisset),
493 563 547 657 sed
576 563 638 629 allio
665 563 702 629 ab
731 564 873 630 inmundo
896 563 1001 648 spiritu
1022 563 1162 630 inmunda
1185 571 1322 649 correpta

306 681 426 746 larriavit
448 679 584 745 dentibus
606 680 746 766 linguam,
771 699 829 764 qua
851 680 948 746 luerat
976 678 1025 745 vel
1055 688 1139 764 pasta
1163 679 1242 762 inpie
1274 679 1322 743 vel

305 796 413 861 locuta.
456 796 616 879 Postquam
640 796 803 861 sceleratus
826 796 910 860 cibus
933 801 1065 880 sumptus
1090 803 1153 877 est,
1185 795 1216 859 in
1247 813 1322 878 per-

305 911 412 973 niciem
441 927 524 975 suam
553 910 652 975 rabies
684 911 745 976 oris
776 917 887 974 armata
918 917 972 975 est.
1015 911 1082 995 lpsa
1114 911 1160 976 sui
1188 909 1323 974 carnifex
1425 927 1426 942 ²

278 1023 434 1104 sarsum,
456 1042 513 1087 neo
542 1023 592 1088 diu
619 1040 781 1107 superesse
803 1023 991 1106 postmodum
1013 1025 1116 1107 potuit.
1161 1025 1324 1088 Doloribus

307 1137 419 1236 venum
442 1145 472 1202 et
493 1139 643 1204 viscerum
666 1140 796 1203 oruoiala
820 1138 937 1203 deleuit.

774 1337 857 1408 XX.

395 1483 558 1547 Praesente
580 1501 615 1547 aa
635 1482 659 1562 ¹)
681 1489 758 1548 teste
779 1504 827 1548 me
849 1485 916 1566 ipso
939 1482 1063 1565 accipite
1086 1480 1156 1565 quid
1180 1481 1326 1545 evenerit.

308 1597 450 1662 Parentes
472 1597 550 1662 lorte
572 1597 721 1682 fugientes
738 1597 785 1679 ²),
815 1597 884 1662 dum
906 1597 1014 1680 trepidi
1036 1597 1134 1660 minus
1157 1595 1327 1675 consulunt,

310 1713 364 1776 sub
386 1713 509 1776 nutricis
532 1713 670 1778 alimento
693 1713 845 1797 parvulam
866 1713 954 1777 liliam
970 1712 1173 1795 reliquerunt3
1193 1709 1328 1774 relictam

271 1840 297 1884 ¹⁰
309 1827 411 1892 nutrix
433 1826 536 1892 detulit
557 1826 595 1891 ad
617 1827 813 1912 magistratus.
858 1825 902 1892 llli
925 1828 953 1890 ei
967 1823 996 1908 ³)
1019 1825 1097 1910 apud
1120 1824 1242 1905 idolum,
1266 1841 1328 1906 quo

309 1941 437 2026 populus
461 1939 646 2021 confluebat,
670 1939 751 2024 quod
773 1957 894 2004 earnem
915 1937 1043 2004 neudum
1065 1945 1170 2022 posset
1183 1935 1211 2018 ⁴)
1234 1936 1329 2001 edere

309 2075 366 2141 per
387 2063 532 2138 aetatem,
554 2075 660 2138 panem
683 2073 767 2119 mero
790 2055 929 2136 mixtum,
955 2051 1035 2136 quod
1057 2059 1155 2118 tamen
1179 2058 1209 2117 et
1230 2053 1329 2136 ipsum
1425 2053 1426 2064 ’

311 2171 349 2234 de
372 2171 565 2236 inmolatione
587 2171 774 2254 pereuntium
798 2175 968 2252 supererat,
990 2167 1182 2233 tradiderunt.
1226 2167 1330 2231 lleoe-
1425 2155 1426 2200 l

310 2285 353 2369 pit
374 2287 461 2350 liliam
474 2283 501 2366 ⁶)
523 2286 712 2368 postmodum
734 2289 836 2348 mater.
877 2279 975 2360 Sed⁶t
996 2281 1112 2348 facinus
1127 2282 1225 2366 puella
1241 2299 1329 2346 oom-
1425 2263 1426 2268 ἵ

271 2409 296 2453 ¹⁵
309 2399 429 2464 missum
461 2405 520 2463 tam
551 2400 635 2481 loqui
669 2406 699 2462 et
730 2398 861 2461 indicare
896 2415 959 2462 non
996 2398 1108 2479 potuit,
1146 2415 1233 2477 quam
1269 2414 1330 2498 neo

308 2512 484 2598 intellegere
514 2514 597 2596 prius
629 2513 742 2595 potuit,
773 2529 830 2576 nee
862 2529 974 2576 arcere.
1019 2511 1209 2596 ignoratione
1238 2510 1329 2595 igitur

311 2691 512 2702 nnn-nan„—

310 2797 398 2867 Grav.)
422 2800 518 2868 reperit
534 2796 651 2851 baluzius
675 2799 701 2850 in
725 2798 825 2852 duobus
842 2808 904 2852 vett.
923 2800 993 2853 libris
1017 2815 1076 2851 mss.
1114 2795 1176 2848 Tum
1201 2809 1249 2861 pro
1277 2813 1330 2864 qaae

308 2885 356 2938 lla.
375 2884 437 2938 Bab.
456 2884 479 2938 Α
498 2894 524 2938 et
548 2902 563 2938 a
586 2901 623 2955 pr.
643 2879 675 2939 nr.
693 2885 735 2938 bib
762 2885 821 2938 dant
845 2905 927 2956 puaa3
953 2889 1014 2939 item
1040 2881 1131 2950 (irum,
1149 2883 1198 2952 ‚qui
1225 2881 1331 2934 alteram

308 2975 442 3028 lectionem
469 2975 502 3028 ad
525 2990 575 3043 mg.
594 2971 713 3027 reiecit?
734 2973 800 3027 Dein
823 2986 901 3044 parta
925 2975 1004 3026 habet
1027 2973 1073 3026 Bb.
1117 2969 1192 3036 Quod
1216 2969 1332 3040 sequitur

309 3061 367 3115 adv.
383 3065 458 3132 topia
475 3077 524 3114 om.
543 3060 576 3128 Α,
594 3066 639 3118 eat
656 3065 735 3133 impie
753 3059 1017 3127 torneamentum,
1036 3064 1142 3130 loquuta
1158 3057 1206 3110 too.

294 3214 297 3220 .
378 3149 429 3202 XX.
457 3151 486 3221 1)
505 3160 530 3205 at
545 3148 594 3203 na.
630 3150 659 3216 2)
677 3155 799 3221 serpentes
819 3148 858 3202 W.
894 3149 953 3202 blox
975 3145 1124 3218 ereptura,
1142 3148 1269 3214 intrepidi
1286 3142 1332 3195 Ba.

296 3227 375 3291 'Dein
393 3241 475 3292 minis
493 3239 555 3292 auia
573 3239 605 3303 Α,
623 3241 715 3292 aanor
732 3240 779 3292 aui
789 3238 882 3306 ¹(pron.
899 3241 945 3292 aar·
957 3237 1023 3304 typis
1035 3233 1210 3287 minutioribus
1223 3232 1331 3296 excuso)

310 3324 400 3392 (iram,
424 3329 514 3380 minor
537 3327 591 3380 atta·
617 3340 649 3376 ex
668 3322 774 3377 Gauobii
801 3325 947 3377 coniectura
964 3321 1096 3375 Pameliua.
1132 3320 1157 3374 la
1175 3322 1201 3372 in
1220 3320 1332 3372 adnota-

310 3410 421 3466 tionibus
441 3413 490 3464 ait:
511 3409 597 3478 „Fora
616 3410 752 3479 legendum
770 3413 857 3467 arelefi
893 3409 953 3463 lllox
968 3412 1106 3480 parvolam
1124 3423 1161 3478 pr.
1181 3405 1233 3459 lib.
1270 3402 1334 3456 Tum

310 3503 404 3556 relicto
421 3499 470 3552 llio.
512 3498 540 3564 3)
559 3508 584 3554 et
601 3497 650 3551 lllc.
686 3497 734 3552 Pro
757 3498 950 3570 puerilique.
993 3497 1022 3563 4)
1040 3499 1129 3568 possit
1145 3492 1194 3545 llio.
1230 3489 1334 3543 Deinde

309 3605 403 3657 paoem
419 3589 544 3642 mordiciis
561 3589 676 3642 mixtam
693 3585 750 3638 cod.
766 3584 926 3639 Pithoeanus.
961 3581 1048 3636 Statim
1061 3585 1107 3653 pai
1124 3591 1211 3634 tarrae
1230 3580 1333 3648 etipse

313 3703 345 3714 -
362 3683 500 3746 parantum
518 3670 573 3738 llo,
598 3674 660 3727 ittae
685 3675 763 3739 (illuri
780 3672 826 3741 W)
845 3681 931 3726 tomam
950 3681 974 3724 et
991 3672 1071 3740 ipsud
1088 3666 1138 3733 Ma,
1156 3667 1237 3736 ipsud
1255 3668 1337 3718 eliam

312 3759 357 3814 Ba.
393 3761 454 3814 Tum
472 3765 503 3816 da
524 3762 697 3816 immolaticio
722 3761 775 3826 (aio
802 3761 829 3812 in
856 3760 918 3824 ras.)
937 3755 988 3811 blb.
1023 3755 1091 3808 Dein
1109 3762 1248 3825 saporaret
1266 3751 1290 3804 Α
1309 3756 1338 3802 et

313 3859 456 3974 madidam
473 3917 519 3971 Bb.
555 3916 584 3988 5)
602 3915 678 3971 nudis
699 3935 777 3974 auam
794 3916 844 3968 bib.
880 3916 909 3982 6)
928 3919 965 3971 lut
981 3912 1021 3967 W.
1039 3911 1095 3978 lla,
1120 3913 1167 3967 aeri
1184 3911 1335 3980 intellipare
1425 3873 1426 3918 Ξ

315 4007 378 4075 (pr.)
395 4005 527 4060 interanei.
546 4020 612 4074 om,
636 4021 704 4078 quae
726 4013 748 4060 r'.
767 4021 802 4060 m.
820 4003 1043 4075 adaperuerit,
1061 3999 1109 4054 llo.
1144 3997 1203 4054 blox
1220 4015 1270 4054 aaa
1286 4000 1336 4052 irr-
