<?xml version="1.0" encoding="UTF-8"?>
<!DOCTYPE html PUBLIC "-//W3C//DTD XHTML 1.0 Transitional//EN"
    "http://www.w3.org/TR/xhtml1/DTD/xhtml1-transitional.dtd">
<html xmlns="http://www.w3.org/1999/xhtml" xml:lang="en" lang="en">
 <head>
  <title>
</title>
<meta http-equiv="Content-Type" content="text/html;charset=utf-8" />
  <meta name='ocr-system' content='tesseract 3.04.00' />
  <meta name='ocr-capabilities' content='ocr_page ocr_carea ocr_par ocr_line ocrx_word'/>
</head>
<body>
  <div class='ocr_page' id='page_1' title='image "./libridecatholic00krabgoog_0271.png"; bbox 0 0 2904 4692; ppageno 0'>
   <div class='ocr_carea' id='block_1_1' title="bbox 728 309 769 374">
    <p class='ocr_par' dir='ltr' id='par_1_1' title="bbox 728 309 769 374">
     <span class='ocr_line' id='line_1_1' title="bbox 728 309 769 374; baseline 0.049 -2"><span class='ocrx_word' id='word_1_1' title='bbox 728 309 769 374; x_wconf 79' lang='lat'><strong>56</strong></span> 
     </span>
    </p>
   </div>
   <div class='ocr_carea' id='block_1_2' title="bbox 240 467 1314 1682">
    <p class='ocr_par' dir='ltr' id='par_1_2' title="bbox 240 467 1314 1682">
     <span class='ocr_line' id='line_1_2' title="bbox 240 467 1258 550; baseline 0.001 -18"><span class='ocrx_word' id='word_1_2' title='bbox 240 470 354 545; x_wconf 81' lang='lat' dir='ltr'><strong>Ouontc</strong></span> <span class='ocrx_word' id='word_1_3' title='bbox 378 475 474 532; x_wconf 86' lang='lat' dir='ltr'><strong>nutem</strong></span> <span class='ocrx_word' id='word_1_4' title='bbox 499 467 609 530; x_wconf 89' lang='lat' dir='ltr'><strong>domini</strong></span> <span class='ocrx_word' id='word_1_5' title='bbox 631 467 824 550; x_wconf 74' lang='lat' dir='ltr'>indulgentia,</span> <span class='ocrx_word' id='word_1_6' title='bbox 849 472 955 546; x_wconf 84' lang='lat' dir='ltr'><strong>quante</strong></span> <span class='ocrx_word' id='word_1_7' title='bbox 980 467 1058 532; x_wconf 86' lang='lat' dir='ltr'><strong>circe</strong></span> <span class='ocrx_word' id='word_1_8' title='bbox 1076 486 1131 531; x_wconf 90' lang='lat' dir='ltr'><strong>nos</strong></span> <span class='ocrx_word' id='word_1_9' title='bbox 1149 468 1258 550; x_wconf 78' lang='lat' dir='ltr'><strong>digna-</strong></span> 
     </span>
     <span class='ocr_line' id='line_1_3' title="bbox 240 577 1302 661; baseline 0.001 -18"><span class='ocrx_word' id='word_1_10' title='bbox 240 584 328 644; x_wconf 84' lang='lat' dir='ltr'><strong>tionis</strong></span> <span class='ocrx_word' id='word_1_11' title='bbox 360 577 467 658; x_wconf 78' lang='lat' dir='ltr'><strong>eius⁶)</strong></span> <span class='ocrx_word' id='word_1_12' title='bbox 499 588 527 643; x_wconf 91' lang='lat' dir='ltr'><strong>et</strong></span> <span class='ocrx_word' id='word_1_13' title='bbox 558 583 695 644; x_wconf 81' lang='lat' dir='ltr'><strong>bonitatis</strong></span> <span class='ocrx_word' id='word_1_14' title='bbox 728 582 866 655; x_wconf 84' lang='lat' dir='ltr'><strong>ubertus,</strong></span> <span class='ocrx_word' id='word_1_15' title='bbox 899 581 949 661; x_wconf 93' lang='lat' dir='ltr'><strong>qui</strong></span> <span class='ocrx_word' id='word_1_16' title='bbox 980 583 1024 644; x_wconf 91' lang='lat' dir='ltr'><strong>sic</strong></span> <span class='ocrx_word' id='word_1_17' title='bbox 1050 600 1106 647; x_wconf 89' lang='lat' dir='ltr'><strong>nos</strong></span> <span class='ocrx_word' id='word_1_18' title='bbox 1130 582 1259 646; x_wconf 85' lang='lat' dir='ltr'><strong>volucrit</strong></span> <span class='ocrx_word' id='word_1_19' title='bbox 1298 612 1302 624; x_wconf 84' lang='grc'><strong><em>·</em></strong></span> 
     </span>
     <span class='ocr_line' id='line_1_4' title="bbox 241 693 1257 778; baseline 0.001 -20"><span class='ocrx_word' id='word_1_20' title='bbox 241 697 405 758; x_wconf 87' lang='lat' dir='ltr'><strong>emtionem</strong></span> <span class='ocrx_word' id='word_1_21' title='bbox 437 695 592 758; x_wconf 86' lang='lat' dir='ltr'><strong>celebrere</strong></span> <span class='ocrx_word' id='word_1_22' title='bbox 622 697 651 758; x_wconf 94' lang='lat' dir='ltr'><strong>in</strong></span> <span class='ocrx_word' id='word_1_23' title='bbox 683 701 846 776; x_wconf 87' lang='lat' dir='ltr'><strong>conspectu</strong></span> <span class='ocrx_word' id='word_1_24' title='bbox 878 693 943 770; x_wconf 83' lang='lat' dir='ltr'><strong>dei,</strong></span> <span class='ocrx_word' id='word_1_25' title='bbox 978 701 1006 758; x_wconf 86' lang='lat' dir='ltr'><strong>ut</strong></span> <span class='ocrx_word' id='word_1_26' title='bbox 1035 695 1121 757; x_wconf 89' lang='lat' dir='ltr'><strong>deum</strong></span> <span class='ocrx_word' id='word_1_27' title='bbox 1145 704 1257 778; x_wconf 84' lang='lat' dir='ltr'><strong>putrem</strong></span> 
     </span>
     <span class='ocr_line' id='line_1_5' title="bbox 242 795 1259 882; baseline 0.005 -13"><span class='ocrx_word' id='word_1_28' title='bbox 242 827 382 872; x_wconf 88' lang='lat' dir='ltr'><strong>vocemus</strong></span> <span class='ocrx_word' id='word_1_29' title='bbox 406 816 436 871; x_wconf 85' lang='lat' dir='ltr'><strong>et</strong></span> <span class='ocrx_word' id='word_1_30' title='bbox 458 817 489 873; x_wconf 87' lang='lat' dir='ltr'><strong>ut</strong></span> <span class='ocrx_word' id='word_1_31' title='bbox 513 816 557 870; x_wconf 87' lang='lat' dir='ltr'><strong>est</strong></span> <span class='ocrx_word' id='word_1_32' title='bbox 581 808 714 870; x_wconf 84' lang='lat' dir='ltr'><strong>Christus</strong></span> <span class='ocrx_word' id='word_1_33' title='bbox 729 795 786 868; x_wconf 67' lang='lat' dir='ltr'><strong>&#39;dei</strong></span> <span class='ocrx_word' id='word_1_34' title='bbox 810 805 904 882; x_wconf 82' lang='lat' dir='ltr'><strong>iilius,</strong></span> <span class='ocrx_word' id='word_1_35' title='bbox 939 809 982 868; x_wconf 88' lang='lat' dir='ltr'><strong>sie</strong></span> <span class='ocrx_word' id='word_1_36' title='bbox 1006 815 1036 870; x_wconf 87' lang='lat' dir='ltr'><strong>et</strong></span> <span class='ocrx_word' id='word_1_37' title='bbox 1058 827 1114 872; x_wconf 92' lang='lat' dir='ltr'><strong>nos</strong></span> <span class='ocrx_word' id='word_1_38' title='bbox 1138 809 1186 871; x_wconf 89' lang='lat' dir='ltr'><strong>dei</strong></span> <span class='ocrx_word' id='word_1_39' title='bbox 1208 811 1259 874; x_wconf 91' lang='lat' dir='ltr'><strong>sdii</strong></span> 
     </span>
     <span class='ocr_line' id='line_1_6' title="bbox 240 913 1259 1002; baseline 0.002 -20"><span class='ocrx_word' id='word_1_40' title='bbox 240 921 472 1002; x_wconf 81' lang='lat' dir='ltr'><strong>nuncupemur?</strong></span> <span class='ocrx_word' id='word_1_41' title='bbox 518 922 603 995; x_wconf 82' lang='lat' dir='ltr'><strong>Quod</strong></span> <span class='ocrx_word' id='word_1_42' title='bbox 628 913 776 993; x_wconf 77' lang='lat' dir='ltr'><strong>nomen⁷t</strong></span> <span class='ocrx_word' id='word_1_43' title='bbox 801 937 888 982; x_wconf 83' lang='lat' dir='ltr'><strong>nemo</strong></span> <span class='ocrx_word' id='word_1_44' title='bbox 912 925 1046 982; x_wconf 87' lang='lat' dir='ltr'><strong>nostrum</strong></span> <span class='ocrx_word' id='word_1_45' title='bbox 1070 923 1098 984; x_wconf 92' lang='lat' dir='ltr'><strong>in</strong></span> <span class='ocrx_word' id='word_1_46' title='bbox 1123 925 1259 986; x_wconf 82' lang='lat' dir='ltr'><strong>oratione</strong></span> 
     </span>
     <span class='ocr_line' id='line_1_7' title="bbox 241 1034 1259 1116; baseline 0.002 -20"><span class='ocrx_word' id='word_1_47' title='bbox 241 1035 366 1097; x_wconf 78' lang='lat' dir='ltr'><strong>auderet</strong></span> <span class='ocrx_word' id='word_1_48' title='bbox 389 1037 552 1115; x_wconf 79' lang='lat' dir='ltr'><strong>attingere,</strong></span> <span class='ocrx_word' id='word_1_49' title='bbox 586 1035 643 1096; x_wconf 90' lang='lat' dir='ltr'><strong>nisi</strong></span> <span class='ocrx_word' id='word_1_50' title='bbox 672 1036 736 1116; x_wconf 88' lang='lat' dir='ltr'><strong>ipse</strong></span> <span class='ocrx_word' id='word_1_51' title='bbox 767 1034 853 1095; x_wconf 92' lang='lat' dir='ltr'><strong>nobis</strong></span> <span class='ocrx_word' id='word_1_52' title='bbox 882 1035 924 1095; x_wconf 91' lang='lat' dir='ltr'><strong>sic</strong></span> <span class='ocrx_word' id='word_1_53' title='bbox 953 1037 1139 1115; x_wconf 74' lang='lat' dir='ltr'><strong>permisisset</strong></span> <span class='ocrx_word' id='word_1_54' title='bbox 1162 1054 1259 1098; x_wconf 86' lang='lat' dir='ltr'><strong>orare.</strong></span> 
     </span>
     <span class='ocr_line' id='line_1_8' title="bbox 243 1138 1259 1228; baseline 0.003 -18"><span class='ocrx_word' id='word_1_55' title='bbox 243 1147 414 1210; x_wconf 83' lang='lat' dir='ltr'><strong>Meminisse</strong></span> <span class='ocrx_word' id='word_1_56' title='bbox 436 1147 545 1228; x_wconf 81' lang='lat' dir='ltr'><strong>itaque,</strong></span> <span class='ocrx_word' id='word_1_57' title='bbox 570 1146 677 1210; x_wconf 76' lang='lat' dir='ltr'><strong>iratres</strong></span> <span class='ocrx_word' id='word_1_58' title='bbox 701 1146 883 1211; x_wconf 74' lang='lat' dir='ltr'><strong>dilectissimi</strong></span> <span class='ocrx_word' id='word_1_59' title='bbox 899 1138 937 1224; x_wconf 74' lang='lat'><strong>⁸),</strong></span> <span class='ocrx_word' id='word_1_60' title='bbox 964 1153 993 1208; x_wconf 89' lang='lat' dir='ltr'><strong>et</strong></span> <span class='ocrx_word' id='word_1_61' title='bbox 1015 1150 1094 1211; x_wconf 88' lang='lat' dir='ltr'><strong>scire</strong></span> <span class='ocrx_word' id='word_1_62' title='bbox 1117 1146 1259 1213; x_wconf 90' lang='lat' dir='ltr'><strong>debemus</strong></span> 
     </span>
     <span class='ocr_line' id='line_1_9' title="bbox 242 1258 1259 1344; baseline 0.002 -22"><span class='ocrx_word' id='word_1_63' title='bbox 242 1261 310 1341; x_wconf 85' lang='lat' dir='ltr'><strong>quin</strong></span> <span class='ocrx_word' id='word_1_64' title='bbox 334 1258 454 1340; x_wconf 78' lang='lat' dir='ltr'><strong>quando</strong></span> <span class='ocrx_word' id='word_1_65' title='bbox 477 1268 591 1342; x_wconf 83' lang='lat' dir='ltr'><strong>putrem</strong></span> <span class='ocrx_word' id='word_1_66' title='bbox 615 1262 703 1322; x_wconf 88' lang='lat' dir='ltr'><strong>deum</strong></span> <span class='ocrx_word' id='word_1_67' title='bbox 727 1260 868 1338; x_wconf 82' lang='lat' dir='ltr'><strong>dicimus,</strong></span> <span class='ocrx_word' id='word_1_68' title='bbox 903 1263 987 1341; x_wconf 82' lang='lat' dir='ltr'><strong>quasi</strong></span> <span class='ocrx_word' id='word_1_69' title='bbox 1016 1261 1067 1323; x_wconf 86' lang='lat' dir='ltr'><strong>iiiii</strong></span> <span class='ocrx_word' id='word_1_70' title='bbox 1095 1261 1144 1323; x_wconf 91' lang='lat' dir='ltr'><strong>dei</strong></span> <span class='ocrx_word' id='word_1_71' title='bbox 1167 1280 1259 1344; x_wconf 78' lang='lat' dir='ltr'><strong>ogere</strong></span> 
     </span>
     <span class='ocr_line' id='line_1_10' title="bbox 241 1371 1260 1452; baseline -0.002 -18"><span class='ocrx_word' id='word_1_72' title='bbox 241 1373 405 1450; x_wconf 83' lang='lat' dir='ltr'><strong>debemus,</strong></span> <span class='ocrx_word' id='word_1_73' title='bbox 430 1380 463 1436; x_wconf 85' lang='lat' dir='ltr'><strong>ut</strong></span> <span class='ocrx_word' id='word_1_74' title='bbox 486 1371 637 1452; x_wconf 88' lang='lat' dir='ltr'><strong>quomodo</strong></span> <span class='ocrx_word' id='word_1_75' title='bbox 661 1389 716 1433; x_wconf 86' lang='lat' dir='ltr'><strong>nos</strong></span> <span class='ocrx_word' id='word_1_76' title='bbox 741 1372 826 1433; x_wconf 91' lang='lat' dir='ltr'><strong>nobis</strong></span> <span class='ocrx_word' id='word_1_77' title='bbox 850 1371 1001 1452; x_wconf 79' lang='lat' dir='ltr'><strong>placemus</strong></span> <span class='ocrx_word' id='word_1_78' title='bbox 1025 1371 1061 1430; x_wconf 89' lang='lat' dir='ltr'><strong>de</strong></span> <span class='ocrx_word' id='word_1_79' title='bbox 1085 1371 1143 1432; x_wconf 92' lang='lat' dir='ltr'><strong>deo</strong></span> <span class='ocrx_word' id='word_1_80' title='bbox 1167 1379 1260 1452; x_wconf 81' lang='lat' dir='ltr'><strong>petre,</strong></span> 
     </span>
     <span class='ocr_line' id='line_1_11' title="bbox 242 1473 1314 1570; baseline -0.002 -22"><span class='ocrx_word' id='word_1_81' title='bbox 242 1488 285 1548; x_wconf 90' lang='lat' dir='ltr'><strong>sic</strong></span> <span class='ocrx_word' id='word_1_82' title='bbox 316 1486 372 1547; x_wconf 90' lang='lat' dir='ltr'><strong>sibi</strong></span> <span class='ocrx_word' id='word_1_83' title='bbox 401 1485 514 1566; x_wconf 81' lang='lat' dir='ltr'><strong>placeat</strong></span> <span class='ocrx_word' id='word_1_84' title='bbox 543 1491 571 1545; x_wconf 87' lang='lat' dir='ltr'><strong>et</strong></span> <span class='ocrx_word' id='word_1_85' title='bbox 603 1483 653 1570; x_wconf 85' lang='lat' dir='ltr'><strong>iiie</strong></span> <span class='ocrx_word' id='word_1_86' title='bbox 684 1473 721 1544; x_wconf 82' lang='lat' dir='ltr'><strong>de</strong></span> <span class='ocrx_word' id='word_1_87' title='bbox 745 1484 839 1545; x_wconf 89' lang='lat' dir='ltr'><strong>nobis.</strong></span> <span class='ocrx_word' id='word_1_88' title='bbox 887 1482 1108 1544; x_wconf 79' lang='lat' dir='ltr'><strong>conversemur</strong></span> <span class='ocrx_word' id='word_1_89' title='bbox 1123 1477 1151 1558; x_wconf 84' lang='lat'><strong>⁹)</strong></span> <span class='ocrx_word' id='word_1_90' title='bbox 1175 1485 1262 1563; x_wconf 81' lang='lat' dir='ltr'><strong>quasi</strong></span> <span class='ocrx_word' id='word_1_91' title='bbox 1311 1513 1314 1516; x_wconf 93' lang='lat'>·</span> 
     </span>
     <span class='ocr_line' id='line_1_12' title="bbox 243 1591 1261 1682; baseline -0.002 -24"><span class='ocrx_word' id='word_1_92' title='bbox 243 1597 292 1659; x_wconf 93' lang='lat' dir='ltr'><strong>dei</strong></span> <span class='ocrx_word' id='word_1_93' title='bbox 315 1597 438 1678; x_wconf 84' lang='lat' dir='ltr'><strong>temple,</strong></span> <span class='ocrx_word' id='word_1_94' title='bbox 469 1601 501 1657; x_wconf 92' lang='lat' dir='ltr'><strong>ut</strong></span> <span class='ocrx_word' id='word_1_95' title='bbox 524 1593 610 1654; x_wconf 90' lang='lat' dir='ltr'><strong>deum</strong></span> <span class='ocrx_word' id='word_1_96' title='bbox 633 1595 663 1655; x_wconf 92' lang='lat' dir='ltr'><strong>in</strong></span> <span class='ocrx_word' id='word_1_97' title='bbox 692 1593 779 1655; x_wconf 88' lang='lat' dir='ltr'><strong>nobis</strong></span> <span class='ocrx_word' id='word_1_98' title='bbox 808 1597 922 1654; x_wconf 89' lang='lat' dir='ltr'><strong>constet</strong></span> <span class='ocrx_word' id='word_1_99' title='bbox 950 1591 1091 1682; x_wconf 81' lang='lat' dir='ltr'><strong>habitere.</strong></span> <span class='ocrx_word' id='word_1_100' title='bbox 1137 1593 1200 1655; x_wconf 87' lang='lat' dir='ltr'><strong>Nec</strong></span> <span class='ocrx_word' id='word_1_101' title='bbox 1223 1596 1261 1656; x_wconf 89' lang='lat' dir='ltr'><strong>sit</strong></span> 
     </span>
    </p>
   </div>
   <div class='ocr_carea' id='block_1_3' title="bbox 244 1703 1261 1792">
    <p class='ocr_par' dir='ltr' id='par_1_3' title="bbox 244 1703 1261 1792">
     <span class='ocr_line' id='line_1_13' title="bbox 244 1703 1261 1792; baseline -0.002 -20"><span class='ocrx_word' id='word_1_102' title='bbox 244 1710 378 1792; x_wconf 80' lang='lat' dir='ltr'><strong>degener</strong></span> <span class='ocrx_word' id='word_1_103' title='bbox 396 1703 434 1782; x_wconf 83' lang='lat'><strong>¹⁰)</strong></span> <span class='ocrx_word' id='word_1_104' title='bbox 466 1714 550 1770; x_wconf 81' lang='lat' dir='ltr'><strong>ectus</strong></span> <span class='ocrx_word' id='word_1_105' title='bbox 582 1714 687 1770; x_wconf 85' lang='lat' dir='ltr'><strong>noster</strong></span> <span class='ocrx_word' id='word_1_106' title='bbox 717 1708 753 1768; x_wconf 86' lang='lat' dir='ltr'><strong>eb</strong></span> <span class='ocrx_word' id='word_1_107' title='bbox 777 1706 898 1786; x_wconf 92' lang='lat' dir='ltr'><strong>spiritu,</strong></span> <span class='ocrx_word' id='word_1_108' title='bbox 934 1713 965 1768; x_wconf 92' lang='lat' dir='ltr'><strong>ut</strong></span> <span class='ocrx_word' id='word_1_109' title='bbox 988 1708 1038 1787; x_wconf 90' lang='lat' dir='ltr'><strong>qui</strong></span> <span class='ocrx_word' id='word_1_110' title='bbox 1061 1707 1208 1787; x_wconf 78' lang='lat' dir='ltr'><strong>spiritales</strong></span> <span class='ocrx_word' id='word_1_111' title='bbox 1231 1715 1261 1770; x_wconf 87' lang='lat' dir='ltr'><strong>et</strong></span> 
     </span>
    </p>
   </div>
   <div class='ocr_carea' id='block_1_4' title="bbox 237 1921 1268 3116">
    <p class='ocr_par' dir='ltr' id='par_1_4' title="bbox 237 1921 1268 3116">
     <span class='ocr_line' id='line_1_14' title="bbox 308 1921 1263 1990; baseline 0.001 -16"><span class='ocrx_word' id='word_1_112' title='bbox 308 1925 336 1990; x_wconf 80' lang='lat'><strong>6)</strong></span> <span class='ocrx_word' id='word_1_113' title='bbox 350 1927 409 1977; x_wconf 78' lang='lat' dir='ltr'><strong>cius</strong></span> <span class='ocrx_word' id='word_1_114' title='bbox 423 1939 472 1973; x_wconf 92' lang='lat' dir='ltr'><strong>om.</strong></span> <span class='ocrx_word' id='word_1_115' title='bbox 489 1921 517 1973; x_wconf 87' lang='lat' dir='ltr'><strong>C.</strong></span> <span class='ocrx_word' id='word_1_116' title='bbox 549 1921 604 1972; x_wconf 77' lang='lat' dir='ltr'><strong>dinc</strong></span> <span class='ocrx_word' id='word_1_117' title='bbox 615 1937 756 1990; x_wconf 88' lang='lat' dir='ltr'><strong>pronomen</strong></span> <span class='ocrx_word' id='word_1_118' title='bbox 770 1929 827 1989; x_wconf 86' lang='lat' dir='ltr'><strong>post</strong></span> <span class='ocrx_word' id='word_1_119' title='bbox 841 1923 963 1974; x_wconf 80' lang='lat' dir='ltr'><strong>bonitatis</strong></span> <span class='ocrx_word' id='word_1_120' title='bbox 976 1922 1101 1986; x_wconf 82' lang='lat' dir='ltr'><strong>repetitur</strong></span> <span class='ocrx_word' id='word_1_121' title='bbox 1113 1925 1137 1973; x_wconf 90' lang='lat' dir='ltr'><strong>in</strong></span> <span class='ocrx_word' id='word_1_122' title='bbox 1153 1923 1182 1974; x_wconf 91' lang='lat' dir='ltr'><strong>A.</strong></span> <span class='ocrx_word' id='word_1_123' title='bbox 1214 1923 1263 1976; x_wconf 90' lang='lat' dir='ltr'><strong>Pro</strong></span> 
     </span>
     <span class='ocr_line' id='line_1_15' title="bbox 244 1991 1262 2076; baseline -0.006 -10"><span class='ocrx_word' id='word_1_124' title='bbox 244 2017 352 2066; x_wconf 70' lang='lat' dir='ltr'><strong>ubertas</strong></span> <span class='ocrx_word' id='word_1_125' title='bbox 377 2013 401 2061; x_wconf 91' lang='lat' dir='ltr'><strong>in</strong></span> <span class='ocrx_word' id='word_1_126' title='bbox 427 2009 472 2061; x_wconf 50' lang='lat' dir='ltr'><strong>ua*</strong></span> <span class='ocrx_word' id='word_1_127' title='bbox 487 2018 526 2061; x_wconf 84' lang='lat' dir='ltr'><strong>est</strong></span> <span class='ocrx_word' id='word_1_128' title='bbox 551 2013 670 2064; x_wconf 75' lang='lat' dir='ltr'><strong>libertae.</strong></span> <span class='ocrx_word' id='word_1_129' title='bbox 708 2009 773 2060; x_wconf 79' lang='lat' dir='ltr'><strong>Dein</strong></span> <span class='ocrx_word' id='word_1_130' title='bbox 797 2018 827 2061; x_wconf 81' lang='lat' dir='ltr'><strong>nt</strong></span> <span class='ocrx_word' id='word_1_131' title='bbox 852 2022 898 2073; x_wconf 84' lang='lat' dir='ltr'><strong>pro</strong></span> <span class='ocrx_word' id='word_1_132' title='bbox 923 2011 969 2076; x_wconf 79' lang='lat' dir='ltr'><strong>qni</strong></span> <span class='ocrx_word' id='word_1_133' title='bbox 992 2008 1017 2056; x_wconf 90' lang='lat' dir='ltr'><strong>in</strong></span> <span class='ocrx_word' id='word_1_134' title='bbox 1038 2005 1066 2058; x_wconf 87' lang='lat' dir='ltr'><strong>C.</strong></span> <span class='ocrx_word' id='word_1_135' title='bbox 1086 2007 1125 2060; x_wconf 90' lang='lat' dir='ltr'><strong>W.</strong></span> <span class='ocrx_word' id='word_1_136' title='bbox 1141 1991 1262 2062; x_wconf 55' lang='lat' dir='ltr'><strong>‘Mebcde</strong></span> 
     </span>
     <span class='ocr_line' id='line_1_16' title="bbox 244 2092 1264 2160; baseline 0 -14"><span class='ocrx_word' id='word_1_137' title='bbox 244 2099 302 2149; x_wconf 82' lang='lat' dir='ltr'><strong>Ver.</strong></span> <span class='ocrx_word' id='word_1_138' title='bbox 318 2100 341 2148; x_wconf 83' lang='lat' dir='ltr'><strong>d.</strong></span> <span class='ocrx_word' id='word_1_139' title='bbox 362 2096 431 2148; x_wconf 78' lang='lat' dir='ltr'><strong>Bubc</strong></span> <span class='ocrx_word' id='word_1_140' title='bbox 450 2104 476 2146; x_wconf 82' lang='lat' dir='ltr'><strong>et</strong></span> <span class='ocrx_word' id='word_1_141' title='bbox 489 2096 518 2146; x_wconf 95' lang='lat' dir='ltr'><strong>A.</strong></span> <span class='ocrx_word' id='word_1_142' title='bbox 558 2095 673 2146; x_wconf 85' lang='lat' dir='ltr'><strong>Proxime</strong></span> <span class='ocrx_word' id='word_1_143' title='bbox 692 2099 721 2146; x_wconf 82' lang='lat' dir='ltr'><strong>in</strong></span> <span class='ocrx_word' id='word_1_144' title='bbox 740 2103 880 2160; x_wconf 78' lang='lat' dir='ltr'><strong>conrpcrtu</strong></span> <span class='ocrx_word' id='word_1_145' title='bbox 898 2096 998 2146; x_wconf 80' lang='lat' dir='ltr'><strong>domini</strong></span> <span class='ocrx_word' id='word_1_146' title='bbox 1016 2092 1110 2145; x_wconf 81' lang='lat' dir='ltr'><strong>babent</strong></span> <span class='ocrx_word' id='word_1_147' title='bbox 1122 2094 1157 2146; x_wconf 87' lang='lat' dir='ltr'><strong>Bc</strong></span> <span class='ocrx_word' id='word_1_148' title='bbox 1169 2104 1195 2146; x_wconf 86' lang='lat' dir='ltr'><strong>ct</strong></span> <span class='ocrx_word' id='word_1_149' title='bbox 1208 2095 1264 2146; x_wconf 88' lang='lat' dir='ltr'><strong>bicd</strong></span> 
     </span>
     <span class='ocr_line' id='line_1_17' title="bbox 245 2180 1264 2253; baseline -0.003 -17"><span class='ocrx_word' id='word_1_150' title='bbox 245 2201 353 2253; x_wconf 79' lang='lat' dir='ltr'><strong>moxque</strong></span> <span class='ocrx_word' id='word_1_151' title='bbox 373 2183 428 2236; x_wconf 82' lang='lat' dir='ltr'><strong>cO</strong></span> <span class='ocrx_word' id='word_1_152' title='bbox 448 2192 473 2235; x_wconf 83' lang='lat' dir='ltr'><strong>et</strong></span> <span class='ocrx_word' id='word_1_153' title='bbox 487 2182 523 2234; x_wconf 82' lang='lat' dir='ltr'><strong>Bb</strong></span> <span class='ocrx_word' id='word_1_154' title='bbox 544 2187 675 2237; x_wconf 77' lang='lat' dir='ltr'><strong>dominum</strong></span> <span class='ocrx_word' id='word_1_155' title='bbox 693 2193 804 2251; x_wconf 80' lang='lat' dir='ltr'><strong>patrem.</strong></span> <span class='ocrx_word' id='word_1_156' title='bbox 843 2180 907 2231; x_wconf 84' lang='lat' dir='ltr'><strong>Dein</strong></span> <span class='ocrx_word' id='word_1_157' title='bbox 927 2191 956 2234; x_wconf 83' lang='lat' dir='ltr'><strong>ut</strong></span> <span class='ocrx_word' id='word_1_158' title='bbox 974 2191 998 2234; x_wconf 85' lang='lat' dir='ltr'><strong>et</strong></span> <span class='ocrx_word' id='word_1_159' title='bbox 1016 2190 1057 2235; x_wconf 81' lang='lat' dir='ltr'><strong>ert</strong></span> <span class='ocrx_word' id='word_1_160' title='bbox 1070 2184 1195 2245; x_wconf 75' lang='lat' dir='ltr'><strong>Obrimus</strong></span> <span class='ocrx_word' id='word_1_161' title='bbox 1212 2181 1264 2233; x_wconf 79' lang='lat' dir='ltr'><strong>niio</strong></span> 
     </span>
     <span class='ocr_line' id='line_1_18' title="bbox 245 2253 1265 2345; baseline -0.003 -22"><span class='ocrx_word' id='word_1_162' title='bbox 245 2273 333 2324; x_wconf 79' lang='lat' dir='ltr'><strong>ordine</strong></span> <span class='ocrx_word' id='word_1_163' title='bbox 354 2271 446 2345; x_wconf 66' lang='lat' dir='ltr'><strong>iegitur</strong></span> <span class='ocrx_word' id='word_1_164' title='bbox 465 2272 489 2322; x_wconf 92' lang='lat' dir='ltr'><strong>in</strong></span> <span class='ocrx_word' id='word_1_165' title='bbox 509 2274 545 2332; x_wconf 79' lang='lat' dir='ltr'><strong>A,</strong></span> <span class='ocrx_word' id='word_1_166' title='bbox 569 2280 593 2322; x_wconf 82' lang='lat' dir='ltr'><strong>ct</strong></span> <span class='ocrx_word' id='word_1_167' title='bbox 611 2253 651 2323; x_wconf 66' lang='lat' dir='ltr'><strong>cet</strong></span> <span class='ocrx_word' id='word_1_168' title='bbox 671 2271 776 2332; x_wconf 74' lang='lat' dir='ltr'><strong>inmisso</strong></span> <span class='ocrx_word' id='word_1_169' title='bbox 796 2270 837 2330; x_wconf 84' lang='lat' dir='ltr'><strong>ut)</strong></span> <span class='ocrx_word' id='word_1_170' title='bbox 856 2269 881 2318; x_wconf 91' lang='lat' dir='ltr'><strong>in</strong></span> <span class='ocrx_word' id='word_1_171' title='bbox 902 2267 930 2330; x_wconf 81' lang='grc' dir='ltr'><strong>Ο,</strong></span> <span class='ocrx_word' id='word_1_172' title='bbox 951 2278 991 2320; x_wconf 77' lang='lat' dir='ltr'><strong>cet</strong></span> <span class='ocrx_word' id='word_1_173' title='bbox 1008 2283 1057 2319; x_wconf 88' lang='lat' dir='ltr'><strong>om.</strong></span> <span class='ocrx_word' id='word_1_174' title='bbox 1079 2266 1124 2320; x_wconf 90' lang='lat' dir='ltr'><strong>Bb.</strong></span> <span class='ocrx_word' id='word_1_175' title='bbox 1161 2269 1265 2320; x_wconf 83' lang='lat' dir='ltr'><strong>inverse</strong></span> 
     </span>
     <span class='ocr_line' id='line_1_19' title="bbox 245 2354 1265 2428; baseline -0.007 -16"><span class='ocrx_word' id='word_1_176' title='bbox 245 2361 318 2428; x_wconf 71' lang='lat' dir='ltr'><strong>filine</strong></span> <span class='ocrx_word' id='word_1_177' title='bbox 337 2361 378 2412; x_wconf 82' lang='lat' dir='ltr'><strong>dci</strong></span> <span class='ocrx_word' id='word_1_178' title='bbox 397 2357 484 2410; x_wconf 83' lang='lat' dir='ltr'><strong>scribit</strong></span> <span class='ocrx_word' id='word_1_179' title='bbox 503 2357 544 2407; x_wconf 83' lang='lat' dir='ltr'><strong>ni.</strong></span> <span class='ocrx_word' id='word_1_180' title='bbox 559 2356 670 2406; x_wconf 67' lang='lat' dir='ltr'><strong>estotim</strong></span> <span class='ocrx_word' id='word_1_181' title='bbox 697 2364 762 2422; x_wconf 84' lang='lat' dir='ltr'><strong>port.</strong></span> <span class='ocrx_word' id='word_1_182' title='bbox 788 2364 812 2407; x_wconf 83' lang='lat' dir='ltr'><strong>ct</strong></span> <span class='ocrx_word' id='word_1_183' title='bbox 836 2369 886 2404; x_wconf 89' lang='lat' dir='ltr'><strong>om.</strong></span> <span class='ocrx_word' id='word_1_184' title='bbox 912 2354 949 2405; x_wconf 88' lang='lat' dir='ltr'><strong>Bb</strong></span> <span class='ocrx_word' id='word_1_185' title='bbox 972 2371 1023 2404; x_wconf 80' lang='lat' dir='ltr'><strong>-unu</strong></span> <span class='ocrx_word' id='word_1_186' title='bbox 1049 2371 1106 2405; x_wconf 89' lang='lat' dir='ltr'><strong>cum</strong></span> <span class='ocrx_word' id='word_1_187' title='bbox 1131 2356 1172 2406; x_wconf 87' lang='lat' dir='ltr'><strong>ed.</strong></span> <span class='ocrx_word' id='word_1_188' title='bbox 1193 2354 1265 2420; x_wconf 59' lang='lat' dir='ltr'><strong>Dor„</strong></span> 
     </span>
     <span class='ocr_line' id='line_1_20' title="bbox 246 2438 1265 2511; baseline -0.002 -15"><span class='ocrx_word' id='word_1_189' title='bbox 246 2462 296 2498; x_wconf 76' lang='lat' dir='ltr'><strong>tros</strong></span> <span class='ocrx_word' id='word_1_190' title='bbox 312 2444 342 2494; x_wconf 91' lang='lat' dir='ltr'><strong>A.</strong></span> <span class='ocrx_word' id='word_1_191' title='bbox 379 2443 427 2494; x_wconf 86' lang='lat' dir='ltr'><strong>Pro</strong></span> <span class='ocrx_word' id='word_1_192' title='bbox 445 2447 486 2496; x_wconf 83' lang='lat' dir='ltr'><strong>dei</strong></span> <span class='ocrx_word' id='word_1_193' title='bbox 503 2445 573 2509; x_wconf 66' lang='lat' dir='ltr'><strong>iiiior</strong></span> <span class='ocrx_word' id='word_1_194' title='bbox 591 2457 776 2509; x_wconf 79' lang='lat' dir='ltr'><strong>nurrcnpcmnr</strong></span> <span class='ocrx_word' id='word_1_195' title='bbox 797 2455 812 2491; x_wconf 84' lang='lat' dir='ltr'><strong>c</strong></span> <span class='ocrx_word' id='word_1_196' title='bbox 831 2438 906 2489; x_wconf 88' lang='lat' dir='ltr'><strong>codd.</strong></span> <span class='ocrx_word' id='word_1_197' title='bbox 922 2438 995 2490; x_wconf 86' lang='lat' dir='ltr'><strong>bibcd</strong></span> <span class='ocrx_word' id='word_1_198' title='bbox 1016 2439 1099 2506; x_wconf 77' lang='lat' dir='ltr'><strong>etde,</strong></span> <span class='ocrx_word' id='word_1_199' title='bbox 1119 2442 1265 2511; x_wconf 85' lang='lat' dir='ltr'><strong>quibuscum</strong></span> 
     </span>
     <span class='ocr_line' id='line_1_21' title="bbox 247 2523 1266 2597; baseline 0.002 -16"><span class='ocrx_word' id='word_1_200' title='bbox 247 2531 341 2581; x_wconf 76' lang='lat' dir='ltr'><strong>iaciunt</strong></span> <span class='ocrx_word' id='word_1_201' title='bbox 360 2529 418 2578; x_wconf 86' lang='lat' dir='ltr'><strong>edd.</strong></span> <span class='ocrx_word' id='word_1_202' title='bbox 432 2527 528 2576; x_wconf 79' lang='lat' dir='ltr'><strong>Ernsm.</strong></span> <span class='ocrx_word' id='word_1_203' title='bbox 550 2524 624 2575; x_wconf 86' lang='lat' dir='ltr'><strong>Grev.</strong></span> <span class='ocrx_word' id='word_1_204' title='bbox 644 2533 720 2590; x_wconf 82' lang='lat' dir='ltr'><strong>etque</strong></span> <span class='ocrx_word' id='word_1_205' title='bbox 740 2523 819 2574; x_wconf 83' lang='lat' dir='ltr'><strong>Oxou.</strong></span> <span class='ocrx_word' id='word_1_206' title='bbox 840 2526 927 2590; x_wconf 81' lang='lat' dir='ltr'><strong>recepi</strong></span> <span class='ocrx_word' id='word_1_207' title='bbox 946 2527 988 2576; x_wconf 83' lang='lat' dir='ltr'><strong>dci</strong></span> <span class='ocrx_word' id='word_1_208' title='bbox 1005 2527 1054 2594; x_wconf 76' lang='lat' dir='ltr'><strong>ptis·</strong></span> <span class='ocrx_word' id='word_1_209' title='bbox 1071 2545 1266 2597; x_wconf 76' lang='lat' dir='ltr'><strong>nuncupemur,</strong></span> 
     </span>
     <span class='ocr_line' id='line_1_22' title="bbox 247 2609 1266 2682; baseline -0.003 -18"><span class='ocrx_word' id='word_1_210' title='bbox 247 2629 322 2682; x_wconf 82' lang='lat' dir='ltr'><strong>quom</strong></span> <span class='ocrx_word' id='word_1_211' title='bbox 341 2614 476 2662; x_wconf 76' lang='lat' dir='ltr'><strong>lectionem</strong></span> <span class='ocrx_word' id='word_1_212' title='bbox 495 2613 519 2661; x_wconf 87' lang='lat' dir='ltr'><strong>in</strong></span> <span class='ocrx_word' id='word_1_213' title='bbox 538 2611 590 2662; x_wconf 82' lang='lat' dir='ltr'><strong>suis</strong></span> <span class='ocrx_word' id='word_1_214' title='bbox 609 2625 712 2678; x_wconf 87' lang='lat' dir='ltr'><strong>quoqne</strong></span> <span class='ocrx_word' id='word_1_215' title='bbox 731 2610 800 2660; x_wconf 83' lang='lat' dir='ltr'><strong>tibris</strong></span> <span class='ocrx_word' id='word_1_216' title='bbox 821 2612 917 2660; x_wconf 87' lang='lat' dir='ltr'><strong>invenit</strong></span> <span class='ocrx_word' id='word_1_217' title='bbox 929 2609 1068 2675; x_wconf 79' lang='lat' dir='ltr'><strong>Pcmciins3</strong></span> <span class='ocrx_word' id='word_1_218' title='bbox 1089 2616 1112 2666; x_wconf 79' lang='lat' dir='ltr'><strong>d.</strong></span> <span class='ocrx_word' id='word_1_219' title='bbox 1127 2617 1176 2681; x_wconf 67' lang='lat' dir='ltr'><strong>filii</strong></span> <span class='ocrx_word' id='word_1_220' title='bbox 1190 2635 1266 2670; x_wconf 60' lang='lat' dir='ltr'><strong>yrun.</strong></span> 
     </span>
     <span class='ocr_line' id='line_1_23' title="bbox 248 2694 1268 2772; baseline 0.006 -22"><span class='ocrx_word' id='word_1_221' title='bbox 248 2716 378 2769; x_wconf 78' lang='lat' dir='ltr'><strong>cnpcmur</strong></span> <span class='ocrx_word' id='word_1_222' title='bbox 401 2704 483 2748; x_wconf 77' lang='lat' dir='ltr'><strong>exstet</strong></span> <span class='ocrx_word' id='word_1_223' title='bbox 505 2698 529 2747; x_wconf 90' lang='lat' dir='ltr'><strong>in</strong></span> <span class='ocrx_word' id='word_1_224' title='bbox 550 2696 579 2748; x_wconf 86' lang='lat' dir='ltr'><strong>A.</strong></span> <span class='ocrx_word' id='word_1_225' title='bbox 625 2699 652 2758; x_wconf 81' lang='lat'><strong>7)</strong></span> <span class='ocrx_word' id='word_1_226' title='bbox 670 2713 764 2748; x_wconf 79' lang='lat' dir='ltr'><strong>nomen</strong></span> <span class='ocrx_word' id='word_1_227' title='bbox 782 2711 831 2746; x_wconf 87' lang='lat' dir='ltr'><strong>om.</strong></span> <span class='ocrx_word' id='word_1_228' title='bbox 852 2694 888 2746; x_wconf 86' lang='lat' dir='ltr'><strong>Bc</strong></span> <span class='ocrx_word' id='word_1_229' title='bbox 908 2705 934 2748; x_wconf 88' lang='lat' dir='ltr'><strong>et</strong></span> <span class='ocrx_word' id='word_1_230' title='bbox 953 2696 1015 2747; x_wconf 85' lang='lat' dir='ltr'><strong>bicd.</strong></span> <span class='ocrx_word' id='word_1_231' title='bbox 1054 2697 1111 2750; x_wconf 83' lang='lat' dir='ltr'><strong>bier</strong></span> <span class='ocrx_word' id='word_1_232' title='bbox 1131 2703 1268 2772; x_wconf 74' lang='lat' dir='ltr'><strong>udtr&#39;nqere</strong></span> 
     </span>
     <span class='ocr_line' id='line_1_24' title="bbox 237 2781 1267 2846; baseline 0.001 -9"><span class='ocrx_word' id='word_1_233' title='bbox 237 2785 315 2846; x_wconf 56' lang='lat' dir='ltr'><strong>‚male</strong></span> <span class='ocrx_word' id='word_1_234' title='bbox 338 2783 378 2834; x_wconf 85' lang='lat' dir='ltr'><strong>W.</strong></span> <span class='ocrx_word' id='word_1_235' title='bbox 404 2782 451 2834; x_wconf 83' lang='lat' dir='ltr'><strong>diu.</strong></span> <span class='ocrx_word' id='word_1_236' title='bbox 479 2781 538 2836; x_wconf 84' lang='lat' dir='ltr'><strong>Boc.</strong></span> <span class='ocrx_word' id='word_1_237' title='bbox 576 2784 632 2836; x_wconf 85' lang='lat' dir='ltr'><strong>Vid.</strong></span> <span class='ocrx_word' id='word_1_238' title='bbox 659 2783 753 2835; x_wconf 89' lang='lat' dir='ltr'><strong>Adnot.</strong></span> <span class='ocrx_word' id='word_1_239' title='bbox 780 2786 804 2835; x_wconf 89' lang='lat' dir='ltr'><strong>in</strong></span> <span class='ocrx_word' id='word_1_240' title='bbox 830 2782 927 2835; x_wconf 85' lang='lat' dir='ltr'><strong>Peniin.</strong></span> <span class='ocrx_word' id='word_1_241' title='bbox 954 2785 987 2834; x_wconf 85' lang='lat' dir='ltr'><strong>de</strong></span> <span class='ocrx_word' id='word_1_242' title='bbox 1012 2786 1063 2842; x_wconf 75' lang='lat' dir='ltr'><strong>ritu</strong></span> <span class='ocrx_word' id='word_1_243' title='bbox 1089 2785 1114 2838; x_wconf 83' lang='lat' dir='ltr'><strong>S.</strong></span> <span class='ocrx_word' id='word_1_244' title='bbox 1140 2789 1267 2843; x_wconf 79' lang='lat' dir='ltr'><strong>Ambrosii</strong></span> 
     </span>
     <span class='ocr_line' id='line_1_25' title="bbox 247 2869 1266 2942; baseline 0.005 -20"><span class='ocrx_word' id='word_1_245' title='bbox 247 2889 272 2939; x_wconf 84' lang='lat' dir='ltr'><strong>p.</strong></span> <span class='ocrx_word' id='word_1_246' title='bbox 287 2871 345 2923; x_wconf 78' lang='lat'>232.</span> <span class='ocrx_word' id='word_1_247' title='bbox 383 2870 444 2923; x_wconf 87' lang='lat' dir='ltr'><strong>Tum</strong></span> <span class='ocrx_word' id='word_1_248' title='bbox 464 2875 522 2942; x_wconf 79' lang='lat' dir='ltr'><strong>ipsc</strong></span> <span class='ocrx_word' id='word_1_249' title='bbox 541 2875 668 2927; x_wconf 72' lang='lat' dir='ltr'><strong>curtetur</strong></span> <span class='ocrx_word' id='word_1_250' title='bbox 688 2869 723 2922; x_wconf 88' lang='lat' dir='ltr'><strong>Bc</strong></span> <span class='ocrx_word' id='word_1_251' title='bbox 742 2879 768 2922; x_wconf 85' lang='lat' dir='ltr'><strong>ct</strong></span> <span class='ocrx_word' id='word_1_252' title='bbox 783 2871 847 2923; x_wconf 84' lang='lat' dir='ltr'><strong>died.</strong></span> <span class='ocrx_word' id='word_1_253' title='bbox 884 2869 914 2938; x_wconf 78' lang='lat'><strong>8)</strong></span> <span class='ocrx_word' id='word_1_254' title='bbox 933 2875 1075 2925; x_wconf 71' lang='lat' dir='ltr'><strong>karissimi</strong></span> <span class='ocrx_word' id='word_1_255' title='bbox 1088 2871 1141 2924; x_wconf 79' lang='lat' dir='ltr'><strong>Rbc</strong></span> <span class='ocrx_word' id='word_1_256' title='bbox 1162 2883 1187 2924; x_wconf 83' lang='lat' dir='ltr'><strong>et</strong></span> <span class='ocrx_word' id='word_1_257' title='bbox 1200 2875 1266 2940; x_wconf 85' lang='lat' dir='ltr'><strong>died,</strong></span> 
     </span>
     <span class='ocr_line' id='line_1_26' title="bbox 248 2957 1265 3030; baseline 0.007 -22"><span class='ocrx_word' id='word_1_258' title='bbox 248 2960 308 3010; x_wconf 78' lang='lat' dir='ltr'><strong>item</strong></span> <span class='ocrx_word' id='word_1_259' title='bbox 326 2975 364 3026; x_wconf 88' lang='lat' dir='ltr'><strong>pr.</strong></span> <span class='ocrx_word' id='word_1_260' title='bbox 378 2959 421 3022; x_wconf 85' lang='lat' dir='ltr'><strong>bii,</strong></span> <span class='ocrx_word' id='word_1_261' title='bbox 441 2970 464 3013; x_wconf 82' lang='lat' dir='ltr'><strong>et</strong></span> <span class='ocrx_word' id='word_1_262' title='bbox 483 2964 556 3014; x_wconf 79' lang='lat' dir='ltr'><strong>sciro</strong></span> <span class='ocrx_word' id='word_1_263' title='bbox 574 2976 622 3011; x_wconf 89' lang='lat' dir='ltr'><strong>orn.</strong></span> <span class='ocrx_word' id='word_1_264' title='bbox 641 2957 675 3010; x_wconf 81' lang='lat' dir='ltr'><strong>bc</strong></span> <span class='ocrx_word' id='word_1_265' title='bbox 697 2967 722 3009; x_wconf 86' lang='lat' dir='ltr'><strong>ct</strong></span> <span class='ocrx_word' id='word_1_266' title='bbox 742 2957 806 3010; x_wconf 86' lang='lat' dir='ltr'><strong>Mcd.</strong></span> <span class='ocrx_word' id='word_1_267' title='bbox 844 2958 922 3010; x_wconf 87' lang='lat' dir='ltr'><strong>iidem</strong></span> <span class='ocrx_word' id='word_1_268' title='bbox 944 2959 999 3010; x_wconf 87' lang='lat' dir='ltr'><strong>iibri</strong></span> <span class='ocrx_word' id='word_1_269' title='bbox 1018 2976 1041 3009; x_wconf 89' lang='lat' dir='ltr'><strong>c.</strong></span> <span class='ocrx_word' id='word_1_270' title='bbox 1061 2964 1082 3011; x_wconf 91' lang='lat' dir='ltr'><strong>A</strong></span> <span class='ocrx_word' id='word_1_271' title='bbox 1101 2959 1195 3012; x_wconf 79' lang='lat' dir='ltr'><strong>hebent</strong></span> <span class='ocrx_word' id='word_1_272' title='bbox 1213 2983 1265 3030; x_wconf 81' lang='lat' dir='ltr'><strong>pc-</strong></span> 
     </span>
     <span class='ocr_line' id='line_1_27' title="bbox 249 3045 1268 3116; baseline 0.006 -19"><span class='ocrx_word' id='word_1_273' title='bbox 249 3056 314 3098; x_wconf 82' lang='lat' dir='ltr'><strong>trem</strong></span> <span class='ocrx_word' id='word_1_274' title='bbox 332 3050 481 3112; x_wconf 81' lang='lat' dir='ltr'><strong>dominum,</strong></span> <span class='ocrx_word' id='word_1_275' title='bbox 509 3047 562 3099; x_wconf 86' lang='lat' dir='ltr'><strong>ttbt</strong></span> <span class='ocrx_word' id='word_1_276' title='bbox 580 3051 655 3100; x_wconf 61' lang='lat' dir='ltr'><strong>munt</strong></span> <span class='ocrx_word' id='word_1_277' title='bbox 673 3056 780 3116; x_wconf 79' lang='lat' dir='ltr'><strong>patrem.</strong></span> <span class='ocrx_word' id='word_1_278' title='bbox 818 3045 874 3097; x_wconf 84' lang='lat' dir='ltr'><strong>Mox</strong></span> <span class='ocrx_word' id='word_1_279' title='bbox 892 3049 932 3115; x_wconf 71' lang='lat' dir='ltr'><strong>ptr·</strong></span> <span class='ocrx_word' id='word_1_280' title='bbox 948 3062 985 3113; x_wconf 93' lang='lat' dir='ltr'><strong>pr.</strong></span> <span class='ocrx_word' id='word_1_281' title='bbox 1008 3045 1080 3110; x_wconf 78' lang='lat' dir='ltr'><strong>mab,</strong></span> <span class='ocrx_word' id='word_1_282' title='bbox 1106 3048 1206 3100; x_wconf 81' lang='lat' dir='ltr'><strong>inverse</strong></span> <span class='ocrx_word' id='word_1_283' title='bbox 1225 3054 1268 3103; x_wconf 82' lang='lat' dir='ltr'><strong>dci</strong></span> 
     </span>
    </p>
   </div>
   <div class='ocr_carea' id='block_1_5' title="bbox 160 3131 1266 3212">
    <p class='ocr_par' dir='ltr' id='par_1_5' title="bbox 160 3131 1266 3212">
     <span class='ocr_line' id='line_1_28' title="bbox 160 3131 1266 3212; baseline 0.005 -28"><span class='ocrx_word' id='word_1_284' title='bbox 160 3205 163 3212; x_wconf 18' lang='grc' dir='ltr'><strong><em>Δ</em></strong></span> <span class='ocrx_word' id='word_1_285' title='bbox 247 3135 296 3199; x_wconf 72' lang='lat' dir='ltr'><strong>ptis·</strong></span> <span class='ocrx_word' id='word_1_286' title='bbox 322 3133 382 3184; x_wconf 80' lang='lat' dir='ltr'><strong>dent</strong></span> <span class='ocrx_word' id='word_1_287' title='bbox 402 3131 435 3184; x_wconf 88' lang='lat' dir='ltr'><strong>Bc</strong></span> <span class='ocrx_word' id='word_1_288' title='bbox 454 3141 479 3184; x_wconf 85' lang='lat' dir='ltr'><strong>ct</strong></span> <span class='ocrx_word' id='word_1_289' title='bbox 499 3133 563 3185; x_wconf 86' lang='lat' dir='ltr'><strong>bicd.</strong></span> <span class='ocrx_word' id='word_1_290' title='bbox 600 3133 700 3184; x_wconf 82' lang='lat' dir='ltr'><strong>Excidit</strong></span> <span class='ocrx_word' id='word_1_291' title='bbox 719 3137 760 3186; x_wconf 81' lang='lat' dir='ltr'><strong>dci</strong></span> <span class='ocrx_word' id='word_1_292' title='bbox 780 3134 804 3183; x_wconf 89' lang='lat' dir='ltr'><strong>in</strong></span> <span class='ocrx_word' id='word_1_293' title='bbox 824 3133 853 3182; x_wconf 91' lang='lat' dir='ltr'><strong>A.</strong></span> <span class='ocrx_word' id='word_1_294' title='bbox 891 3131 917 3184; x_wconf 88' lang='lat' dir='ltr'><strong>ln</strong></span> <span class='ocrx_word' id='word_1_295' title='bbox 937 3150 1007 3202; x_wconf 86' lang='lat' dir='ltr'><strong>seqq.</strong></span> <span class='ocrx_word' id='word_1_296' title='bbox 1028 3131 1062 3184; x_wconf 88' lang='lat' dir='ltr'><strong>Bc</strong></span> <span class='ocrx_word' id='word_1_297' title='bbox 1082 3142 1108 3185; x_wconf 83' lang='lat' dir='ltr'><strong>ct</strong></span> <span class='ocrx_word' id='word_1_298' title='bbox 1126 3135 1180 3186; x_wconf 84' lang='lat' dir='ltr'><strong>Med</strong></span> <span class='ocrx_word' id='word_1_299' title='bbox 1200 3140 1266 3189; x_wconf 85' lang='lat' dir='ltr'><strong>scri-</strong></span> 
     </span>
    </p>
   </div>
   <div class='ocr_carea' id='block_1_6' title="bbox 248 3217 1264 3291">
    <p class='ocr_par' dir='ltr' id='par_1_6' title="bbox 248 3217 1264 3291">
     <span class='ocr_line' id='line_1_29' title="bbox 248 3217 1264 3291; baseline 0.002 -23"><span class='ocrx_word' id='word_1_300' title='bbox 248 3219 310 3269; x_wconf 87' lang='lat' dir='ltr'><strong>bunt</strong></span> <span class='ocrx_word' id='word_1_301' title='bbox 327 3223 463 3288; x_wconf 78' lang='lat' dir='ltr'><strong>placemus</strong></span> <span class='ocrx_word' id='word_1_302' title='bbox 483 3238 533 3274; x_wconf 77' lang='lat' dir='ltr'><strong>tros</strong></span> <span class='ocrx_word' id='word_1_303' title='bbox 553 3226 613 3283; x_wconf 76' lang='lat' dir='ltr'><strong>(cm.</strong></span> <span class='ocrx_word' id='word_1_304' title='bbox 634 3222 732 3286; x_wconf 79' lang='lat' dir='ltr'><strong>nodis).</strong></span> <span class='ocrx_word' id='word_1_305' title='bbox 770 3217 885 3270; x_wconf 80' lang='lat' dir='ltr'><strong>Proxime</strong></span> <span class='ocrx_word' id='word_1_306' title='bbox 905 3233 928 3273; x_wconf 82' lang='lat' dir='ltr'><strong>ct</strong></span> <span class='ocrx_word' id='word_1_307' title='bbox 946 3224 990 3275; x_wconf 78' lang='lat' dir='ltr'><strong>iiic</strong></span> <span class='ocrx_word' id='word_1_308' title='bbox 1006 3225 1108 3291; x_wconf 78' lang='lat' dir='ltr'><strong>placcat</strong></span> <span class='ocrx_word' id='word_1_309' title='bbox 1128 3222 1182 3286; x_wconf 83' lang='lat' dir='ltr'><strong>bib,</strong></span> <span class='ocrx_word' id='word_1_310' title='bbox 1201 3227 1264 3290; x_wconf 79' lang='lat' dir='ltr'><strong>pin.</strong></span> 
     </span>
    </p>
   </div>
   <div class='ocr_carea' id='block_1_7' title="bbox 189 3309 1304 3930">
    <p class='ocr_par' dir='ltr' id='par_1_7' title="bbox 189 3309 1304 3930">
     <span class='ocr_line' id='line_1_30' title="bbox 249 3309 1267 3408; baseline 0.009 -16"><span class='ocrx_word' id='word_1_311' title='bbox 249 3349 304 3392; x_wconf 71' lang='lat' dir='ltr'><strong>caat</strong></span> <span class='ocrx_word' id='word_1_312' title='bbox 323 3309 345 3342; x_wconf 46' lang='grc' dir='ltr'><strong><em>ἐ</em></strong></span> <span class='ocrx_word' id='word_1_313' title='bbox 362 3343 407 3394; x_wconf 74' lang='lat' dir='ltr'><strong>itta</strong></span> <span class='ocrx_word' id='word_1_314' title='bbox 426 3338 478 3403; x_wconf 77' lang='lat' dir='ltr'><strong>db,</strong></span> <span class='ocrx_word' id='word_1_315' title='bbox 503 3343 603 3408; x_wconf 81' lang='lat' dir='ltr'><strong>placcat</strong></span> <span class='ocrx_word' id='word_1_316' title='bbox 622 3342 666 3393; x_wconf 71' lang='lat' dir='ltr'><strong>itte</strong></span> <span class='ocrx_word' id='word_1_317' title='bbox 685 3339 720 3390; x_wconf 86' lang='lat' dir='ltr'><strong>Be</strong></span> <span class='ocrx_word' id='word_1_318' title='bbox 741 3349 766 3392; x_wconf 86' lang='lat' dir='ltr'><strong>ct</strong></span> <span class='ocrx_word' id='word_1_319' title='bbox 785 3339 850 3392; x_wconf 82' lang='lat' dir='ltr'><strong>died.</strong></span> <span class='ocrx_word' id='word_1_320' title='bbox 894 3340 923 3406; x_wconf 82' lang='lat'><strong>9)</strong></span> <span class='ocrx_word' id='word_1_321' title='bbox 944 3344 1137 3398; x_wconf 71' lang='lat' dir='ltr'><strong>conscendamus·</strong></span> <span class='ocrx_word' id='word_1_322' title='bbox 1155 3344 1188 3408; x_wconf 83' lang='lat' dir='ltr'><strong>C,</strong></span> <span class='ocrx_word' id='word_1_323' title='bbox 1213 3353 1267 3401; x_wconf 81' lang='lat' dir='ltr'><strong>tum</strong></span> 
     </span>
     <span class='ocr_line' id='line_1_31' title="bbox 249 3425 1267 3496; baseline 0.008 -19"><span class='ocrx_word' id='word_1_324' title='bbox 249 3443 299 3496; x_wconf 78' lang='lat' dir='ltr'><strong>qim</strong></span> <span class='ocrx_word' id='word_1_325' title='bbox 320 3425 364 3489; x_wconf 76' lang='lat' dir='ltr'><strong>sa,</strong></span> <span class='ocrx_word' id='word_1_326' title='bbox 383 3427 441 3478; x_wconf 84' lang='lat' dir='ltr'><strong>item</strong></span> <span class='ocrx_word' id='word_1_327' title='bbox 459 3443 497 3495; x_wconf 89' lang='lat' dir='ltr'><strong>pr.</strong></span> <span class='ocrx_word' id='word_1_328' title='bbox 518 3427 548 3476; x_wconf 94' lang='lat' dir='ltr'>W</span> <span class='ocrx_word' id='word_1_329' title='bbox 569 3434 595 3478; x_wconf 83' lang='lat' dir='ltr'><strong>et</strong></span> <span class='ocrx_word' id='word_1_330' title='bbox 615 3427 669 3491; x_wconf 79' lang='lat' dir='ltr'><strong>bia,</strong></span> <span class='ocrx_word' id='word_1_331' title='bbox 691 3431 824 3482; x_wconf 71' lang='lat' dir='ltr'><strong>dnnnnum</strong></span> <span class='ocrx_word' id='word_1_332' title='bbox 843 3443 888 3496; x_wconf 89' lang='lat' dir='ltr'><strong>pro</strong></span> <span class='ocrx_word' id='word_1_333' title='bbox 907 3432 984 3483; x_wconf 79' lang='lat' dir='ltr'><strong>doum</strong></span> <span class='ocrx_word' id='word_1_334' title='bbox 1002 3426 1030 3478; x_wconf 83' lang='lat' dir='ltr'><strong>C.</strong></span> <span class='ocrx_word' id='word_1_335' title='bbox 1050 3427 1086 3482; x_wconf 85' lang='lat' dir='ltr'><strong>Bc</strong></span> <span class='ocrx_word' id='word_1_336' title='bbox 1106 3439 1131 3482; x_wconf 84' lang='lat' dir='ltr'><strong>ct</strong></span> <span class='ocrx_word' id='word_1_337' title='bbox 1149 3429 1220 3484; x_wconf 79' lang='lat' dir='ltr'><strong>biucd</strong></span> <span class='ocrx_word' id='word_1_338' title='bbox 1236 3441 1267 3490; x_wconf 81' lang='lat' dir='ltr'><strong>ct</strong></span> 
     </span>
     <span class='ocr_line' id='line_1_32' title="bbox 247 3510 1267 3584; baseline 0.01 -22"><span class='ocrx_word' id='word_1_339' title='bbox 247 3510 299 3578; x_wconf 82' lang='lat' dir='ltr'><strong>¹iiio</strong></span> <span class='ocrx_word' id='word_1_340' title='bbox 324 3513 412 3564; x_wconf 88' lang='lat' dir='ltr'><strong>ordine</strong></span> <span class='ocrx_word' id='word_1_341' title='bbox 439 3523 538 3568; x_wconf 77' lang='lat' dir='ltr'><strong>constet</strong></span> <span class='ocrx_word' id='word_1_342' title='bbox 563 3519 590 3566; x_wconf 82' lang='lat' dir='ltr'><strong>in</strong></span> <span class='ocrx_word' id='word_1_343' title='bbox 615 3518 691 3568; x_wconf 78' lang='lat' dir='ltr'><strong>notis</strong></span> <span class='ocrx_word' id='word_1_344' title='bbox 712 3514 741 3565; x_wconf 87' lang='lat' dir='ltr'><strong>A.</strong></span> <span class='ocrx_word' id='word_1_345' title='bbox 789 3515 833 3580; x_wconf 88' lang='grc'><strong>10)</strong></span> <span class='ocrx_word' id='word_1_346' title='bbox 859 3518 911 3569; x_wconf 77' lang='lat' dir='ltr'><strong>Nec</strong></span> <span class='ocrx_word' id='word_1_347' title='bbox 930 3519 1065 3584; x_wconf 73' lang='lat' dir='ltr'><strong>deponeret</strong></span> <span class='ocrx_word' id='word_1_348' title='bbox 1084 3517 1141 3568; x_wconf 82' lang='lat' dir='ltr'><strong>cdd.</strong></span> <span class='ocrx_word' id='word_1_349' title='bbox 1160 3526 1223 3570; x_wconf 76' lang='lat' dir='ltr'><strong>vett</strong></span> <span class='ocrx_word' id='word_1_350' title='bbox 1243 3535 1267 3573; x_wconf 87' lang='lat' dir='ltr'><strong>e.</strong></span> 
     </span>
     <span class='ocr_line' id='line_1_33' title="bbox 189 3598 1269 3674; baseline 0.012 -28"><span class='ocrx_word' id='word_1_351' title='bbox 189 3642 191 3646; x_wconf 91' lang='lat'>.</span> <span class='ocrx_word' id='word_1_352' title='bbox 249 3598 346 3650; x_wconf 81' lang='lat' dir='ltr'><strong>Erssm.</strong></span> <span class='ocrx_word' id='word_1_353' title='bbox 367 3609 392 3652; x_wconf 84' lang='lat' dir='ltr'><strong>ct</strong></span> <span class='ocrx_word' id='word_1_354' title='bbox 405 3599 488 3665; x_wconf 74' lang='lat' dir='ltr'><strong>Gran,</strong></span> <span class='ocrx_word' id='word_1_355' title='bbox 507 3619 555 3655; x_wconf 78' lang='lat' dir='ltr'><strong>trec</strong></span> <span class='ocrx_word' id='word_1_356' title='bbox 574 3604 616 3656; x_wconf 82' lang='lat' dir='ltr'><strong>rie</strong></span> <span class='ocrx_word' id='word_1_357' title='bbox 635 3601 663 3665; x_wconf 89' lang='lat' dir='ltr'><strong>C,</strong></span> <span class='ocrx_word' id='word_1_358' title='bbox 683 3605 835 3655; x_wconf 69' lang='lat' dir='ltr'><strong>citerorum</strong></span> <span class='ocrx_word' id='word_1_359' title='bbox 856 3610 895 3652; x_wconf 83' lang='lat' dir='ltr'><strong>est</strong></span> <span class='ocrx_word' id='word_1_360' title='bbox 913 3602 939 3653; x_wconf 84' lang='lat' dir='ltr'><strong>in</strong></span> <span class='ocrx_word' id='word_1_361' title='bbox 952 3599 1002 3664; x_wconf 85' lang='lat' dir='ltr'><strong>bie,</strong></span> <span class='ocrx_word' id='word_1_362' title='bbox 1022 3601 1064 3652; x_wconf 94' lang='lat' dir='ltr'><strong>ubi</strong></span> <span class='ocrx_word' id='word_1_363' title='bbox 1082 3613 1139 3670; x_wconf 85' lang='lat' dir='ltr'><strong>post</strong></span> <span class='ocrx_word' id='word_1_364' title='bbox 1158 3607 1269 3674; x_wconf 72' lang='lat' dir='ltr'><strong>deponor</strong></span> 
     </span>
     <span class='ocr_line' id='line_1_34' title="bbox 248 3687 1304 3759; baseline 0.007 -24"><span class='ocrx_word' id='word_1_365' title='bbox 248 3701 267 3735; x_wconf 92' lang='lat' dir='ltr'><strong>r.</strong></span> <span class='ocrx_word' id='word_1_366' title='bbox 295 3703 326 3736; x_wconf 91' lang='lat' dir='ltr'><strong>m.</strong></span> <span class='ocrx_word' id='word_1_367' title='bbox 353 3687 530 3754; x_wconf 83' lang='lat' dir='ltr'><strong>superscripsit</strong></span> <span class='ocrx_word' id='word_1_368' title='bbox 553 3699 584 3744; x_wconf 81' lang='lat' dir='ltr'><strong>ct.</strong></span> <span class='ocrx_word' id='word_1_369' title='bbox 622 3688 686 3740; x_wconf 84' lang='lat' dir='ltr'><strong>Dein</strong></span> <span class='ocrx_word' id='word_1_370' title='bbox 712 3693 742 3742; x_wconf 82' lang='lat' dir='ltr'><strong>ab</strong></span> <span class='ocrx_word' id='word_1_371' title='bbox 767 3692 865 3759; x_wconf 73' lang='lat' dir='ltr'><strong>spiritu</strong></span> <span class='ocrx_word' id='word_1_372' title='bbox 890 3704 937 3755; x_wconf 90' lang='lat' dir='ltr'><strong>pro</strong></span> <span class='ocrx_word' id='word_1_373' title='bbox 962 3708 978 3739; x_wconf 81' lang='lat' dir='ltr'><strong><em>a</em></strong></span> <span class='ocrx_word' id='word_1_374' title='bbox 1001 3692 1100 3758; x_wconf 77' lang='lat' dir='ltr'><strong>spiritu</strong></span> <span class='ocrx_word' id='word_1_375' title='bbox 1125 3692 1211 3756; x_wconf 81' lang='lat' dir='ltr'><strong>rccepi</strong></span> <span class='ocrx_word' id='word_1_376' title='bbox 1236 3707 1268 3743; x_wconf 77' lang='lat' dir='ltr'><strong>ex</strong></span> <span class='ocrx_word' id='word_1_377' title='bbox 1300 3711 1304 3727; x_wconf 84' lang='lat'><strong>·</strong></span> 
     </span>
     <span class='ocr_line' id='line_1_35' title="bbox 248 3771 1268 3846; baseline 0.005 -23"><span class='ocrx_word' id='word_1_378' title='bbox 248 3771 316 3823; x_wconf 85' lang='lat' dir='ltr'><strong>libris</strong></span> <span class='ocrx_word' id='word_1_379' title='bbox 331 3771 357 3822; x_wconf 84' lang='lat' dir='ltr'><strong>C.</strong></span> <span class='ocrx_word' id='word_1_380' title='bbox 379 3771 451 3823; x_wconf 87' lang='lat' dir='ltr'><strong>bibcd</strong></span> <span class='ocrx_word' id='word_1_381' title='bbox 472 3782 497 3823; x_wconf 84' lang='lat' dir='ltr'><strong>ct</strong></span> <span class='ocrx_word' id='word_1_382' title='bbox 514 3773 574 3839; x_wconf 78' lang='lat' dir='ltr'><strong>bec,</strong></span> <span class='ocrx_word' id='word_1_383' title='bbox 594 3794 626 3829; x_wconf 82' lang='lat' dir='ltr'><strong>nc</strong></span> <span class='ocrx_word' id='word_1_384' title='bbox 644 3779 759 3846; x_wconf 76' lang='lat' dir='ltr'><strong>spiritns</strong></span> <span class='ocrx_word' id='word_1_385' title='bbox 779 3777 807 3841; x_wconf 79' lang='lat' dir='ltr'><strong>[e</strong></span> <span class='ocrx_word' id='word_1_386' title='bbox 826 3775 892 3826; x_wconf 82' lang='lat' dir='ltr'><strong>boui.</strong></span> <span class='ocrx_word' id='word_1_387' title='bbox 913 3776 944 3826; x_wconf 82' lang='lat' dir='ltr'><strong>ab</strong></span> <span class='ocrx_word' id='word_1_388' title='bbox 964 3775 995 3826; x_wconf 85' lang='lat' dir='ltr'><strong>nl.</strong></span> <span class='ocrx_word' id='word_1_389' title='bbox 1015 3791 1047 3826; x_wconf 87' lang='lat' dir='ltr'><strong>m.</strong></span> <span class='ocrx_word' id='word_1_390' title='bbox 1066 3774 1171 3838; x_wconf 74' lang='lat' dir='ltr'><strong>adicer.)</strong></span> <span class='ocrx_word' id='word_1_391' title='bbox 1191 3775 1268 3830; x_wconf 79' lang='lat' dir='ltr'><strong>babet</strong></span> 
     </span>
     <span class='ocr_line' id='line_1_36' title="bbox 250 3855 1267 3930; baseline 0.013 -25"><span class='ocrx_word' id='word_1_392' title='bbox 250 3855 288 3908; x_wconf 89' lang='lat' dir='ltr'><strong>W.</strong></span> <span class='ocrx_word' id='word_1_393' title='bbox 307 3867 309 3875; x_wconf 79' lang='grc'><em>’</em></span> <span class='ocrx_word' id='word_1_394' title='bbox 326 3857 412 3908; x_wconf 82' lang='lat' dir='ltr'><strong>Statim</strong></span> <span class='ocrx_word' id='word_1_395' title='bbox 431 3867 455 3912; x_wconf 77' lang='lat' dir='ltr'><strong>ct</strong></span> <span class='ocrx_word' id='word_1_396' title='bbox 472 3875 518 3928; x_wconf 85' lang='lat' dir='ltr'><strong>prp</strong></span> <span class='ocrx_word' id='word_1_397' title='bbox 537 3871 566 3916; x_wconf 84' lang='lat' dir='ltr'><strong>ut</strong></span> <span class='ocrx_word' id='word_1_398' title='bbox 585 3861 676 3930; x_wconf 81' lang='lat' dir='ltr'><strong>legitur</strong></span> <span class='ocrx_word' id='word_1_399' title='bbox 695 3863 720 3912; x_wconf 91' lang='lat' dir='ltr'><strong>in</strong></span> <span class='ocrx_word' id='word_1_400' title='bbox 739 3857 800 3912; x_wconf 85' lang='lat' dir='ltr'><strong>bic.&#39;</strong></span> <span class='ocrx_word' id='word_1_401' title='bbox 824 3860 911 3928; x_wconf 78' lang='lat' dir='ltr'><strong>Aptius</strong></span> <span class='ocrx_word' id='word_1_402' title='bbox 932 3864 1071 3930; x_wconf 76' lang='lat' dir='ltr'><strong>spiritales</strong></span> <span class='ocrx_word' id='word_1_403' title='bbox 1094 3871 1118 3914; x_wconf 82' lang='lat' dir='ltr'><strong>ct</strong></span> <span class='ocrx_word' id='word_1_404' title='bbox 1139 3865 1267 3918; x_wconf 69' lang='lat' dir='ltr'><strong>cadum</strong></span> 
     </span>
    </p>
   </div>
   <div class='ocr_carea' id='block_1_8' title="bbox 0 0 1470 4692">
    <p class='ocr_par' dir='ltr' id='par_1_8' title="bbox 0 0 1470 4692">
     <span class='ocr_line' id='line_1_37' title="bbox 0 0 1470 4692; baseline 0 0"><span class='ocrx_word' id='word_1_405' title='bbox 0 0 1470 4692; x_wconf 95' lang='lat' dir='ltr'><strong> </strong></span> 
     </span>
    </p>
   </div>
  </div>
 </body>
</html>
