2834 4686
624 309 688 373 247

148 476 178 531 et
207 467 306 530 mundi
335 467 494 550 cupiditate
522 466 680 529 tardemus.
726 467 756 529 Si
780 466 959 549 expeditos,
989 470 1164 550 sicciores,

147 585 172 645 si
197 584 225 644 in
250 582 308 643 hoc
330 580 430 662 operis
453 596 552 660 agone
576 584 731 640 currentes
750 577 886 640 dies‘nos
903 579 950 640 vei
965 577 992 655 ⁵)
1010 582 1164 645 reditionis

148 697 196 759 vel
233 694 452 778 persecutionis
490 693 655 770 invenerit,
695 691 838 772 nusquam
880 693 1016 756 dominus
1054 696 1164 758 meritis

147 810 258 873 uostris
288 807 323 870 ad
354 795 517 890 praemium
549 806 652 869 deerit.
699 807 729 868 iu
753 802 871 888 pace⁶)
896 808 1083 871 vincentibus
1107 791 1164 872 co-

148 942 250 986 ronam
275 921 426 984 candidam
450 940 505 1003 pro
531 921 671 1003 operibus
696 920 793 1001 dabit.
808 921 836 982 in
858 924 1070 1003 persecutione
1090 941 1165 1004 pur·

148 1055 270 1119 pureum
293 1052 347 1118 pro
371 1035 512 1115 passione
536 1032 705 1116 geminabit.

148 1251 172 1295 ei
195 1243 287 1293 mandi
309 1243 449 1308 cupiditate
473 1242 615 1294 tardemus.
652 1243 685 1292 Si
707 1243 845 1310 impeditos
864 1248 929 1302 etc.;
959 1259 989 1294 ac
1007 1246 1099 1297 mundi
1116 1259 1164 1296 ex-

148 1329 236 1381 hibent
260 1329 316 1379 edd.
336 1335 398 1380 vett.
419 1344 441 1380 c.
461 1326 558 1380 iissem.
579 1336 605 1378 st
623 1326 698 1380 Gran.
721 1327 771 1390 '5)
794 1329 838 1382 vsi
856 1343 906 1383 orn.
925 1329 955 1402 ri.
992 1328 1052 1380 Turn
1072 1335 1164 1385 reddi-

148 1421 229 1471 tionis
249 1417 309 1467 dant
327 1415 400 1467 codd.
414 1414 453 1467 W.
474 1413 537 1465 uas.
557 1412 592 1467 Ba
612 1423 638 1466 et
656 1414 686 1477 Α,
706 1431 754 1466 nec
773 1415 846 1478 aliter
865 1432 902 1482 pr.
922 1415 1055 1483 legebatur
1074 1420 1098 1470 in
1118 1419 1164 1471 Mc.

125 1503 300 1572 occoepirent
324 1503 382 1556 edd.
403 1502 467 1554 Duc.
489 1501 586 1554 uorett.
606 1502 701 1554 Pamei.
723 1503 816 1571 Rigalt.
837 1502 917 1554 Onon.
939 1512 964 1555 et
985 1501 1071 1556 Baius.
1108 1507 1165 1558 ed-

148 1600 220 1644 notat
235 1595 383 1662 iiiqaitiusi
403 1589 446 1656 „in
465 1589 615 1642 Corbeiensi
635 1599 660 1641 et
678 1588 818 1641 Veronensi
837 1593 987 1658 reditionis,
1009 1601 1036 1642 ut
1053 1603 1166 1660 opponet

149 1662 310 1741 seditionem,
329 1693 394 1744 quae
413 1685 553 1742 spontanea
574 1678 683 1740 videtur,
703 1678 886 1742 persecutioni,
905 1693 970 1745 quae
989 1687 1028 1730 est
1045 1681 1165 1734 violente.

149 1763 194 1816 vet
215 1766 299 1831 potius
318 1765 469 1815 seditionem
489 1764 607 1830 intelligit
624 1764 813 1830 inmundiciam,
832 1765 900 1815 unde
914 1763 1031 1830 expulsus
1045 1777 1167 1833 peccator

149 1851 262 1904 Adamas
281 1859 307 1901 et
327 1853 465 1918 progenies
483 1849 573 1902 Adami
593 1849 687 1900 iniecta
710 1858 826 1916 peccato.
857 1847 918 1900 -Hoc
942 1861 1073 1917 peccatum
1099 1855 1165 1906 abo-

145 1939 212 1992 isrit
231 1935 345 1988 Christus
363 1945 438 2005 atque
458 1937 517 1988 inde
536 1935 597 1987 boni
617 1933 751 1986 Christiani
771 1935 881 1986 redeunt
899 1937 923 1985 in
944 1935 1096 2002 paradisum,
1117 1955 1165 2007 quo

149 2025 242 2078 Caicus
262 2022 392 2074 fratricida
412 2038 461 2074 non
481 2023 567 2084 rediit,
587 2023 667 2090 inquit
688 2019 829 2089 Cyprianus
848 2021 891 2072 lib.
913 2022 945 2074 de
963 2022 1021 2073 scio
1040 2030 1066 2074 et
1083 2023 1166 2076 livore

148 2113 195 2164 sub
223 2111 322 2162 finem.“
361 2109 438 2159 Voce.
464 2112 507 2162 cei
530 2112 800 2178 parsecutiouiaorn.
828 2106 874 2159 Bb.
918 2108 1006 2162 Statim
1032 2129 1165 2182 rrmtprrnm
1241 2094 1248 2101 ’

149 2199 225 2252 habet
243 2198 319 2262 Ver,
347 2201 480 2252 dominum
505 2197 668 2248 oscitantibus
693 2197 801 2248 librariis
827 2197 927 2262 irrepsit
948 2199 973 2248 in
993 2200 1068 2250 codd.
1089 2199 1119 2248 W
1140 2207 1166 2249 et

149 2287 204 2352 utu,
229 2289 334 2340 nostris
352 2287 454 2338 meritis
474 2283 559 2335 scribit
578 2283 626 2334 tib.
667 2283 696 2347 ’6)
717 2287 813 2337 Pacem
830 2297 877 2350 pro
896 2283 1068 2352 inperalia.
1104 2284 1165 2335 Tum

149 2393 275 2430 coronares
297 2376 462 2428 cincsrstiius
482 2372 539 2422 edd.
558 2380 620 2422 vett.
641 2388 662 2422 c.
683 2371 780 2424 Erusm.
798 2379 826 2432 et
844 2369 918 2422 Gran.
955 2369 1052 2422 Vitiosa
1072 2372 1166 2422 deinde

147 2467 176 2516 in
193 2465 382 2531 persecutione*
393 2463 520 2532 purprsrir'
536 2459 581 2523 Ba,
598 2477 757 2529 purpuream
771 2458 836 2525 stab,
852 2461 993 2528 purpureo
1005 2457 1050 2508 Bb.
1089 2457 1164 2510 Vorii.

147 2555 286 2620 permiscebit
304 2567 318 2601 s
338 2566 369 2600 m.
390 2565 425 2617 pr.
446 2550 565 2600 omissum
585 2545 633 2599 aiio
654 2546 750 2617 addidit
768 2547 791 2598 in
812 2545 851 2596 W.
941 2608 945 2618 1
