2868 4700
598 461 635 526 ll

112 629 305 688 monstretur.
352 623 443 699 Quam
464 639 553 686 unam
575 621 731 686 ecclesiam
756 619 841 684 etiam
862 619 892 682 in
912 621 1027 684 cantico
1046 639 1121 686 oan-

113 759 125 766 ι
145 761 321 768 ...a—m

110 826 171 876 item
189 824 214 875 b.
227 823 244 875 l.
257 823 307 875 bfb.
343 821 388 874 Vir
407 822 505 886 doctus,
525 824 564 874 cui
583 822 706 874 lectiones
724 823 853 874 variantes
872 839 887 874 e
906 821 978 874 codd.
991 821 1046 874 ltal.
1066 821 1122 874 col·

109 911 192 963 lectas
205 911 335 975 debemus,
355 911 484 962 adnotavit
498 912 523 961 in
537 927 586 978 mg.
598 908 708 978 Gotting.
721 909 872 977 exemplaris
886 910 1001 962 editionis
1016 909 1121 963 Manat:

113 997 199 1062 „llaec
217 998 294 1050 verba
320 1007 377 1050 sunt
401 997 484 1049 addita
509 1015 539 1049 ex
558 1013 608 1048 uno
628 997 717 1048 codice
736 1013 857 1048 manuscr.
876 997 958 1048 Virisii
979 996 1016 1064 (i)
1034 995 1122 1048 Rona-

111 1087 215 1150 niensis‚
234 1088 276 1154 qui
295 1095 333 1138 est
354 1088 379 1137 iu
397 1084 554 1137 bibliotheca
570 1085 699 1148 Vaticana,
719 1082 773 1135 al'.
788 1082 905 1135 Gabriele
922 1085 1123 1151 poenitentiario,

112 1175 286 1226 consentiente
298 1173 418 1242 blagistro
435 1173 501 1224 sacri
518 1171 631 1239 palatii.“
643 1201 677 1210 -
697 1171 767 1236 „Nec
781 1171 929 1236 lfanutius“‚
948 1173 983 1222 ait
993 1169 1123 1224 Latinus

111 1258 265 1311 Latinius
285 1260 348 1326 (vid.
365 1260 476 1311 Latini
495 1259 614 1310 latinii
633 1257 788 1310 Bibliotheca
806 1275 877 1310 sacra
897 1268 923 1311 et
940 1257 1045 1328 profana
1064 1256 1091 1310 T.
1104 1257 1122 1312 l.

110 1363 137 1413 p.
157 1346 215 1398 179.
235 1347 284 1397 col.
305 1346 358 1416 f.)‚
379 1362 443 1410 „nec
462 1345 587 1398 blarianus
605 1345 730 1396 Victorius
749 1345 798 1396 boc
817 1354 922 1413 possunt
940 1361 1053 1398 asserere
1076 1359 1123 1395 co-

112 1433 195 1485 dicem
215 1435 410 1486 vetustissimum
429 1431 601 1483 veronensem
626 1431 671 1497 (de
697 1447 728 1482 eo
754 1433 818 1482 eninr
844 1447 951 1483 necesse
972 1439 1011 1482 est
1029 1439 1123 1482 tantum

110 1521 136 1572 id
155 1521 291 1589 scribatur)
310 1520 359 1571 boc
377 1528 548 1571 assumentum
571 1518 704 1582 babuisse,
731 1533 779 1570 nec
798 1527 893 1586 septem
913 1528 1046 1586 praeterea
1066 1517 1122 1569 llat.

112 1607 187 1660 codd.
206 1610 334 1677 integros,
362 1615 464 1674 praeter
483 1607 652 1674 fragmentum
670 1606 795 1674 quoddam
815 1621 920 1672 operum
938 1604 1057 1674 Cypriani
1078 1621 1122 1657 re-

113 1695 259 1747 centissime
277 1697 394 1763 scriptum
409 1692 551 1758 Bononiae,
571 1696 611 1762 qui
630 1694 677 1746 fnit
688 1694 797 1747 Vianesii
816 1694 849 1746 de
862 1694 1006 1762 albergatis
1024 1691 1122 1744 libellus

112 1780 193 1832 forma
211 1798 300 1849 parva,
320 1785 452 1834 continens
470 1791 589 1834 tractatus
609 1791 703 1833 tantum
721 1798 815 1850 paucos
829 1779 956 1850 Cypriani.
986 1779 1044 1831 Vidi
1056 1795 1122 1848 quo-

112 1885 162 1936 que
182 1869 288 1921 alterum
308 1870 436 1937 exemplar
456 1869 586 1921 Bononiae
606 1872 739 1938 integrum,
760 1869 828 1922 unde
846 1869 870 1919 id
889 1868 1053 1938 fragmentum
1073 1865 1121 1918 de-

111 1957 233 2022 scriptum
258 1967 313 2008 erat
338 1961 435 2010 recenti
459 1960 582 2025 scriptura
606 1967 749 2022 exaratum,
779 1960 804 2009 in
829 1975 879 2027 quo
905 1959 994 2010 eadem
1019 1957 1122 2007 insertio

111 2045 286 2112 marginalium
304 2047 480 2098 summularum
498 2048 576 2097 erat.“
614 2045 667 2096 Nec
680 2046 865 2112 praetereunda
879 2045 976 2096 silentio
989 2052 1046 2096 runt
1058 2058 1122 2113 quac

111 2130 179 2181 idem
198 2133 237 2182 vir
255 2131 413 2186 doctissimus
432 2143 518 2185 contra
538 2131 690 2196 Prandium,
710 2133 752 2200 qui
771 2131 848 2182 uerba
868 2131 924 2183 illa:
951 2136 1122 2201 etprimatae

113 2221 191 2273 Petro
210 2223 289 2274 datur
308 2231 355 2274 etc.
374 2225 458 2273 statim
477 2225 500 2274 in
519 2231 662 2274 contextum
681 2223 788 2290 recepit,
807 2221 868 2273 ibid.
882 2238 906 2288 p.
920 2219 978 2271 178.
996 2217 1043 2270 ool.
1055 2217 1073 2268 2
1085 2231 1122 2286 sq.

115 2308 217 2375 egregie
236 2309 345 2360 disserit.
383 2306 605 2378 „Quaecumque“‚
632 2311 726 2377 inquit,
753 2308 811 2373 „bie
832 2315 888 2358 sunt
907 2306 989 2358 addita
1011 2313 1124 2374 (praeter

118 2409 173 2444 eam
190 2394 332 2461 lectionem,
353 2413 426 2465 qnam
445 2397 531 2465 plores
550 2406 575 2448 et
594 2399 745 2448 vetustiores
765 2395 838 2449 codd.
858 2397 966 2446 retinent
985 2403 1010 2446 et
1028 2410 1042 2445 a
1058 2392 1122 2444 Gra·

115 2482 185 2531 tiano
203 2483 227 2532 in
247 2499 268 2535 c.
288 2487 405 2552 loquitur
423 2488 552 2538 donuinam.
572 2484 612 2536 24.
633 2500 656 2552 q.
671 2483 694 2534 f.
713 2483 817 2535 relatam
835 2483 953 2552 legimus]
973 2485 1054 2534 omnia
1068 2489 1125 2534 suot

114 2583 146 2619 ex
172 2570 349 2638 marginalibus
376 2571 505 2622 summulis
532 2573 555 2622 in
582 2579 725 2622 contextura
750 2587 800 2623 non
827 2571 921 2636 semel,
948 2571 992 2622 sed
1019 2571 1124 2622 diversis

112 2656 270 2722 temporibus
289 2672 320 2708 ex
338 2658 496 2709 librariorum
515 2658 669 2727 negligentia
685 2659 786 2710 tandem
798 2657 885 2711 relata.
916 2658 1029 2727 Apparet
1040 2667 1124 2708 autem

112 2746 317 2814 exscreatus,
336 2746 403 2814 quod
423 2762 487 2814 quae
506 2754 563 2798 sunt
582 2749 752 2798 uetustissima
773 2746 934 2814 exemplaria,
955 2761 984 2796 ea
1000 2746 1124 2812 paucissi-

112 2845 166 2880 mas
184 2830 226 2882 vel
245 2831 325 2884 nullas
344 2833 467 2884 eiusmodi
485 2833 619 2886 summulas
638 2835 743 2885 insertas
762 2834 872 2897 habent,
899 2833 966 2902 quod
989 2831 1063 2882 facile
1082 2833 1125 2882 ui-

112 2919 189 2970 detur
205 2935 238 2970 ex
251 2919 389 2972 Veronensi
409 2921 474 2986 cod,
494 2937 569 2990 quem
588 2937 636 2990 ego
655 2937 704 2972 non
721 2921 796 2972 modo
811 2929 868 2971 ante
882 2927 1024 2988 nongentos
1036 2931 1124 2982 annos,

112 3005 159 3056 sed
179 3015 238 3056 ante
258 3006 323 3058 mille
340 3009 459 3075 scriptum
478 3025 535 3060 esse
554 3008 733 3059 contenderim.
770 3009 796 3060 ln
816 3023 847 3060 eo
866 3007 925 3059 nihil
951 3006 1002 3057 tale
1023 3013 1126 3073 apparet

113 3103 140 3146 et
164 3095 190 3144 in
216 3103 314 3163 septem
340 3095 393 3146 aliis
412 3096 537 3147 Vaticanis
562 3097 651 3148 desunt
669 3099 760 3147 omnia.
797 3095 936 3147 summulas
955 3103 1038 3145 autem
1057 3107 1125 3144 mar-

112 3182 211 3251 ginales
230 3181 309 3232 fuisse
328 3191 354 3234 et
372 3199 404 3234 ex
423 3182 542 3251 Cypriani
560 3183 645 3235 verbis
665 3185 786 3236 collectas
808 3193 858 3235 tam
884 3192 922 3235 est
947 3185 1026 3233 cuivis
1050 3181 1126 3232 facile

112 3268 274 3337 intelligere,
299 3277 324 3318 ut
344 3269 508 3320 tardissimum
527 3285 557 3320 ac
576 3285 642 3339 pene
662 3265 771 3338 stipitem
791 3280 891 3337 putem,
916 3273 957 3340 qui
975 3272 1058 3324 statim
1076 3285 1126 3322 non

113 3357 204 3407 sentiat
223 3354 265 3406 rel
286 3371 365 3407 exea
383 3365 478 3408 tantum
502 3357 640 3422 summula,
669 3375 742 3426 quarn
763 3359 867 3410 llosium
887 3358 1045 3411 Cardinnlem
1069 3375 1125 3412 am-

112 3443 252 3510 plissimum
271 3459 303 3496 ex
321 3447 487 3512 manuscripto
507 3445 597 3496 codice
612 3448 794 3512 interseruisse
821 3448 964 3512 confirmet,
990 3447 1125 3498 videlicet:

114 3534 165 3585 Hic
182 3533 263 3585 Patro
281 3535 412 3601 primatus
431 3535 516 3585 datrrr.
551 3530 624 3594 Quod
644 3535 708 3583 enim
729 3550 760 3584 ex
779 3531 895 3602 Cypriani
913 3536 999 3586 verbis
1021 3533 1126 3600 diligens

114 3627 140 3670 et
157 3618 284 3670 studiosus
301 3618 383 3669 lector
400 3618 548 3687 collegerat,
568 3620 598 3670 ad
617 3620 700 3672 locum
719 3624 803 3673 statim
823 3621 972 3691 faciliusque
991 3623 1125 3673 invenien-

113 3705 171 3756 dum
190 3705 216 3756 id
236 3707 261 3755 in
279 3707 394 3774 margine
412 3709 500 3775 paucis
514 3707 597 3759 verbis
612 3708 752 3774 adnotarat,
772 3719 798 3761 ut
812 3710 917 3761 fortasse
930 3711 1004 3761 etiarn
1018 3706 1126 3757 indicem

114 3805 202 3844 eorum
227 3801 354 3860 tamquam
379 3796 484 3862 capitum
511 3804 536 3846 et
560 3796 673 3847 locorum
698 3801 864 3848 communium
889 3802 993 3849 texeret.
1030 3790 1126 3857 Quare,

114 3887 141 3930 ot
159 3880 276 3932 codicum
296 3879 370 3932 fidern
389 3898 551 3950 sequeremur
568 3886 733 3936 vetustiorum
752 3894 777 3935 et
795 3884 909 3951 plurium,
928 3882 1031 3932 indicari
1046 3894 1125 3946 opor-

113 3973 193 4018 tuerat
218 3974 316 4017 tantum
343 3984 388 4032 ea,
415 3985 479 4037 quae
504 3971 530 4019 in
556 3973 741 4023 recentioribus
765 3981 868 4039 reperta
893 3976 978 4032 erant,
1006 3967 1052 4017 sed
1076 3982 1126 4018 non

112 4055 196 4106 statim
217 4054 243 4104 in
262 4051 381 4122 Cypriani
400 4065 544 4110 contentum
562 4058 677 4111 referri.“
714 4058 832 4113 Ceterum
851 4059 883 4110 de
905 4057 953 4108 boc
978 4053 1036 4110 loco
1061 4053 1124 4110 sub·
1189 4097 1193 4112 .
