2834 4686
763 429 826 499 242

284 589 387 676 egenti
409 597 576 673 praestatur
595 597 623 651 el
642 591 776 674 pauperi,
800 597 877 654 etse
895 589 968 652 dixit
985 588 1104 670 offendi,
1129 592 1187 654 nisi
1203 593 1298 676 egenti

234 769 260 788 .-
282 711 451 790 praestetur
475 711 504 766 et
526 705 666 788 pauperi,
697 715 730 769 ut
753 707 803 788 qui
826 710 965 787 respectu
990 704 1089 768 fratris
1115 707 1145 768 in
1175 707 1298 770 ecclesia

283 837 343 884 non
368 825 514 898 movetur,
538 819 585 880 vel
609 818 717 882 Christi
740 819 989 901 contemplatione
1013 791 1177 899 moveatur,
1198 827 1230 882 et
1252 823 1299 900 qui

211 956 213 967 ⁴
282 949 344 996 non
374 933 486 1014 cogitat
515 931 544 994 in
570 931 674 994 labere
697 936 786 1011 atque
810 931 839 993 in
864 936 997 1014 egestate
1021 947 1219 1011 conservum,
1255 933 1299 994 vel

283 1045 433 1109 domiuum
457 1046 570 1129 cogitet
592 1045 620 1107 in
646 1046 711 1128 ipso
735 1045 795 1124 illo,
819 1063 907 1125 quem
928 1044 1063 1128 despicit,
1086 1045 1299 1107 constitutum?
1391 1039 1392 1054 ³

283 1159 319 1222 Et
348 1159 478 1237 idcirce,
513 1158 621 1220 tratres
651 1159 813 1240 carissimi,
847 1160 955 1239 quibus
986 1166 1080 1222 metus
1110 1159 1140 1220 in
1172 1157 1259 1220 deum
1276 1155 1300 1235 ³)
1391 1245 1392 1248 Ἴ

282 1287 396 1354 pronus
421 1275 483 1347 est,
517 1277 547 1332 et
569 1277 671 1352 spreto
696 1271 871 1354 calcatoque
895 1273 951 1334 iam
975 1272 1084 1336 mundo
1114 1272 1150 1334 ad
1173 1291 1300 1355 superna
1391 1253 1392 1258 ἵ

283 1393 313 1447 et
336 1383 434 1444 divina
459 1382 572 1446 animus
597 1390 717 1445 erectus
741 1389 804 1462 est,
835 1382 894 1446 lide
917 1383 1023 1464 plena,
1056 1388 1154 1445 mente
1184 1383 1300 1463 deuota,

283 1497 459 1577 operatione
483 1483 623 1556 continua
647 1491 848 1575 promerendo
874 1494 993 1558 domino
1016 1474 1194 1579 obsequium
1211 1517 1300 1578 prae-

283 1609 415 1670 beamus.
460 1607 570 1669 Demus
588 1605 614 1680 ⁴)
640 1607 758 1670 Christe
783 1609 958 1682 uestimenta
982 1616 1104 1700 terrena
1133 1611 1301 1674 indumenta

283 1723 423 1786 caelestia
458 1723 627 1804 recepturi,
661 1723 765 1786 demus
797 1724 893 1786 cibum
925 1731 955 1786 et
985 1732 1101 1814 potum
1118 1725 1301 1787 saecularem

282 1855 348 1901 cum
372 1832 521 1898 Abrabam
554 1841 583 1896 et
613 1834 695 1896 lsanc
726 1842 755 1897 et
785 1835 872 1898 laceb
904 1835 939 1897 ad
971 1838 1140 1899 convivium
1173 1823 1302 1900 caeleste

282 1950 408 2012 venturi.
454 1949 499 2010 Ne
522 1967 623 2030 parum
649 1957 801 2028 metamus,
825 1949 981 2030 plurimum
1006 1953 1196 2013 seminemus.
1244 1951 1302 2016 Se-

282 2063 398 2126 curitati
422 2059 494 2139 305)
519 2059 605 2123 saluti
630 2066 779 2139 aeternae,
804 2061 870 2122 dum
897 2035 1011 2142 tempus
1034 2069 1088 2140 est,
1112 2063 1302 2125 consulamus

281 2245 371 2297 litteris
392 2259 510 2311 expressa
531 2243 613 2294 estin
633 2242 707 2292 Grau.
744 2245 877 2310 Quidquid
899 2257 946 2309 pro
969 2247 1093 2312 quicquid
1110 2251 1181 2292 reete
1202 2242 1262 2294 llbc
1280 2253 1305 2294 et

283 2334 340 2384 edd.
356 2333 447 2385 blanut.
467 2341 544 2401 atque
560 2329 654 2381 Panlel.
692 2329 757 2380 Dein
775 2339 928 2398 praestetur
946 2329 1022 2380 codd.
1042 2345 1129 2381 omnes
1148 2337 1304 2398 veteresque

282 2420 339 2470 edd.
360 2437 383 2470 c.
404 2419 501 2470 Eresm.
522 2417 597 2468 Grau.
624 2426 649 2469 et
671 2417 785 2482 ttorett,
810 2427 962 2485 praestetur
981 2417 1072 2468 Manat.
1093 2415 1188 2468 Parnel.
1209 2417 1302 2485 Rigalt.

282 2515 358 2574 atque
378 2505 458 2557 Oxou.
495 2504 607 2555 Tandem
633 2505 736 2556 alteram
762 2505 896 2555 lectionem
920 2505 1029 2576 restituit
1050 2502 1167 2554 baluzius
1194 2521 1305 2572 eumque

282 2594 364 2643 secuti
384 2600 442 2642 sunt
460 2591 584 2642 Routhius
604 2591 827 2644 etGeldlrornius.
865 2589 991 2643 Librarius
1011 2590 1107 2642 codicis
1121 2591 1160 2641 ltld
1179 2592 1306 2643 aberrans
1354 2609 1356 2613 ·

187 2697 195 2709 ·
281 2681 313 2730 ad
331 2688 484 2748 praestetur
502 2680 652 2730 intermedia
672 2680 849 2746 praetermisit.
887 2677 985 2728 Verba:
1005 2689 1077 2732 etse
1096 2683 1164 2732 dimit
1183 2700 1305 2749 -pau-

177 2813 180 2817 .
279 2771 339 2836 peri
364 2768 454 2817 desunt
478 2767 502 2816 iu
529 2765 602 2817 codd.
627 2765 671 2818 Bb.
693 2766 768 2850 Aet
792 2768 816 2816 in
843 2758 988 2817 eddsvett.
1012 2775 1120 2834 'excepta
1140 2767 1205 2817 Dav.
1247 2765 1308 2818 Μαι

281 2888 352 2924 vocc.
372 2876 400 2925 in
420 2877 533 2926 ecclesie
555 2873 620 2924 idem
642 2872 708 2924 liber
729 2889 777 2923 orn.
816 2871 876 2922 Turn
902 2875 1115 2941 contemplatione
1138 2855 1189 2939 repr—m
1213 2871 1309 2923 ordine

280 2961 383 3010 inverso
402 2959 491 3011 scribit
503 2961 552 3012 lllb.
588 2959 702 3011 Proxime
722 2971 745 3012 et
763 2969 878 3026 cpestute
897 2957 1017 3010 exhibent
1037 2959 1094 3010 edd.
1112 2967 1183 3024 vett,
1204 2957 1308 3010 Erasm.

280 3055 305 3097 et
324 3045 413 3112 Grau,
432 3057 507 3116 etque
526 3059 603 3117 coest.
625 3047 703 3098 edidit
723 3046 868 3110 lllorellius‚
893 3056 969 3116 etque
986 3051 1017 3106 in,
1033 3057 1144 3116 epestote
1163 3055 1223 3100 ante
1247 3063 1309 3096 eum

243 3164 247 3172 ι
280 3143 426 3184 correxerat
446 3133 569 3183 lllanutius
596 3133 818 3201 comprobantibus
843 3133 911 3184 libris
937 3133 999 3184 meis
1022 3133 1136 3184 omnibus
1156 3135 1311 3200 ceterisque

281 3218 429 3268 editoribus.
468 3217 532 3267 Dein
552 3236 661 3272 servum
680 3219 768 3270 scribit
788 3217 840 3284 Bu,
862 3221 943 3270 stetim
965 3223 1061 3290 sopitat
1079 3223 1169 3272 inille
1190 3223 1254 3287 ipso
1275 3219 1309 3284 A,

281 3311 332 3354 turn
351 3314 375 3356 et
394 3307 563 3358 constitutum
585 3305 627 3356 Ba.
667 3307 696 3374 3)
716 3312 743 3359 a‘rr
763 3311 895 3362 dominum
915 3307 953 3358 tto
973 3317 999 3358 et
1017 3307 1056 3371 Α,
1083 3310 1111 3359 in
1130 3309 1236 3358 domino
1260 3305 1310 3370 Bb,

279 3385 386 3462 prorsus
400 3395 429 3444 in
448 3395 523 3446 deum
544 3392 602 3443 edd.
620 3401 692 3458 vett,
711 3393 805 3446 Erasm.
823 3404 848 3445 et
863 3393 937 3446 Grau.
976 3394 1002 3445 lrr
1021 3410 1093 3460 seqq.
1113 3403 1138 3447 et
1156 3397 1190 3445 ed
1208 3397 1311 3448 divina

280 3478 325 3530 ab.
363 3478 442 3532 Deest
461 3484 567 3533 errimus
586 3479 655 3543 int,
676 3485 730 3534 ium
749 3491 853 3534 erectus
873 3479 1014 3544 banestre,
1034 3488 1084 3530 turn
1100 3481 1309 3545 mentedivimr,
1391 3477 1392 3542 ἶ

280 3569 398 3619 oratione
417 3569 541 3620 continua
560 3571 588 3620 in
604 3571 775 3636 promerendo
795 3567 832 3632 Α,
858 3571 976 3622 eratione
995 3569 1054 3618 item
1077 3565 1131 3641 lle,
1158 3567 1239 3618 Mum
1261 3581 1310 3633 pro
1391 3561 1392 3568 ’

279 3657 381 3705 demine
408 3653 459 3717 lla,
488 3657 620 3707 danninum
647 3653 759 3704 scribunt
785 3653 848 3704 blab.
897 3653 925 3718 4)
951 3657 1081 3706 Debemus
1106 3669 1119 3703 a
1146 3668 1179 3702 m.
1204 3667 1249 3718 pr.
1278 3649 1312 3700 W
1391 3715 1392 3718 Ἴ

279 3749 305 3790 et
325 3739 381 3804 tto,
407 3744 581 3810 praeterimus
601 3741 647 3793 lla.
684 3741 765 3794 Voces
785 3745 937 3794 indesinente
962 3744 1086 3794 caelestia
1111 3755 1130 3789 r.
1150 3755 1183 3790 m.
1203 3737 1313 3788 addidit

278 3827 302 3876 in
333 3825 391 3890 llb,
420 3832 575 3896 percepturi
605 3827 698 3896 legitur
714 3822 751 3879 ‘in
780 3827 826 3880 lla.
873 3826 934 3880 Post
961 3831 1126 3882 saeculorem
1153 3825 1189 3902 Bur
1218 3828 1312 3878 inter-

278 3915 341 3964 serta
364 3924 401 3966 ut.
437 3914 499 3964 'lum
526 3919 658 3968 Holruem
683 3915 753 3980 blac,
781 3920 934 3984 llutrolruas
958 3914 998 3966 W.
1036 3914 1111 3978 Quod
1136 3915 1261 3982 sequitur
1285 3923 1315 3968 et

281 3997 347 4048 idem
366 3999 430 4052 liber
447 4009 601 4070 veteresque
620 4003 696 4068 edd,
721 4001 820 4056 Eraria.
840 4013 866 4056 st
885 4003 959 4056 Grav.
980 4020 1029 4055 cm.
1073 4001 1101 4068 5)
1121 4012 1145 4056 et
1163 4000 1194 4054 A.
1236 4000 1316 4054 Infra
