2904 4692
638 429 680 492 77

151 569 320 651 fallentium.
365 587 451 650 Unde
471 567 507 660 ¹⁵)
533 592 562 648 ct
585 585 704 649 divitem
728 585 846 649 stultum
869 563 1042 650 saeculares
1065 585 1166 668 copias

150 695 329 783 cogitantem
355 707 441 763 etse
466 699 692 762 exuberantium
717 697 862 762 fructuum
884 699 1021 782 largitate
1049 699 1167 763 iactan-

151 822 209 877 tem
233 814 389 897 redarguit
413 813 487 877 deus
512 814 630 877 dicens:
665 813 762 876 Stulte
780 809 838 892 ¹⁶),
872 813 930 876 bac
953 807 1043 877 nocto
1066 813 1167 893 capo*-

150 929 285 990 stutatur
308 929 413 990 anima
442 937 505 990 tuo.
552 927 639 1004 Quae
672 947 744 1009 erpo
773 930 899 1006 parasti
929 928 1017 989 cuius
1051 928 1169 990 erunt?

151 1043 328 1104 Laetabatnr
348 1035 384 1112 17)
409 1043 515 1105 stultus
539 1042 568 1104 in
592 1039 735 1104 fructibus
760 1047 848 1136 nocte
872 1041 1032 1104 moriturus
1063 1048 1091 1102 et
1122 1041 1169 1104 cui

153 1157 213 1217 vita
232 1156 289 1217 iam
313 1155 417 1219 deerat
441 1157 536 1228 uictus
560 1154 765 1219 abundantiam
789 1155 947 1236 cogitabat.

239 1471 347 1558 Contra
366 1491 389 1567 ¹)
412 1477 509 1554 autem
534 1490 670 1554 dominus
693 1490 860 1572 pen-tectum
884 1497 915 1552 et
937 1500 1170 1555 corrsnmmatum

154 1608 241 1670 docet
264 1607 329 1670 [ieri
352 1608 403 1686 qui
427 1607 563 1668 omnibus
587 1605 650 1668 suis
674 1603 801 1666 venditis
824 1609 913 1684 atque
936 1603 965 1666 in
990 1623 1073 1668 usum
1092 1625 1171 1687 pau-

153 1740 257 1804 perum
290 1719 453 1782 distributis
483 1719 652 1782 thesauram
681 1719 738 1781 sibi
767 1716 875 1780 condat
904 1718 935 1780 in
958 1719 1051 1782 caelo.
1088 1717 1173 1781 ‘Eum

155 1832 263 1913 dicitd)
286 1851 377 1915 posse
401 1834 487 1914 sequi
511 1839 539 1894 et
563 1833 688 1922 gloriam
712 1830 877 1894 dominicae
893 1831 1040 1911 passionis
1056 1833 1172 1910 imitari,

155 1949 205 2029 qai
235 1945 392 2028 expeditus
409 1954 454 2008 ‘et
486 1947 655 2010 succinctus
687 1945 773 2008 nudis
803 1943 918 2022 laqueis
948 1945 993 2006 rei
1023 1921 1173 2007 familiaris

154 2060 324 2140 involvitur,
348 2059 401 2122 sed
426 2060 542 2123 solutus
565 2075 600 2120 ao
620 2058 697 2121 iiber
713 2057 866 2120 facultates
883 2075 953 2118 suas
969 2055 1006 2118 ad
1022 2055 1171 2120 dominnm

229 2296 271 2357 15)
290 2296 353 2347 iuda
372 2291 420 2343 bib.
457 2291 536 2343 Panlo
555 2300 612 2358 post
630 2309 660 2344 aa
679 2306 728 2342 om.
748 2288 792 2340 Ba.
831 2288 895 2341 Dein
920 2296 1105 2348 contuentem
1130 2295 1173 2345 dat

157 2381 209 2447 lib,
235 2387 353 2447 (ructum
373 2381 400 2430 Ο.
437 2379 485 2430 Pro
510 2384 574 2434 Meas
599 2378 716 2430 scribitur
741 2382 862 2432 dominun
882 2379 907 2428 in
926 2377 956 2428 W
976 2386 1002 2430 et
1021 2378 1076 2431 nat.
1115 2380 1171 2431 Vid.

158 2467 215 2518 buc.
232 2469 272 2530 12,
288 2467 330 2518 20.
370 2466 413 2529 16)
432 2470 527 2530 Stulta,
547 2470 632 2535 inquit
650 2465 698 2518 bib.
736 2465 796 2516 Tum
815 2471 903 2519 aniana
922 2477 967 2520 tuo
985 2476 1175 2540 mantulam,-

157 2553 193 2604 uc
212 2563 237 2604 et
251 2553 316 2604 diod.
357 2554 399 2612 17)
419 2557 572 2608 Laetabitur
585 2553 620 2605 Rc
638 2561 663 2604 et
677 2552 741 2603 bicd.
756 2603 759 2606 ,
774 2553 830 2603 bion
848 2557 917 2622 ipsa,
937 2556 1004 2622 quod
1024 2566 1082 2608 anre
1100 2571 1175 2614 nacte

158 2642 252 2706 primus
272 2657 286 2690 e
306 2641 364 2692 cod.
385 2639 484 2692 Cambr.
506 2641 605 2706 recepit
624 2639 765 2704 Pometios,
793 2641 842 2690 mei
867 2639 924 2691 iibri
949 2657 997 2693 non
1023 2655 1173 2713 agnoscunt.

157 2725 241 2788 Quare
266 2729 382 2794 expunxi.
419 2731 469 2782 Oui
496 2731 521 2778 in
543 2727 581 2778 dte
606 2745 625 2778 r.
646 2744 678 2778 m.
702 2743 776 2794 snpra
803 2726 907 2778 addidit.
945 2727 1011 2779 Adv.
1030 2733 1082 2782 tam
1101 2731 1175 2784 deest

157 2815 182 2865 in
203 2812 238 2864 Bc
256 2822 282 2864 et
300 2813 365 2864 Mod.
404 2812 468 2864 Dein
493 2817 700 2868 habundantiam
724 2813 836 2864 scribunt
855 2813 894 2864 W.
915 2813 987 2864 binae
1006 2823 1032 2864 et
1050 2815 1104 2868 Bab
1124 2819 1174 2870 ad-

159 2898 296 2966 stipulante
315 2899 429 2951 editione
448 2897 512 2949 Dav.

228 3001 279 3052 XV.
302 3003 329 3069 1)
348 3005 373 3054 id
391 3011 482 3054 canna
499 3000 534 3051 Bo
554 3007 579 3050 et
598 2998 661 3049 bicd.
699 2998 725 3048 tn
744 3013 818 3066 seqq.
836 3016 886 3066 qnco
906 3015 951 3065 pro
971 3006 1017 3070 qut
1029 3002 1091 3055 dia.»
1114 3007 1175 3058 Tum

159 3125 273 3177 deraditis
292 3125 413 3176 ominibus
431 3125 492 3175 outa
511 3131 534 3174 ot
554 3117 609 3170 Bb.
636 3118 762 3186 Deinceps
783 3089 912 3173 crembam
933 3125 1107 3178 thensaurum
1126 3126 1175 3192 bia,

159 3209 332 3262 tboncauruin
350 3210 411 3259 item
430 3206 459 3258 C.
497 3205 535 3256 De
560 3222 607 3274 quo
633 3208 756 3274 scripturn
778 3207 829 3257 vid.
854 3209 972 3277 Wopncr.
991 3209 1007 3261 l.
1028 3227 1049 3262 c.
1069 3229 1093 3281 p.
1115 3215 1174 3266 458.

159 3299 313 3349 d'beaauroa
331 3296 375 3345 dat
390 3292 446 3344 Ver.
468 3309 576 3361 moxque
596 3297 624 3346 in
644 3297 735 3358 caetis,
758 3293 796 3344 dib
817 3309 872 3346 cum
892 3295 932 3346 ed.
947 3293 1012 3348 Dav.
1026 3301 1053 3350 in
1066 3303 1175 3356 cudunt.

160 3381 189 3447 2)
208 3382 262 3433 dica·
281 3379 325 3431 bb.
363 3379 420 3431 Vid.
440 3379 524 3432 Mattb.
546 3379 587 3444 19,
607 3381 649 3431 21.
687 3379 722 3431 bii
736 3385 832 3450 possit.
869 3381 1010 3435 Prononren
1029 3384 1176 3440 redanivum

161 3483 190 3520 as
209 3475 266 3518 ante
286 3471 361 3536 aequi
380 3468 445 3520 maie
464 3469 584 3521 insertum
603 3457 782 3520 rectedeievit
795 3467 921 3519 Moreiiins
935 3471 1066 3522 veteribus
1079 3472 1176 3524 duobus

160 3551 229 3604 libris
252 3555 323 3605 nirnrs
348 3555 423 3624 idque
445 3573 494 3606 om.
516 3557 590 3607 etiam
611 3555 649 3606 W.
672 3553 709 3605 Ma
731 3563 756 3606 et
775 3554 817 3606 Ba.
856 3555 950 3606 Aberat
968 3572 1004 3624 pr.
1024 3558 1048 3608 in
1069 3557 1123 3621 Me,
1151 3561 1177 3609 in

161 3655 211 3710 quo
230 3656 249 3692 r.
270 3657 301 3692 m.
321 3659 395 3707 snpra
416 3645 515 3695 adiecit.
553 3647 636 3713 Sequi
660 3643 753 3694 excidit
779 3643 802 3692 in
824 3641 866 3692 Bb.
905 3641 965 3693 Tum
989 3647 1091 3712 planiae
1114 3660 1176 3712 per·

161 3745 247 3795 peram
274 3728 393 3780 scribitur
419 3731 443 3780 in
469 3729 496 3780 0.
534 3729 560 3780 in
585 3747 655 3798 seqq.
682 3731 887 3780 coniunctionem
914 3738 971 3796 post
996 3735 1101 3784 solutus
1127 3747 1176 3782 om.

163 3815 220 3866 edd.
236 3815 325 3867 Venet.
347 3817 426 3870 iiunn.
448 3826 473 3869 et
491 3792 591 3881 flumin,
613 3820 637 3867 in
658 3817 720 3868 Dav.
741 3816 832 3884 iegitur
849 3826 880 3869 at.
920 3815 975 3867 bion
996 3819 1028 3868 ad
1046 3819 1178 3870 ciconinum

161 3915 208 3967 pro
228 3905 354 3959 addeum
373 3903 540 3974 praestantC
568 3903 606 3954 W.
628 3903 700 3955 biaci.
721 3901 773 3954 Bne
793 3911 943 3972 veteresque
963 3901 1021 3953 edd.
1042 3919 1064 3954 c.
1081 3899 1177 3958 Erasan.
1216 3927 1218 3933 a

165 3990 190 4038 et
209 3987 283 4042 Gran.
319 4019 323 4024 -
