2858 4688
644 356 702 426 tut
734 381 746 394 ·

167 519 281 585 animae
315 520 434 584 inbuitis
468 517 647 582 cruciatibus
681 517 718 582 ad
753 517 895 580 dolorem.
948 515 1136 598 spectabitur
1154 509 1181 592 ⁴)

164 635 223 696 iilic
245 653 262 696 a
286 635 372 697 nobis
394 651 513 714 semper
537 632 586 712 qui
609 633 656 695 bic
680 651 735 696 noa
761 631 906 713 spectavit
937 630 972 694 ad
1004 637 1121 712 tempus
1153 635 1183 694 at

148 749 195 810 ·in
218 748 478 830 persecutionibus
500 746 585 810 iactis
603 746 757 812 oculorum
772 745 936 810 crudelium
952 744 1053 808 brevis
1070 742 1182 806 tructus

166 870 308 944 perpetua
333 863 449 925 visione
473 861 646 942 pensabitur
672 859 835 940 secundum
867 860 1032 938 scripturae
1062 863 1183 920 sauctae

166 975 253 1038 fidam
271 975 395 1038 dicentis
407 971 450 1051 5)·;
479 974 595 1036 Vermia
619 993 725 1052 eorum
747 992 811 1036 non
832 967 1032 1047 maetenni),
1054 977 1085 1030 ct
1101 970 1183 1048 ipnia

166 1107 272 1151 eoram
294 1107 359 1150 nnn
383 1089 609 1168 ccatinpuetur,
634 1096 664 1148 ct
686 1096 778 1150 crunt
792 1089 834 1149 od
847 1087 1002 1150 visionem
1016 1086 1184 1148 uniuersae

166 1203 264 1263 corni.
311 1199 346 1281 Et
375 1201 481 1264 iterum
500 1195 543 1277 'tr
582 1200 666 1262 Tunc
695 1201 825 1262 stabunt
843 1195 870 1275 8)
903 1201 979 1262 iusti
1009 1201 1044 1261 in
1070 1217 1184 1280 mopno

167 1315 346 1376 cunctantia
377 1315 530 1376 adamam
560 1332 631 1389 cca,
665 1314 1056 1393 qoiac'cnpuaticcerunt
1079 1313 1186 1395 etqui

167 1427 364 1492 abstulerunt
378 1427 504 1490 labores
521 1445 635 1489 eorum.
662 1426 803 1488 Videntea
820 1425 1027 1488 turbabuntur
1039 1419 1183 1502 timore&

166 1541 323 1619 horribili,
344 1548 374 1602 ct
388 1538 585 1602 mirabuntur
600 1539 633 1600 in
649 1529 839 1602 aubitatione
857 1539 1037 1618 insperatae
1053 1539 1185 1614 aaiutia,·

167 1653 274 1716 dicent
295 1653 376 1718 inter
398 1670 433 1716 ac
452 1651 679 1730 paenitentiam
701 1649 851 1726 iubentes
875 1659 905 1713 ct
923 1670 984 1732 per
1008 1655 1185 1734 obpositam

167 1850 322 1908 ueteresque
341 1841 399 1895 edd.
420 1857 442 1894 c.
455 1839 552 1892 Eraarn.
568 1838 641 1894 Grau.
657 1840 748 1893 Manat.
768 1849 795 1893 et
809 1841 907 1893 bioreib
943 1843 971 1904 4)
984 1845 1185 1922 1δροιηιώπηίιυ·

167 1978 225 2030 Ver.
245 1987 271 2029 ct
287 1993 333 2029 ar.
349 1995 380 2030 m.
395 1977 442 2030 bib.
480 1977 543 2028 Dein
558 1981 623 2032 iiiuc
636 1977 677 2028 ed.
692 1976 755 2028 Dav.
794 1977 850 2028 Mox
863 1932 995 2047 apcctabbi
1009 1979 1056 2044 bic,
1076 1991 1184 2048 epecta-

165 2075 270 2132 ucrunt,
291 2066 358 2134 quod
378 2066 518 2134 respondet
536 2064 702 2131 praecedenti
721 2067 920 2133 spectabuntur,
940 2063 1010 2129 Van,
1034 2070 1188 2134 expectauit

166 2151 213 2217 Bt,
233 2155 310 2205 notia
330 2155 476 2224 expectabit
489 2149 533 2214 Ba,
552 2159 692 2220 aaepcctnnt
705 2150 753 2200 bib.
792 2147 831 2200 De
847 2152 1034 2218 permutatione
1048 2151 1185 2204 verborum

164 2249 284 2308 spectare
309 2248 335 2290 et
359 2248 531 2308 exoptatam,
560 2253 609 2304 qua
633 2239 658 2287 in
685 2237 760 2288 codd.
785 2236 848 2288 nihii
871 2237 1102 2305 frequentinum,
1132 2238 1185 2289 uid.

166 2325 251 2378 adnot.
271 2328 303 2378 ad
323 2327 440 2378 umbros.
461 2325 493 2376 dc
512 2324 664 2388 uidenti,
683 2323 705 2376 1.
725 2342 749 2391 p.
764 2323 822 2375 259.
859 2323 920 2376 Tum
938 2328 1021 2395 fadaia
1039 2341 1085 2391 pro
1103 2307 1185 2394 scotia

166 2413 197 2464 W
216 2423 241 2465 et
260 2413 322 2465 blac.
360 2411 447 2464 Statim
469 2416 575 2466 crebrae
598 2411 689 2477 (voluit
707 2409 822 2463 librarius
841 2415 941 2466 brocca.
978 2411 1184 2479 superscriptum

165 2506 248 2551 autetn
273 2517 286 2551 a
310 2516 329 2552 r.
357 2517 388 2552 m.
416 2507 454 2551 est
470 2501 595 2564 'trevia),
623 2499 716 2550 deinde
740 2503 924 2570 pensabuntur
949 2513 963 2548 a
988 2515 1019 2550 na.
1039 2514 1094 2567 pr,
1123 2515 1136 2550 a
1163 2515 1182 2556 r.

164 2598 386 2691 ”mmmmm
404 2623 447 2676 ru
467 2623 516 2676 uu.
552 2623 580 2687 a)
600 2622 684 2698 uetat.
704 2621 809 2708 napea.
845 2623 873 2685 a)
892 2626 1007 2678 ‚mmm
1025 2624 1056 2686 a,
1080 2639 1184 2679 amu

167 2737 195 2750 ·-
216 2713 361 2764 mutentur
380 2709 419 2760 tia
438 2718 464 2760 et
482 2707 526 2761 Bb.
563 2709 613 2766 Pro
632 2714 776 2782 antemnae
795 2710 911 2764 carniA
933 2719 1055 2766 retentae
1080 2715 1182 2768 comta.

165 2797 194 2859 7)
214 2793 271 2860 Sap.
292 2795 322 2858 5,
346 2795 368 2846 1.
405 2795 434 2862 8)
453 2799 575 2862 stabunt,
600 2799 685 2864 inquit
703 2803 729 2846 ot
747 2804 958 2864 unpuatceerunt
974 2796 1024 2846 bib.
1061 2795 1098 2846 ita
1116 2796 1183 2849 idem

165 2881 190 2931 iu
210 2879 278 2930 Teat.
291 2879 333 2930 iii.
350 2881 389 2930 16.
409 2896 434 2946 p.
447 2878 497 2930 309
518 2888 544 2930 et
562 2879 593 2932 ad
610 2879 742 2932 Fortunat.
762 2895 817 2948 cap.
831 2879 883 2932 xit.
904 2897 929 2946 p.
943 2881 1003 2932 272.
1023 2879 1080 2932 ttab
1100 2891 1126 2932 ct
1139 2881 1183 2936 Ba.

166 2967 213 3020 Pro
232 2987 324 3022 aarum
343 2967 378 3018 Ba
398 2975 424 3018 et
443 2966 483 3018 bid
502 2970 617 3020 itionum.
655 2966 683 3023 9]
703 2977 803 3020 tamne
822 2965 860 3017 W.
900 2964 1037 3018 Locutione
1056 2971 1085 3018 tn
1103 2972 1183 3022 audi.

166 3060 261 3110 tattone
280 3059 431 3124 inoperatae
448 3055 610 3122 (inspiratae
628 3052 667 3104 W.
687 3053 725 3104 tta
744 3061 769 3103 et
789 3051 837 3120 Ba)
855 3055 955 3107 natatio
979 3051 1032 3120 (int
1050 3057 1086 3119 τῷ
1103 3073 1185 3120 παρα-

165 3140 228 3208 δοᾙρ
246 3145 285 3206 τῆς
302 3141 425 3207 σωτηρίας)
444 3141 503 3191 item
523 3140 599 3192 utitur
614 3138 707 3192 Noatcr
726 3139 757 3190 ad
776 3137 907 3192 Fortunat.
928 3147 953 3190 et
970 3141 995 3192 ia
1008 3139 1111 3193 Tcatim.
1129 3140 1183 3210 bc.

165 3229 261 3296 Recepi
287 3227 379 3281 deindo
403 3231 488 3282 dicant
513 3225 625 3292 (iporiam)
650 3241 697 3295 pro
716 3231 833 3282 dicendae
853 3243 868 3278 a
887 3227 965 3278 codd.
981 3228 1025 3280 iia.
1046 3227 1096 3280 bid.
1116 3227 1140 3280 Α
1159 3237 1185 3280 et

166 3315 378 3383 exemplariDau.
413 3314 446 3366 Et
457 3316 494 3366 tic
511 3329 548 3381 pr.
562 3313 697 3383 tegebatur
710 3317 735 3366 in
748 3315 795 3367 bic.
830 3313 957 3368 Exhibeat
970 3319 1056 3372 dicanti
1069 3319 1146 3368 ctiam
1159 3318 1184 3368 iu
1241 3385 1243 3388 .

166 3405 240 3469 epiat.
260 3403 293 3452 ad
311 3401 539 3456 Fortunatcodd.
562 3402 591 3452 W
611 3403 640 3468 (e
659 3405 738 3468 corr.)
759 3412 785 3454 et
802 3403 875 3467 iiab,
901 3403 1051 3470 quibuscum
1076 3385 1184 3455 concinit

167 3492 191 3540 ia
211 3488 313 3540 teatina.
333 3479 396 3542 tta·
419 3487 508 3540 Statim
526 3493 598 3544 intro
615 3507 646 3543 ae
662 3488 710 3554 Bb,
730 3490 771 3542 ed.
786 3489 848 3542 Dav.
869 3492 1013 3558 etantiqua
1033 3491 1119 3540 vcraio
1130 3489 1183 3541 bat.

166 3579 358 3630 Paenitentiam
375 3579 513 3642 moenam,-
526 3575 593 3643 quod
612 3591 661 3642 pro
675 3596 700 3644 p.
714 3586 819 3646 apcntea
828 3578 925 3642 ¹primun
937 3577 1045 3628 restituit
1058 3572 1184 3638 Briantae,

166 3661 314 3714 confirmant
333 3661 371 3712 W.
391 3661 447 3712 biab
474 3660 528 3728 (hic
547 3678 561 3711 a
580 3679 611 3712 m.
632 3665 682 3729 pr.)
708 3663 749 3714 cd.
773 3661 811 3714 Bb
830 3662 897 3714 οιΑ
922 3664 1033 3730 itemquo
1058 3662 1082 3710 iu
1110 3661 1182 3726 cpiat.

166 3749 198 3800 ad
218 3747 347 3800 Fortunat.
368 3757 394 3799 et
412 3751 437 3798 in
457 3748 523 3802 Teat.
544 3748 600 3802 iibri
625 3751 711 3816 acripti
737 3757 762 3799 et
787 3749 858 3800 aditi.
897 3747 1029 3815 Vulgatant
1047 3746 1183 3798 lectionem

77 3861 80 3867 ·
165 3852 229 3904 prae
248 3839 372 3906 amputatio
392 3837 423 3906 (ᾗ
441 3837 571 3907 anpuatia‘
587 3834 663 3886 babet
682 3834 729 3900 Ba)
750 3837 844 3888 mutavi
863 3837 886 3886 in
903 3853 950 3902 par
969 3835 1119 3902 anundum
1141 3834 1183 3883 iu·

166 3919 292 3974 bentibus
306 3921 377 3977 libris
396 3921 455 3974 Ver.
476 3921 515 3974 W.
534 3920 591 3972 biab
611 3930 637 3972 at
655 3921 746 3988 Naap.‚
766 3920 916 3991 quibuscum
935 3919 995 3972 iacit
1014 3920 1053 3972 cd.
1072 3917 1182 3983 biorali.;
