2834 4686
745 373 811 446 804

268 517 376 622 lipatns
399 541 432 600 et
451 537 569 600 vinctus
599 553 651 615 cs,
681 536 748 600 selo
780 533 952 600 mumanae
981 534 1117 618 captiuus
1147 555 1201 618 es,
1227 555 1286 602 nec

268 649 380 715 solacia
403 649 535 714 tibialia
558 649 746 714 subveniunt.
791 649 994 714 Perseverans
1017 650 1125 714 malam
1151 655 1199 713 est
1224 649 1285 713 lao-

268 763 375 827 minem
405 761 548 844 persequi
578 760 615 825 ad
645 761 694 826 dei
725 761 848 844 gratiam
877 761 1084 844 pertinentem.
1130 759 1287 824 Calamitas

268 877 334 940 sine
355 873 490 940 remedio
514 879 560 938 est
583 871 685 938 odisse
707 865 744 947 18)
769 869 894 937 lelicem.

736 1066 814 1139 titt.

353 1211 390 1278 Et
405 1212 528 1290 idcirco,
550 1209 658 1275 iratres
674 1207 867 1289 dilectissimi,
888 1209 956 1274 huic
970 1210 1105 1292 periculo
1121 1213 1286 1288 consulens?

267 1328 420 1407 dominus,
451 1344 489 1388 ne
519 1325 587 1407 quis
617 1323 685 1388 uelo
716 1321 816 1385 fratris
846 1321 1040 1405 inlaqueata
1063 1324 1167 1388 nortis
1185 1323 1214 1406 ¹),
1233 1326 1285 1403 iri-

267 1447 412 1520 curreret,
436 1455 501 1502 oum
526 1456 594 1502 eum
617 1436 752 1523 discipuli
775 1437 1007 1520 interrogarent,
1030 1437 1096 1519 quis
1117 1439 1286 1518 interillos

266 1557 360 1621 maior
381 1561 480 1618 esset:
516 1552 577 1630 Qui
598 1551 715 1631 fcerit,
739 1552 834 1634 inquit
848 1548 894 1633 ²),
917 1551 1118 1616 minimuaia
1142 1555 1283 1632 mandrae

264 1669 367 1746 colaia,
389 1667 441 1730 laic
463 1667 524 1729 erit
544 1684 684 1748 mapnue
722 1665 893 1749 ,imputavit
915 1683 1032 1730 omnem
1055 1666 1282 1755 aemulationem

265 1771 414 1864 responso
437 1790 511 1858 sao,
544 1795 661 1842 omnem
684 1793 802 1841 causam
824 1781 857 1840 'et
879 1778 1030 1842 materiam
1054 1779 1200 1844 mordacis
1228 1779 1281 1844 in*

264 1893 361 1957 vidiae
377 1889 406 1971 ³)
429 1893 507 1957 eruit
527 1899 557 1956 et
579 1894 713 1962 abscidit.
751 1893 904 1976 Discipulo
927 1891 1206 1976 Christi⁴)‘'za?lare9
1220 1910 1283 1958 nna

264 2005 354 2090 licet,
388 2022 447 2072 non
471 2003 542 2070 licet
564 2004 713 2088 invidere.
736 2075 738 2078 ,
758 2004 952 2086 Exultationis
971 2002 997 2084 5)
1028 2006 1105 2088 apud
1129 2015 1280 2098 'nos'iion

264 2126 365 2201 potest
386 2137 457 2182 esse
479 2120 641 2184 contentio.
686 2119 909 2192 Dedumilitate
924 2118 962 2180 ad
977 2095 1090 2198 sumnia
1106 2111 1282 2206 crespinus,

264 2230 420 2294 didicimus
438 2226 467 2308 ⁶)
485 2229 581 2292 'unde
614 2230 791 2311 placeamus.
846 2229 981 2310 Denique
1015 2227 1097 2306 etl)
1113 2231 1282 2312 ¹apostolus

264 2329 379 2408 Paulus
393 2330 554 2414 instruens
568 2349 598 2406 et
621 2361 762 2424 monens,
788 2351 821 2406 ut
843 2345 892 2425 qni
915 2329 1207 2444 inluminati·Claristi
1224 2333 1282 2438 lu:

263 2485 470 2504 ’φτ-*νῇ

263 2515 308 2610 lib,
332 2519 371 2610 'ln
397 2571 469 2622 seqq.
495 2557 596 2624 liparus
621 2515 637 2604 e
662 2555 765 2620 lapctua
791 2525 900 2604 enatum!
917 2560 956 2604 est
980 2553 1004 2618 ip
1029 2551 1077 2604 llb.
1099 2517 1206 2608 [edum
1219 2522 1279 2620 post'
1393 2611 1394 2632 3

261 2645 365 2700 aulacia
388 2647 518 2708 praestant
535 2638 575 2690 W.
595 2637 660 2691 llbd.
680 2639 731 2690 Bab
754 2648 782 2688 et
799 2638 821 2690 Α
843 2653 890 2708 pro
908 2639 976 2708 vulp.
996 2642 1102 2696 solutio.
1140 2637 1273 2706 Praeposi-

261 2731 357 2780 tionem
374 2725 446 2779 verbi
464 2729 626 2784 sulcanium
644 2725 676 2778 al.
697 2743 728 2778 ιιι.
747 2728 924 2798 superscripsit
943 2727 967 2778 in
987 2725 1032 2776 aa.
1068 2726 1124 2794 ta)
1143 2729 1276 2792 olaadiaae
1393 2799 1394 2802 Ἴ

241 2813 412 2952 ‘embiillA
431 2902 462 2968 1)
487 2901 579 2956 catuli
600 2913 647 2967 pro
671 2901 766 2953 maaria
784 2907 866 2952 exstat
884 2900 908 2952 in
929 2899 987 2951 edd.
1008 2908 1077 2973 vett,
1090 2865 1117 2951 et
1129 2887 1158 2952 in
1179 2865 1275 2952 liresm.¹

261 2995 337 3058 atque
358 2985 451 3058 Grau,
475 2989 574 3040 diaboli
596 2987 620 3036 in
646 2977 743 3038 dlorell.
780 2985 878 3038 Deinde
904 2990 1112 3057 iatarropuaeant
1136 2987 1162 3038 in
1187 2986 1278 3038 iisdem'

260 3071 353 3138 editis3
382 3077 442 3144 quis
468 3077 560 3128 eonem
586 3076 672 3126 maior
698 3072 774 3124 habet
797 3072 850 3139 lia,
878 3081 1040 3142 tumescat,
1067 3077 1204 3145 respoudit
1230 3071 1275 3125 Bb.

260 3163 291 3230 2)
314 3165 397 3232 inputa
422 3177 471 3212 om.
491 3159 521 3212 Α.
558 3159 675 3212 ceterum
699 3161 750 3212 vid.
769 3159 828 3212 luc.
849 3161 881 3226 9,
900 3161 943 3212 48.
976 3148 1049 3216 later
1072 3178 1123 3215 noa
1148 3161 1278 3214 misimur
1393 3171 1394 3178 ¹

259 3247 352 3316 legitur
370 3249 394 3297 in
408 3246 439 3310 A,
450 3261 531 3299 uoce.
551 3251 580 3300 ia
598 3251 720 3302 omuibus
738 3251 814 3302 vatia
831 3261 881 3300 cna.
895 3247 966 3315 Ver,
985 3248 1044 3300 dein
1060 3251 1111 3302 erit
1126 3246 1167 3299 ed.
1182 3245 1273 3299 Manat

260 3333 336 3403 idque
360 3333 489 3401 supplevit
512 3335 551 3386 vir
574 3333 641 3385 doct.
661 3336 686 3386 in
706 3351 756 3403 rag.
777 3335 929 3402 exemplaris
948 3335 1129 3404 Gottingenair.
1174 3333 1202 3398 3)
1226 3337 1274 3386 ia-

259 3425 346 3476 cidice
363 3424 498 3476 anorducia
516 3419 565 3472 lllb.
609 3422 638 3488 d)
657 3425 758 3476 Olriati
776 3438 825 3474 om.
844 3423 898 3488 lla,
923 3426 1030 3479 Uiriato
1048 3421 1166 3475 habeti
1188 3428 1215 3472 et
1232 3421 1275 3471 in·

259 3525 335 3560 verso
353 3507 489 3560 verborum
509 3508 598 3559 ordine
616 3526 669 3562 aon
688 3512 750 3564 licet
766 3513 855 3565 actare
873 3509 918 3562 Bb.
965 3511 994 3578 5)
1019 3511 1205 3564 declarationis
1224 3505 1274 3571 llb,

259 3595 318 3648 dein
337 3600 489 3665 contemptio
509 3594 553 3648 Ba.
590 3595 620 3664 6)
638 3601 790 3663 didicimus,
809 3598 877 3667 quod
896 3598 990 3651 excidit
1006 3599 1031 3650 in
1050 3597 1081 3662 Α,
1100 3601 1126 3650 in
1141 3597 1173 3649 W
1192 3597 1223 3650 ala
1242 3594 1275 3648 al:

259 3699 289 3734 m.
311 3689 452 3734 correctum
472 3689 511 3734 est
530 3699 545 3734 c
564 3687 688 3738 dicimur.
725 3684 754 3752 7)
773 3685 864 3738 Partic.
886 3696 910 3740 at
927 3702 977 3738 om.
997 3684 1038 3738 tlh
1057 3691 1083 3736 et
1101 3683 1131 3736 Δ.
1151 3685 1273 3738 wauton

259 3768 321 3821 deit
338 3771 363 3821 in
383 3769 440 3822 edd.
458 3776 520 3821 vert.
557 3769 606 3823 Pro
625 3789 733 3827 moneta
752 3772 828 3825 iidem
844 3773 914 3839 libri,
932 3775 954 3826 ai
974 3772 1087 3841 excipias
1099 3771 1270 3823 Daventrien·

257 3872 321 3921 sem,
341 3855 461 3909 exhibent
480 3859 584 3922 decena,
604 3874 652 3911 nec
671 3860 814 3928 discrepant
834 3859 953 3914 Erasmus
973 3867 999 3912 at
1018 3855 1160 3920 Marcilium
1181 3859 1271 3910 diem

257 3937 351 4012 legitur
369 3944 393 3993 in
414 3943 454 3994 ed.
472 3939 537 3997 Dav.
574 3943 634 3997 Post
653 3949 758 4002 cariati
775 3948 799 3999 ia
818 3943 859 4000 llb
877 3963 900 4021 r,
918 3965 951 4000 m.
970 3947 1149 4016 anparaeripeit
1166 3959 1272 4000 castratur.¹
