2858 4688
636 393 697 460 145

155 573 196 616 eu
219 551 621 632 eoncupiscentiomundi,
655 559 685 614 ct
706 537 840 614 mundus
864 542 1014 616 transibit
1041 562 1072 618 et
1099 573 1174 622 cott-
1209 595 1213 603 ·

155 666 351 744 cupiscentt'o
373 667 447 731 eius.
495 665 555 741 Qui
572 674 683 744 „aetem
709 665 824 744 fecerit
851 667 1042 732 volontatem
1068 671 1120 733 dei
1136 667 1173 748 5),

154 779 314 842 monet-in
337 785 505 854 aeternum,
530 777 684 856 quomodo
705 785 735 839 et
750 779 827 840 deus
842 787 944 858 monet
957 779 990 840 in
1007 789 1174 860 oeternum.

156 891 256 955 Potius
273 885 319 967 ⁶),
353 889 459 952 iratres
484 888 684 968 dilectissimi,
717 897 815 952 mente
836 892 971 972 integre,
1003 892 1062 955 fide
1083 893 1175 976 lirmu,

157 1006 264 1066 virtute
296 1003 417 1066 robusto
448 1003 542 1084 puroti
571 1000 607 1064 cd
638 1019 755 1066 omnem
786 1003 965 1067 voluntatem
997 1004 1046 1068 dei
1074 1007 1175 1088 simus,

156 1135 270 1199 pevore
294 1117 397 1179 mortis
420 1115 544 1178 excluso
566 1115 821 1194 inmortalitatem,
844 1135 922 1197 quae
944 1119 1093 1199 sequitur,
1118 1139 1175 1184 co-

156 1231 292 1314 gitemus.
338 1227 402 1291 lloc
420 1221 445 1299 7)
469 1244 525 1290 nos
548 1228 741 1291 ostendamus
764 1245 833 1292 esse
856 1229 936 1310 quod
960 1230 1117 1316 credimus,
1145 1241 1176 1296 ut

157 1361 214 1406 neo
245 1358 385 1413 cerotum
419 1341 574 1424 lugeamus
611 1359 769 1404 excessum
804 1348 834 1403 el
868 1362 933 1407 cum
971 1345 1176 1412 arcessitiouis

156 1454 296 1538 propriae
320 1453 533 1526 diesvenerit,
546 1457 750 1518 incunctanter
773 1461 802 1517 et
825 1456 952 1520 libenter
973 1457 1009 1520 od
1026 1457 1175 1523 domiuum

157 1572 223 1652 ipso
256 1573 382 1632 uocuute
415 1570 577 1630 veniemus.
633 1566 719 1643 Quod
755 1585 820 1630 cum
854 1588 975 1653 semper
1009 1571 1176 1635 laciendum

158 1682 247 1746 luerit
262 1676 291 1758 ⁸)
306 1690 307 1694 ’
323 1681 370 1744 dei
400 1682 518 1759 servis,
548 1699 640 1758 nunc,
656 1680 720 1744 fieri
751 1681 847 1766 multo,
872 1685 966 1768 magis
990 1682 1079 1768 debet
1102 1703 1175 1748 cor-

158 1802 265 1859 ruente
296 1795 352 1856 iuru
387 1794 497 1858 mundo
533 1800 563 1856 et
596 1793 740 1857 mulorum
755 1869 758 1878 1
775 1794 992 1870 infestantium,
1010 1798 1176 1864 turbinibus

160 1908 305 1986 obsesso,
337 1907 441 1989 utqui
464 1897 612 1970 cernimus
637 1893 775 1990 co'episse
798 1909 854 1970 iam
877 1910 980 1990 grevia
1010 1911 1176 2006 etmscimus

159 2130 200 2184 lll.
217 2131 256 2183 ll.
277 2148 301 2200 p.
317 2131 376 2188 308.
413 2129 487 2183 Dein·
498 2133 542 2200 qui
557 2128 758 2200 cleopatrae.
795 2127 844 2183 l'ro
858 2135 1074 2202 correupiecentio
1086 2136 1177 2188 moreti

101 2273 105 2278 ,
158 2223 182 2272 iu
195 2220 263 2284 leet.
283 2218 299 2271 l.
317 2235 339 2270 c.
360 2217 415 2269 libri
435 2226 486 2275 tum
505 2217 603 2283 scripti,
622 2231 697 2284 quam
716 2215 779 2268 editi
798 2216 891 2269 babent
908 2236 945 2272 ex
963 2225 1177 2291 concupiscentia

155 2311 271 2378 ,succutit
309 2306 346 2359 ltu
371 2313 397 2356 et
420 2304 454 2356 de
476 2304 569 2355 domin.
595 2311 659 2353 oret.
680 2302 695 2353 Ι.
715 2319 738 2354 c.
758 2303 831 2355 codd.
851 2303 893 2356 W.
912 2305 951 2357 blo
970 2313 996 2358 el
1015 2305 1066 2370 m,
1092 2325 1176 2378 neque

159 2394 232 2446 aliter
255 2401 314 2447 aute
338 2391 473 2461 legebatur
497 2391 530 2441 de
555 2387 632 2440 hubit.
658 2391 721 2457 virg.
745 2389 761 2442 Ι.
780 2407 818 2456 c.,
845 2390 889 2443 ubi
908 2408 988 2460 nuper
1005 2410 1020 2445 e
1040 2394 1096 2446 cod.
1117 2395 1176 2446 Ver.
1254 2399 1255 2405 ’

158 2483 257 2534 restitui
284 2497 317 2534 ex
345 2496 453 2547 concup.
481 2479 588 2538 cusentin
616 2485 655 2528 est
682 2480 749 2530 euim
772 2479 803 2552 ¹in
832 2465 929 2530 Grseco
954 2477 981 2528 ἐκ
1007 2481 1051 2528 τοῦ
1077 2477 1176 2544 κόσμου.

159 2566 297 2638 Utrumque
316 2565 467 2620 vocobulum
486 2567 551 2618 iuter
567 2581 596 2618 re
613 2567 749 2634 permuturi
761 2567 822 2617 setis
834 2565 893 2617 iude
905 2574 983 2633 petet.
1015 2566 1076 2620 Post
1086 2571 1178 2622 mundi

77 2723 79 2726 Ι
158 2657 258 2708 additur
276 2665 317 2709 ert
335 2655 402 2708 inb
441 2655 468 2718 5)
488 2653 543 2726 Prq
556 2657 596 2708 dei
614 2652 674 2706 tull
693 2653 809 2705 scribitur
825 2657 914 2724 putris
932 2657 993 2720 mei,
1012 2655 1094 2706 stetim
1113 2673 1175 2708 ma-

158 2746 226 2796 nebit
245 2744 270 2792 in
289 2741 329 2792 W.
350 2740 385 2793 m
405 2751 430 2794 et
449 2741 505 2807 bld,
533 2743 592 2793 item
617 2742 641 2792 in
668 2741 763 2809 sliquot
786 2741 858 2792 libris
884 2740 916 2792 de
935 2739 1012 2794 babit.
1030 2733 1096 2810 virg.
1115 2742 1132 2793 l.
1153 2759 1175 2794 c.

158 2827 241 2878 Verbo
262 2828 389 2893 proximus
407 2830 533 2895 quomodo
551 2835 575 2879 ct
593 2807 658 2880 deor
677 2835 762 2877 merset
780 2830 809 2878 irs
828 2835 970 2889 ueterrrurn,
990 2842 1038 2876 cm.
1052 2827 1093 2878 llld
1108 2836 1134 2878 et
1145 2827 1175 2880 A.

159 2911 208 2963 Pro
235 2915 361 2982 quomodo
386 2910 507 2963 Erasmus
532 2911 601 2962 dedit
627 2913 706 2964 sieut.
748 2909 814 2960 Post.
839 2918 862 2962 et
887 2909 949 2978 defit
974 2912 999 2962 in
1024 2910 1091 2963 Test.
1117 2913 1132 2962 l.
1152 2931 1175 2965 c.

120 3059 123 3065 ¹
160 3001 190 3068 6)
215 2999 254 3050 blo
279 2999 383 3064 „alti
405 3014 427 3050 c.
453 2997 513 3049 edd.
538 3003 643 3046 vetto.
663 2994 759 3046 Eresm.
781 2983 1038 3064 etGruv.)porro.“
1074 2995 1178 3052 Tumor

158 3091 208 3158 tite
225 3090 301 3156 mmo
320 3100 428 3153 moxque
446 3087 479 3137 ad
498 3099 598 3135 ornnem
616 3083 658 3135 dei
675 3083 833 3134 celeritatem
851 3083 892 3134 dei
910 3079 986 3131 hebet
999 3079 1037 3132 W.
1075 3082 1103 3147 t)
1122 3087 1177 3137 Hoc

160 3177 185 3226 iu
206 3175 235 3224 W
255 3171 287 3224 ob
306 3172 338 3224 sl.
359 3187 391 3222 m.
410 3171 616 3238 superscriptum.
653 3167 680 3218 ln
699 3183 770 3236 seqq
790 3175 915 3221 nocente
940 3186 1066 3222 errorum
1090 3173 1178 3238 recepi

161 3260 270 3314 occdd,
291 3259 330 3310 W.
350 3257 430 3309 llub'e
450 3254 503 3306 Bub
523 3262 549 3306 et
567 3252 604 3319 Α,
631 3253 779 3321 quibuscum
799 3252 858 3304 iecit
878 3253 919 3305 ed.
939 3251 1052 3317 blorell.,
1076 3273 1109 3310 ne
1127 3241 1175 3308 exss

160 3347 248 3398 bibent
276 3344 335 3397 edd.
363 3351 442 3408 vett,
470 3359 552 3412 ncqrte
577 3327 673 3393 Erusm.
703 3349 729 3391 et
756 3343 928 3408 posteriores,
957 3350 1063 3409 exceptu
1090 3351 1176 3394 temen
1212 3355 1215 3360 “

161 3433 277 3498 blorell.,
302 3440 328 3484 ut
354 3433 403 3482 ium
426 3431 529 3494 monui,
554 3446 626 3484 nune
646 3428 733 3480 scribit
752 3429 800 3480 llld.
837 3429 953 3480 Proxime
973 3429 1049 3481 codd.
1069 3439 1094 3482 et
1113 3432 1175 3483 editi

160 3516 372 3592 fluctuentliuter
396 3519 587 3572 reserationis
605 3523 632 3566 et
650 3518 830 3578 accersionis,
857 3523 883 3566 ut
902 3517 1002 3582 possim.
1041 3515 1105 3568 Dedi
1125 3536 1174 3571 ur-

157 3609 325 3670 melitonis.
350 3605 407 3656 Vid.
421 3605 452 3655 od
466 3619 522 3671 cep.
535 3601 564 3654 ll.
579 3611 632 3654 not.
643 3600 678 3666 9,,
697 3602 727 3653 sd
741 3618 796 3667 cup.
808 3601 871 3654 lllll.
885 3611 937 3654 not.
948 3602 983 3668 6,
1002 3603 1033 3654 sd
1046 3620 1101 3671 cep.
1113 3603 1176 3658 xlv„

161 3701 214 3744 not.
231 3693 255 3743 l.
291 3695 420 3761 Propriae
439 3688 547 3744 omes.
583 3688 653 3740 Idem
672 3687 749 3762 babet
767 3692 909 3743 advenerit.
946 3688 1008 3740 Tum
1025 3693 1177 3746 aetibeuter

162 3778 200 3844 Α,
228 3782 309 3831 stetim
335 3783 368 3833 orl
390 3782 465 3833 mom
484 3777 524 3828 blb
544 3784 570 3827 et
590 3774 635 3826 lle.
680 3775 709 3838 8)
727 3779 810 3844 fuerit
825 3779 977 3844 furientium
996 3777 1054 3828 cdd.
1072 3784 1134 3828 vett.
1153 3773 1175 3830 e.

161 3865 259 3919 Erssm.
280 3876 305 3919 et
324 3863 398 3919 Geor.
435 3866 571 3932 Perpetem
595 3867 657 3932 fidei
680 3878 728 3930 pro
752 3867 810 3932 {teri
828 3863 857 3914 A.
895 3863 963 3914 ldem
987 3865 1012 3913 iu
1035 3878 1104 3930 seqq.
1123 3866 1177 3915 iam

163 3957 272 4024 cepisse.
311 3954 368 4005 blcx
385 3955 490 4008 ecimus
502 3951 581 4003 deest
598 3953 623 4001 in
643 3948 690 4014 Rb,
708 3954 837 4004 inminere
854 3964 901 4018 pro
919 3953 1056 4003 imminere
1073 3949 1133 4001 deut
1144 3946 1176 3998 W

930 4035 970 4101 10
