2904 4692
729 377 772 442 'to

242 539 383 601 tuototeor
407 537 486 600 oiroo
511 553 566 598 uos
590 533 639 597 rtet
654 522 743 610 ieri,
775 535 845 616 ‘quio
876 535 962 598 haec·
978 541 1023 598 est
1052 533 1189 598 volontas
1213 537 1261 599 ‹iei

242 659 273 714 ut
296 659 415 712 terreno
439 647 619 712 coelestibus
649 650 774 727 cederit,
807 649 948 731 spiritalia
977 657 1005 710 et
1038 648 1136 711 divino
1167 667 1260 731 pree»-

243 766 368 829 voteout.
414 763 516 827 Potest
540 769 569 826 et
584 757 611 840 ⁹)
636 765 680 826 sio
702 761 845 844 intellegi,
870 760 978 824 fraires
1002 760 1192 840 dilectissimi,
1221 769 1260 843 ut,

230 863 379 962 'quonium
404 877 521 940 mandet
545 883 574 937 et
597 884 697 940 monet
721 877 857 939 dominus
880 876 966 938 etism
983 875 1118 938 inimicos
1134 875 1260 959 diligere

241 1001 271 1055 et
293 1011 350 1076 pro
373 992 419 1054 tris
442 1009 564 1072 quoque
593 992 643 1071 qui
672 1007 729 1052 ros
759 995 957 1074 persecuntur
986 1006 1091 1067 oraro,
1125 997 1259 1072 petemus

240 1112 348 1200 ¹etpro
370 1103 427 1167 iilis
452 1104 503 1186 qui
525 1103 621 1166 adhuc
645 1108 723 1166 terro
748 1109 815 1165 sunt
839 1109 868 1164 et
884 1102 1010 1165 necdum
1027 1103 1175 1167 coelestes
1191 1123 1259 1166 esse

241 1180 416 1312 {oeperuni
441 1221 472 1278 ut
492 1221 521 1277 et
541 1215 619 1278 circa
639 1213 706 1276 ilios
724 1213 859 1276 voluntas
878 1211 925 1274 dei
941 1213 999 1292 fiet,
1022 1215 1259 1295 quemchristus

240 1331 388 1407 hominem
423 1327 632 1409 conseruando
668 1333 697 1388 et
732 1323 965 1406 redintegrando
998 1323 1133 1407 perfecit.
1185 1327 1258 1390 Noru

241 1461 306 1505 oum
330 1441 465 1523 discipuli
486 1436 522 1513 ¹⁰)
549 1419 589 1502 'ub
623 1457 661 1501 eo
691 1456 750 1501 non
779 1437 836 1498 ism
865 1443 944 1499 terre
969 1438 1169 1522 appretientur,
1204 1441 1257 1502 sed

995 1625 1056 1666 sisse

242 1684 300 1734 dors
318 1681 384 1736 tiirro
404 1696 503 1735 eruum
524 1687 573 1746 est,
592 1679 652 1731 edd.
671 1685 731 1729 vett.
752 1677 872 1729 exhibent
889 1681 976 1741 eicon
1013 1689 1037 1733 st
1067 1683 1210 1744 (sistetur.
1225 1700 1257 1734 m.

241 1769 426 1836 superscripto)
447 1776 486 1820 est
504 1768 529 1816 in
550 1765 604 1830 tte,
624 1775 654 1819 ut
672 1765 696 1816 in
717 1764 853 1832 exemplari
873 1763 1035 1830 ttoretttrno,
1057 1777 1081 1820 et
1098 1771 1127 1822 t„
1145 1777 1217 1822 rma
1235 1781 1259 1824 οι

239 1859 269 1909 iss
288 1859 360 1910 sesto
379 1856 507 1923 reperitur
524 1855 548 1906 in
568 1851 608 1904 W.
628 1852 666 1906 its
686 1861 712 1904 st
730 1849 781 1916 oa,
800 1863 824 1932 st
842 1855 869 1905 iss
888 1863 968 1917 terra,
989 1863 1017 1907 ut
1035 1857 1064 1908 iss
1083 1859 1154 1910 casto
1171 1857 1196 1907 io
1217 1856 1257 1909 tii.

241 1943 323 1995 Verbs
343 1943 469 2010 proxime:
491 1945 650 1996 soturrtatem
669 1944 742 1993 ciros
760 1958 810 1994 rsos
828 1943 870 1993 dei
886 1945 953 2009 pieri,
974 1945 1189 2009 proiecissent,
1208 1945 1257 1996 rte-

241 2031 381 2083 siderentur
400 2032 423 2083 in
444 2028 478 2094 ῦς
506 2033 547 2084 rtsi
566 2032 640 2082 cirea
659 2046 708 2081 eros
727 2032 785 2096 fieri
802 2027 913 2079 scribunt
932 2027 972 2078 tto
995 2037 1021 2078 et
1041 2026 1108 2093 otu,
1136 2034 1179 2084 des·
1200 2035 1259 2098 fieri

241 2121 316 2170 eirea
333 2135 382 2172 uos
402 2116 438 2170 Bo
457 2126 483 2170 ot
502 2116 566 2170 ttcd.
604 2113 664 2166 Turn
691 2119 815 2168 sotrsrrtus
841 2125 881 2167 set
905 2117 947 2184 risi
972 2113 1011 2164 iid
1036 2129 1145 2184 moxque
1169 2121 1253 2186 spiri-

135 2261 137 2268 ,
240 2204 376 2262 tertiatio
395 2215 421 2256 et
440 2203 503 2256 ttcs.
549 2204 576 2268 9)
602 2208 679 2257 etium
704 2202 762 2254 eod.
789 2210 849 2253 vett.
877 2220 898 2253 c.
918 2199 1018 2254 Eresos.
1040 2211 1065 2253 et
1084 2200 1157 2254 Grau.
1195 2201 1257 2254 Dein

237 2295 338 2360 [ratres
356 2296 512 2355 karissimi,
531 2285 701 2346 ‘rtiteotisoims'
720 2293 832 2360 intetttpr'
852 2289 906 2351 tto,
928 2294 962 2360 fr.
983 2293 1027 2344 trs.
1047 2293 1160 2359 intettipi
1177 2289 1214 2342 Bo
1232 2299 1259 2342 et

240 2377 286 2430 tto.
332 2377 379 2430 Pro
402 2390 489 2433 munst
517 2394 548 2445 up
584 2380 762 2447 Augustorum
787 2385 874 2434 contr„
893 2377 954 2427 duos
980 2379 1055 2444 spist.
1081 2375 1166 2444 Peiop.
1194 2376 1208 2427 i.
1235 2393 1256 2427 o.

239 2481 264 2531 p.
282 2462 340 2515 484.
361 2464 390 2515 Α.
410 2463 503 2532 iegitur
521 2467 602 2516 duest.
640 2462 728 2514 Stetinr
753 2467 818 2516 derce
843 2478 888 2530 pro
912 2465 1036 2516 demissus
1061 2462 1180 2517 exhibent
1199 2462 1256 2514 edd.

239 2558 301 2602 vett.
329 2567 350 2600 e.
377 2548 472 2601 Erosro.
498 2546 572 2599 Grou.
598 2556 673 2614 atque
700 2547 794 2598 Moroii.
833 2545 952 2600 Ceterum
976 2549 1026 2600 vid.
1053 2549 1137 2601 Mettis.
1157 2551 1191 2614 5,
1216 2551 1257 2602 44.

240 2636 319 2688 tteeto
342 2637 366 2686 in
392 2651 462 2703 seqq.
481 2652 531 2703 pro
549 2637 592 2686 tris
612 2633 687 2684 codd.
709 2649 798 2685 ornnes
818 2642 920 2699 prester
939 2634 987 2698 iii,
1015 2635 1039 2686 iu
1064 2651 1114 2703 quo
1141 2646 1181 2688 est
1203 2641 1258 2692 tiis

239 2725 280 2784 (ot
300 2722 323 2772 in
343 2720 384 2772 eo.
405 2718 481 2784 Dor.)
503 2721 558 2770 siue
578 2722 785 2788 praepositiooe3
812 2738 861 2788 pro
884 2726 927 2775 tris
952 2723 1011 2773 itero
1037 2723 1096 2775 edd.
1116 2722 1214 2776 Eresos.
1232 2731 1258 2774 et

237 2809 314 2860 tirou.
339 2815 496 2876 congruente
521 2811 669 2880 Auyustisro
693 2809 707 2859 Ι.
729 2823 769 2872 os,
796 2825 845 2880 pro
870 2813 906 2862 s's's
931 2809 1012 2860 soteri
1039 2810 1110 2862 editi.
1148 2809 1187 2864 [ts
1211 2826 1257 2862 osu
1365 2853 1367 2860 .

240 2896 396 2962 pronominis
421 2896 612 2948 derrroustrotiri
637 2899 680 2949 iiis
705 2911 750 2963 pro
772 2900 798 2949 is
820 2911 876 2948 curo
897 2895 1004 2948 retertvo
1024 2898 1101 2950 iuncti
1121 2899 1171 2950 visi.
1192 2915 1257 2967 quse

236 2984 311 3052 posui
337 2982 367 3035 ed
389 2986 492 3038 t’aotin.
519 2983 551 3034 ds
576 2985 627 3034 rito
648 2983 672 3034 S.
693 2982 820 3036 Ambrosii
844 3001 869 3051 p.
890 2984 940 3035 227
959 2999 996 3053 sq.
1034 2983 1073 3037 ci.
1093 2984 1124 3036 sd
1144 2983 1255 3036 Demetr.

191 3131 199 3139 „
239 3085 294 3136 cop.
313 3067 364 3121 Xli.
384 3078 435 3121 not.
452 3072 475 3121 4.
495 3077 521 3122 st
538 3067 590 3120 XV.
610 3078 663 3121 not.
680 3069 712 3134 i.‚
736 3069 767 3120 de
786 3070 843 3121 usto
862 3079 888 3122 et
906 3070 978 3122 livor.
999 3087 1020 3122 o.
1041 3070 1103 3124 xttt.
1122 3080 1173 3124 not.
1187 3070 1211 3122 3.
1232 3079 1257 3122 et

239 3172 262 3206 c.
280 3154 342 3208 xvt.
368 3171 391 3206 n.
412 3156 436 3207 6.
475 3156 532 3208 iiox
548 3169 726 3227 perrosum-us·
745 3157 820 3208 codo,
840 3174 930 3211 omnes
948 3161 1061 3228 exceptio
1079 3159 1145 3223 utut,
1172 3161 1215 3228 qui
1234 3177 1256 3211 o.

239 3242 335 3310 vulget.
355 3242 427 3294 iibris
446 3242 540 3298 hsbont
556 3253 761 3316 persequuntur.
799 3243 861 3297 Dein
887 3255 911 3299 st
928 3257 1048 3316 potemus
1066 3250 1190 3316 proillio
1211 3244 1256 3298 Bb.

238 3329 266 3381 tn
284 3346 355 3398 seqq.
376 3334 460 3385 astron
479 3336 577 3387 tsrrsns'
595 3331 634 3382 W.
657 3329 746 3383 Maedi.
768 3329 850 3398 Bois,
874 3335 933 3385 item
954 3334 1012 3386 edd·
1033 3343 1094 3386 vett.
1114 3350 1136 3386 c.
1157 3333 1255 3390 tiresus.

240 3416 314 3470 Grau,
330 3426 355 3470 st
369 3417 477 3484 iiorsli,
497 3424 555 3474 arti.
570 3430 675 3474 terrsne
686 3429 750 3472 sont
763 3417 791 3484 C,
810 3423 868 3474 ast.
889 3431 996 3476 terrers«
1012 3424 1120 3488 captum
1138 3430 1257 3491 quattuor

239 3499 374 3562 Pometiooi
394 3514 419 3556 et
432 3505 497 3557 Vici.
517 3523 556 3574 sp.
573 3505 742 3571 oxonienses,
762 3510 819 3562 arti.
841 3511 924 3562 tssssri
944 3507 990 3558 ote.
1027 3511 1111 3562 Tem
1129 3508 1197 3560 soios
1216 3508 1256 3560 Mb

239 3600 265 3642 et
284 3590 308 3641 S.
330 3595 498 3662 ,iuposituros
516 3589 533 3643 1.
554 3609 575 3642 o.
614 3591 672 3645 Post
695 3605 724 3650 ert
750 3597 836 3664 portio.
861 3605 885 3649 st
908 3610 957 3646 om.
982 3594 1022 3645 W.
1049 3595 1136 3647 tracte
1161 3604 1187 3647 st
1212 3594 1255 3647 oe.

239 3677 300 3727 rum
320 3679 422 3729 inverso
441 3678 532 3730 ordios
551 3683 593 3734 rtoi
610 3685 734 3736 vetustas
754 3682 793 3732 W,
830 3681 945 3734 Proxime
964 3687 1145 3736 conservando
1165 3687 1254 3736 honri·

239 3781 298 3816 uem
322 3763 378 3825 ott,
407 3769 536 3819 iomirsom
563 3773 681 3823 sarromto
708 3767 753 3820 Bb.
792 3767 856 3820 Deio
881 3773 983 3838 perficit
1008 3768 1047 3819 W,
1075 3769 1130 3820 itse
1158 3778 1184 3820 et
1210 3767 1254 3821 oa.

242 3847 285 3910 to)
311 3849 418 3901 Additur
444 3856 503 3906 sios
528 3855 553 3905 in
573 3854 621 3907 ttb.
659 3853 723 3907 Deio
747 3859 799 3909 iam
821 3873 874 3909 noo
897 3859 926 3908 iss
944 3865 1015 3909 ima
1035 3853 1072 3920 0,
1097 3861 1196 3910 tmesi
1214 3856 1254 3906 W.

240 3934 297 3985 isat.
319 3936 371 4003 or,
399 3939 458 3991 item
477 3938 535 3994 edd,
555 3945 615 3994 vett.
636 3959 657 3994 c.
677 3941 773 3994 Erssm.
795 3950 819 3993 st
839 3939 911 3995 Grov.
949 3941 1029 3994 Abest
1052 3945 1215 4013 appretientur
1239 3957 1254 3993 s
