2868 4700
581 492 603 558 'i

87 658 177 734 atque
193 651 359 732 manifeste,
383 650 437 715 sed
460 658 490 716 et
512 659 626 717 astutae
648 652 760 718 fraudis
783 657 940 721 subtilitate
961 657 1099 723 fallentia.

88 765 166 841 Ouid
188 784 264 829 vero
287 769 422 846 astutius,
446 765 556 848 quidve
578 766 723 847 subtilius,
749 789 836 852 quam
859 778 891 834 ut
913 772 1020 837 Christi
1042 772 1100 836 ad·

84 886 178 942 ventu
208 879 344 944 detectus
361 879 388 958 ²)
419 899 455 944 ac
484 887 649 964 prostratus
679 884 831 965 inimicus,
863 892 1018 969 postquam
1047 887 1100 950 tux

85 994 225 1076 gentibus
249 996 331 1058 venit
354 1003 384 1058 et
407 995 586 1077 sospitandis
602 993 630 1074 3)
658 997 824 1062 hominibus
850 1001 979 1064 satutare
1001 1001 1099 1064 tumen

59 1105 214 1184 seffuisit,
244 1111 277 1168 ut
297 1107 381 1170 surdi
403 1106 532 1169 auditum
555 1109 669 1191 gratiae
691 1111 828 1192 spiritatis
846 1108 874 1189 ⁴)
904 1113 1099 1194 admitterent,

86 1221 239 1302 aperirent
261 1218 297 1281 ad
321 1219 471 1282 dominum
487 1217 514 1296 ⁵)
538 1220 641 1282 ocutos
658 1236 730 1284 auos
746 1224 837 1300 caeci,
858 1221 962 1286 insumi
979 1231 1100 1288 aeterna

86 1335 213 1398 sanitate
242 1332 466 1397 revalescerent
480 1328 524 1412 6),
557 1332 652 1395 claudi
681 1333 718 1395 ad
747 1334 903 1399 ecetesiam
933 1344 1099 1416 currerent,

87 1449 161 1511 muti
184 1447 271 1510 charis
293 1446 418 1508 vocibus
441 1449 471 1506 et
492 1445 632 1526 precibus
655 1451 792 1524 orarent,
819 1447 925 1509 videns
949 1449 999 1511 itte
1021 1447 1099 1511 idota

88 1562 229 1625 derelicta
252 1567 281 1622 et
304 1560 498 1641 pernimium
527 1559 710 1621 credentium
739 1561 879 1643 poputum
909 1563 998 1626 sedes
1028 1579 1098 1626 suas

51 1693 122 1738 roeo
144 1675 251 1757 templa
275 1674 403 1754 deserta,
428 1675 643 1757 excogitaverit
658 1668 682 1751 7)
704 1694 810 1738 novam
831 1677 974 1758 fraudem,
997 1685 1028 1742 ut
1044 1679 1098 1742 sub

88 1793 153 1873 ipso
177 1789 334 1852 Christiani
364 1790 490 1852 nontinis
521 1789 604 1852 titulo
634 1788 715 1851 iattat
742 1792 906 1855 incautos?
950 1793 1099 1855 Haereses

87 1905 200 1966 invenit
223 1911 253 1966 et
274 1905 444 1981 schismata,
477 1903 583 1984 quibus
605 1905 794 1966 subverteret
818 1905 919 1984 fidem,
947 1909 1099 1968 veritatem

87 2025 293 2101 corrumperet
308 2012 346 2097 8),
369 2018 519 2080 scinderet
544 2019 691 2080 unitatem.
734 2017 816 2090 Quos
834 2015 860 2093 ⁹)
885 2020 1018 2081 detinere
1041 2037 1101 2082 non

88 2140 187 2217 potest
209 2136 238 2195 iu
256 2135 328 2196 -viae
359 2134 469 2194 veteris
500 2133 659 2208 caecitate,
692 2133 904 2194 circumscribit
936 2138 964 2194 et
995 2133 1102 2214 decipit

54 2248 159 2310 renovi
182 2247 295 2310 itineris
319 2263 432 2307 errore.
477 2244 560 2326 Rapit
592 2242 629 2306 de
659 2246 723 2325 ipsa
752 2245 878 2307 ecclesia
902 2246 1037 2307 homines
1061 2252 1099 2324 et,

93 2363 159 2425 dum
189 2363 242 2423 sibi
274 2359 529 2442 adpropinquasse
556 2341 618 2426 iam
650 2359 749 2420 lumini
777 2355 817 2435 10)
845 2367 933 2441 atque
966 2362 1100 2423 evasisse

91 2475 200 2538 saecuti
223 2482 340 2538 noctem
365 2473 513 2550 videntur,
537 2472 608 2534 aiias
625 2474 825 2536 nescientibus
842 2475 980 2537 tenebras
996 2492 1100 2537 rursus

88 2591 217 2654 infundit
233 2589 280 2669 ¹¹),
304 2594 334 2680 ut
357 2606 423 2650 cum
447 2585 735 2679 evangeliotbhristi
760 2594 788 2650 et
808 2608 873 2652 cum
890 2589 1099 2653 observatione

87 2779 325 2845 Pametius‚·nostri
343 2778 399 2830 iibri
417 2794 505 2830 omncs
524 2794 572 2829 om.
611 2777 695 2842 Quare
714 2779 885 2846 expunximus.
922 2779 986 2831 Dein
1006 2759 1051 2835 aut
1070 2785 1101 2848 (a

87 2871 119 2922 ab
138 2870 171 2922 at.
190 2887 239 2934 ιιι,
266 2878 293 2920 ut
317 2869 431 2931 uidetur,
460 2868 644 2935 superscripto)
669 2882 715 2934 pro
741 2879 816 2936 ratque
841 2867 917 2918 habat
936 2865 987 2930 am
1014 2879 1101 2936 aperte

87 2963 230 3029 ambifaria
255 2958 315 3008 dant
334 2955 389 3007 Vat.
409 2955 433 3008 3.
458 2965 484 3007 et
509 2964 567 3007 vett.
587 2956 645 3006 edd.
666 2971 688 3006 c.
708 2953 891 3023 neruumque
911 2953 1006 3005 Erasm.
1044 2955 1101 3006 hiox

88 3055 112 3099 ct
131 3060 146 3095 a
164 3061 185 3097 r.
205 3061 237 3095 m.
257 3045 378 3096 insertum
396 3045 421 3094 in
440 3043 497 3094 cod.
516 3041 568 3107 bib,
587 3043 782 3110 superscriptum
801 3043 825 3092 in
846 3041 891 3092 hic.
935 3040 964 3108 2)
983 3043 1101 3097 detentae

88 3133 158 3184 idem
177 3132 224 3184 bic.
260 3130 320 3183 Tum
347 3141 421 3200 atque
444 3129 474 3182 A.
519 3129 548 3198 3)
574 3133 740 3199 hospitandis
759 3115 793 3180 ba
819 3137 846 3180 at
864 3127 895 3180 A.
931 3126 1030 3179 Deinde
1053 3133 1099 3182 in.

87 3224 167 3290 fadaia
185 3219 225 3271 bib
245 3227 271 3271 et
289 3217 334 3270 Bb.
375 3219 405 3286 4)
423 3221 558 3287 spiritalia
576 3221 676 3288 pretim
695 3216 736 3267 bid
756 3233 777 3268 c.
796 3215 854 3268 edd.
874 3213 1015 3266 bianutiana
1034 3219 1100 3268 anti-

89 3307 218 3377 quioribus
240 3315 266 3358 ct
285 3305 395 3371 thoreth,
422 3325 462 3376 qr.
480 3307 632 3376 spirit-untia
652 3303 697 3355 hta.
751 3304 779 3370 5)
803 3303 839 3355 Ita
858 3302 891 3352 W
909 3312 935 3355 et
954 3303 1040 3370 biche,
1068 3309 1101 3360 ad

89 3399 165 3449 unm
183 3393 228 3448 Ba.
247 3394 296 3448 bid.
315 3394 337 3447 A
355 3411 377 3447 c.
397 3394 456 3446 edd.
489 3392 516 3444 ln
538 3392 574 3445 Bt
593 3392 657 3444 haec
675 3392 773 3443 desunt.
810 3389 838 3454 6)
857 3374 1019 3446 revalescent
1037 3377 1099 3458 (sio)

88 3483 120 3535 A.
155 3481 222 3535 Dein
241 3485 309 3537 clodi
327 3481 368 3534 bib
388 3489 414 3532 et
432 3479 477 3533 Ba.
513 3479 572 3532 Post
596 3483 688 3535 cidens
706 3480 730 3530 in
750 3477 806 3530 edd.
826 3477 947 3531 Dauentr.
966 3478 1057 3532 Venet.
1075 3479 1099 3531 2.

88 3569 179 3623 Remb.
198 3578 225 3622 at
243 3567 340 3623 Emsm.
359 3571 432 3623 deest
449 3573 501 3624 itte.
538 3569 566 3633 7)
586 3567 628 3620 Sic
644 3585 703 3620 am.
716 3584 753 3635 pr.
768 3567 818 3634 bib,
837 3583 917 3621 arec.
930 3571 1099 3639 excapitavit,

89 3659 158 3728 quod
182 3657 277 3729 iegitur
300 3661 374 3710 etiam
397 3660 422 3710 in
441 3657 485 3710 aa.
521 3655 587 3708 Dein
608 3665 632 3710 et
649 3666 678 3710 act
696 3642 741 3708 Bb.
776 3653 834 3707 Mox
852 3659 970 3709 incantat
988 3655 1048 3720 (sic)
1068 3655 1099 3704 A.

88 3747 118 3812 8)
149 3750 315 3802 autumaret
349 3755 372 3800 et
405 3749 465 3816 fidei
499 3747 635 3800 ceritatem
671 3753 849 3813 corrumperet
878 3742 908 3794 A.
959 3741 1046 3794 Statim
1076 3747 1101 3793 et

89 3839 221 3890 adunet
239 3832 287 3886 ab.
321 3831 350 3885 ta
369 3833 402 3884 W
424 3834 512 3901 partic.
533 3840 558 3885 et
581 3847 653 3883 erasa
678 3838 723 3882 eat.
777 3829 806 3898 9)
825 3833 900 3896 Quart
916 3828 946 3880 A.
982 3825 1099 3878 Proxime

87 3927 134 3977 aia
151 3921 191 3975 bic
209 3929 236 3974 et
254 3921 285 3973 A.
321 3919 382 3972 'ium
404 3923 528 3976 cantatio
550 3934 598 3986 pro
622 3922 721 3972 veteris
738 3917 785 3969 Bb.
821 3915 884 3968 Dein
906 3918 1055 3969 caecitatem
1074 3919 1100 3964 et

87 4012 113 4063 in
130 4027 201 4081 seqq.
221 4025 340 4065 marem
356 4007 402 4060 Ba.
449 4007 495 4076 10)
514 4007 734 4076 adpropinquanti
752 4036 784 4048 -
804 4006 901 4057 tamine
919 3999 974 4063 btb3
999 4001 1100 4052 tamiara

88 4097 133 4154 tta
168 4091 288 4153 Proxime
306 4099 361 4151 citt
382 4111 429 4167 pro
447 4097 551 4152 caecati
568 4093 605 4160 A,
633 4089 881 4150 carantanam.
934 4087 980 4158 11)
1002 4087 1100 4158 infodit
