2882 4692
643 445 710 514 tto

169 611 224 686 est,
246 603 397 668 secundus
421 604 638 687 sexagenarius
659 611 762 668 vester
785 609 839 668 est.
883 603 920 666 Ut
937 601 976 681 14)
1001 603 1078 686 apnd
1099 623 1182 668 mar-

168 726 251 804 tyres
273 737 335 784 non
358 724 404 782 est
427 719 525 782 carnis
549 726 580 782 et
609 718 724 782 saeculi
753 719 913 802 cogitatio,
942 737 1000 782 nco
1029 739 1122 802 parva
1153 727 1185 782 et

168 833 243 896 levis
266 839 296 896 ct
319 831 443 896 delicata
466 833 654 918 congressio,
679 833 723 896 sio
741 840 777 898 ct
799 835 830 896 in
858 833 962 913 vobis,
994 851 1117 914 quarum
1147 831 1185 896 ad

168 947 291 1030 gratiam
314 965 439 1010 merces.
453 946 584 1011 secunda
609 954 672 1026 est,
704 947 742 1010 sit
769 953 799 1010 et
822 947 916 1010 virtus
939 947 977 1010 ad
998 947 1185 1032 tolerantiam

146 1063 313 1143 aproxima.
358 1061 426 1126 Non
449 1068 495 1124 est
517 1061 555 1124 ad
576 1079 683 1142 magna
707 1060 802 1124 laoilis
834 1078 979 1124 ascensus
996 1059 1046 1138 ¹⁵).
1091 1061 1186 1134 Quem

170 1175 309 1240 sudorem
332 1175 523 1258 perpetimur,
549 1193 637 1256 quem
659 1172 803 1254 laborem,
827 1193 894 1238 oum
916 1192 1058 1238 conamur
1074 1191 1186 1238 oscen-

170 1292 242 1356 dere
264 1293 358 1356 eolles
381 1296 412 1352 et
432 1291 562 1353 vertices
586 1290 726 1354 montium
744 1285 812 1366 ¹⁶)‘t
856 1289 950 1370 Quid,
982 1296 1015 1353 nt
1038 1287 1187 1351 ascenda-

172 1423 235 1470 mns
259 1406 296 1469 ad
318 1403 456 1470 caelum?
502 1403 532 1468 Si
554 1405 717 1485 praemium
739 1403 958 1486 pollicitationis
982 1402 1118 1467 attendas
1136 1397 1186 1483 ¹⁷),

171 1520 267 1582 minus
290 1524 335 1582 est
358 1516 438 1599 quod
460 1516 587 1578 laboras.
633 1515 828 1578 inmortalitas
855 1517 1062 1596 perseveranti
1092 1518 1187 1597 datur,

135 1651 159 1694 ro
172 1639 314 1716 perpetua
336 1634 397 1695 vita
419 1631 612 1714 promittitur,
644 1649 772 1715 regnum
801 1630 937 1696 dominus
957 1627 995 1710 ¹⁸)
1024 1633 1188 1714 pollicetur.

627 1830 737 1897 XVII.

258 1975 400 2056 Servate,
424 1977 576 2060 virgines,
599 1983 719 2040 servate
742 1975 822 2056 quod
846 1992 916 2038 esse
939 1975 1096 2056 coepistis,
1118 1993 1189 2038 ser-

172 2097 240 2154 vate
262 2088 342 2172 quod
364 2090 446 2154 eritis
466 2087 497 2166 ¹).
542 2090 650 2172 Magna
666 2088 693 2166 ²)
717 2108 771 2152 vos
799 2105 915 2152 marces
948 2097 1063 2168 manet,
1096 2105 1189 2172 proo-

173 2205 261 2268 minm
283 2205 397 2288 grande
428 2203 559 2283 virtutis,
590 2221 697 2268 munus
719 2205 877 2268 maximum
900 2205 1049 2267 castitatis.
1095 2203 1187 2266 Vultis

173 2341 380 2350 ...u-m

172 2394 243 2446 locus
263 2393 347 2458 abest)
366 2393 395 2444 Β.
416 2393 446 2458 Α,
471 2395 532 2446 item
551 2410 639 2446 omnes
658 2396 752 2462 antiqui
770 2395 844 2446 codd.
864 2393 961 2459 Bolon,
980 2397 1055 2448 etiarn
1073 2395 1189 2464 Segnior.

173 2491 200 2534 el
217 2482 275 2536 edd.
293 2491 355 2536 vett.
379 2499 401 2535 c.
417 2481 506 2534 Bemb.
522 2491 548 2535 et
565 2481 662 2535 Erasm.
675 2483 760 2536 Belua.
771 2482 861 2536 Goldb.
894 2482 965 2537 Conl.
981 2481 1120 2536 Gronov.
1134 2481 1189 2536 Ob-

175 2580 331 2624 servatorum
357 2573 383 2622 in
405 2569 575 2638 scriptoribus
601 2572 693 2624 eccles.
713 2572 853 2624 monobibl.
870 2591 895 2642 p,
915 2573 974 2625 571.
1020 2573 1077 2625 blox
1102 2589 1189 2627 sexo-

173 2663 297 2730 qinorr'oo
316 2659 363 2712 llo.
393 2659 453 2710 Tum
472 2668 565 2712 creater
582 2658 613 2711 Α.
652 2661 697 2730 14)
718 2663 754 2714 tta
772 2677 820 2728 pn,
843 2678 874 2714 ex
888 2677 960 2714 corr.
979 2671 1007 2716 ut
1027 2661 1067 2714 W.
1104 2661 1192 2713 Statim

175 2750 245 2816 apud
264 2757 398 2816 martyros
416 2746 456 2798 W.
475 2745 516 2799 Fr.
534 2745 615 2800 Emm.
636 2757 662 2800 et
684 2765 721 2816 pr.
740 2749 821 2802 llabc.
866 2749 933 2800 Dein
957 2753 1000 2804 ool
1023 2754 1128 2804 soeculi
1144 2749 1192 2801 lllc.

175 2833 250 2897 Quod
269 2835 383 2902 seqnitur
400 2838 522 2904 copulatio
541 2843 643 2887 anatum
665 2845 704 2889 cst
722 2852 737 2887 e
756 2841 876 2906 cantapia
901 2839 926 2888 in
944 2835 985 2902 W,
1013 2841 1133 2908 capitatio
1152 2836 1192 2887 Mc

176 2992 279 3046 exhibet
296 2993 321 3042 in
340 2999 471 3062 contexta,
489 2995 516 3045 in
533 3011 584 3064 mg.
604 2929 740 3065 cozllrpr'o,
768 2995 838 3064 quod
862 3002 951 3046 tonent
968 2993 1026 3046 edil
1046 3001 1110 3046 vett.
1130 2997 1193 3059 (ex-

176 3090 250 3150 cepta
274 3081 409 3151 Daventr.)
433 3099 455 3134 c.
480 3082 606 3136 Rembolt.
633 3082 770 3148 otton,
795 3099 900 3152 quarum
926 3083 1065 3134 novissima
1088 3083 1115 3134 in
1142 3097 1193 3152 mg.

174 3171 283 3242 praebet
301 3173 439 3240 copitalia,
465 3171 533 3240 quod
552 3172 667 3240 agnoscit
687 3173 764 3225 etiam
781 3171 848 3224 libor
866 3171 988 3226 Darentr.
1027 3174 1194 3227 Goobtetatr'o

175 3261 269 3330 legitor
292 3259 318 3310 in
335 3255 394 3310 Ver.
431 3256 481 3309 Sed
506 3273 583 3326 supra
608 3267 729 3313 mutatum
756 3262 885 3329 copitalia.
923 3261 1078 3314 Oollwtotio
1105 3259 1148 3312 dat
1166 3258 1195 3312 B.

177 3415 237 3470 Mox
247 3363 355 3484 ¹mooe
372 3432 388 3468 a
404 3433 425 3468 r.
452 3432 485 3467 m.
504 3418 642 3483 superam.)
661 3415 712 3468 ltlb.
748 3416 797 3470 Pro
816 3420 927 3472 delicata
944 3415 984 3481 tte
1002 3433 1041 3486 pr.
1060 3418 1196 3473 exhibebat

178 3508 283 3572 trttctn,
301 3507 418 3560 dedicata
431 3503 505 3556 offert
516 3501 547 3558 A.
580 3502 641 3556 Turn
660 3507 689 3558 in
706 3503 837 3558 noitello
855 3512 882 3556 ot
899 3505 1016 3572 proxime
1035 3508 1068 3560 acl
1085 3509 1198 3578 plot-iam

178 3610 280 3648 mercen
297 3589 328 3643 lb
371 3591 400 3643 ln
417 3607 488 3662 seqq.
509 3600 548 3643 est
571 3594 613 3646 cic
637 3606 684 3658 pro
707 3593 745 3644 ait
769 3591 794 3641 in
811 3585 854 3645 Fr.
873 3589 956 3642 Emm.
975 3589 996 3642 B
1014 3598 1040 3642 et
1059 3590 1089 3644 Α.
1131 3590 1198 3644 Dein

179 3684 213 3735 acl
231 3682 408 3735 tollerantiam
425 3680 537 3732 scribunt
554 3678 636 3730 lllabc.
656 3677 685 3730 B.
704 3676 735 3729 rb
773 3677 817 3744 15)
837 3695 966 3732 accersor
979 3676 1030 3729 llld.
1068 3675 1113 3746 16)
1131 3695 1196 3732 oer-

179 3773 256 3823 ta'cem
279 3765 479 3831 mentientia,
505 3769 633 3820 montium
655 3768 771 3820 vertices
788 3764 819 3817 Α.
867 3765 912 3831 17)
937 3767 1069 3820 cosmiden
1092 3780 1130 3831 pr.
1149 3764 1198 3830 lllc,

181 3859 296 3910 mtcnrlat
313 3852 344 3906 Α.
383 3851 427 3920 to)
447 3857 572 3910 dominun
592 3869 641 3905 orn,
660 3852 702 3930 A..

250 3941 324 3996 XVII.
352 3941 380 4011 l)
406 3945 503 3996 deletio
529 3941 579 3995 ttd.
624 3941 653 4010 2)
671 3940 752 3994 Deest
779 3943 805 3992 in
823 3941 855 3994 A.
900 3941 949 3994 Pro
976 3957 1027 3996 voe
1052 3939 1094 3994 Mb
1121 3940 1200 3994 habet

184 4029 270 4094 vobio,
287 4027 330 4084 Fr.
347 4027 430 4083 Enim.
449 4028 475 4082 2.
494 4031 524 4084 in
539 4031 623 4086 oolla.
660 4027 864 4086 Moxoenam
881 4027 912 4082 Α.
