2882 4692
668 325 711 392 23

178 485 273 569 culpa,
298 486 393 548 maior
416 478 538 546 andacia
562 491 618 563 est,
642 481 737 554 lorurn
762 484 891 547 tortasse
913 485 1048 549 videatur
1065 487 1196 565 inmune,

178 599 258 682 qnod
291 601 327 661 ab
363 599 477 660 iniuriis
509 598 723 661 lacessentibus
757 599 900 678 liberum,
935 601 1021 663 nullis
1054 599 1195 664 malorum

178 713 364 776 contactibus
389 709 544 791 polluatur
583 706 693 782 illuct)
718 711 810 772 aciem
834 716 911 773 tuarn
935 710 1030 775 llecle.
1069 707 1197 788 Plura³l

176 826 254 904 illic,
285 838 363 904 quae
386 821 563 897 detesteris,
593 821 747 899 invenies,
779 823 876 904 magis·
903 821 1007 886 oculos
1036 831 1104 888 tuos
1126 825 1196 887 inde

177 938 326 1000 deverles.
372 935 487 998 Incisae
510 936 568 1006 sint
591 935 660 996 licet
676 932 704 1011 ⁴)
727 936 813 1017 leges
843 937 998 1000 duodecim
1029 940 1137 1002 tabulis
1167 945 1196 1001 et

175 1052 293 1134 publice
325 1067 396 1111 aere
428 1048 563 1130 praelrno
596 1051 659 1111 iura
691 1052 872 1133 praescripta
902 1053 976 1130 sint,
1011 1053 1088 1115 inter
1109 1054 1194 1135 leges

176 1165 255 1246 ipsas
275 1139 465 1244 delinquitur,
489 1164 568 1224 inter
589 1165 653 1225 iura
677 1169 827 1245 peccatur.
866 1163 1036 1259 innocentia
1054 1184 1110 1227 nec
1126 1166 1194 1244 illic,

170 1279 227 1356 [ubi
251 1276 438 1354 defenditur,
462 1283 643 1339 reservatur.
690 1277 790 1341 Saevit
813 1279 939 1340 invicenr
964 1278 1194 1341 discordantium

174 1392 272 1455 rabies
303 1398 331 1454 et
363 1393 440 1454 inter
472 1396 559 1472 togas
590 1403 664 1473 pace
695 1397 778 1472 rupb
809 1390 906 1454 lorum
936 1391 1034 1455 litibus
1056 1393 1149 1474 mugit
1166 1389 1192 1462 ⁵)

174 1507 317 1569 insenum.
357 1505 445 1568 Hasta
458 1502 487 1579 6)
511 1505 569 1568 illic
594 1511 623 1566 et
644 1505 761 1586 gladius
785 1511 814 1568 el
836 1504 970 1568 carnifex
992 1511 1113 1586 praesto
1137 1511 1192 1584 est,

174 1619 285 1700 ungula
309 1617 476 1698 effodiens,
508 1611 630 1684 eculeus
653 1617 838 1698 extendens,
870 1620 949 1702 ignis
972 1636 1121 1698 exurens,
1155 1617 1192 1682 ad

174 1732 300 1794 hominis
332 1749 441 1814 corpus
475 1751 563 1795 unum
591 1728 595 1811 l
622 1733 765 1814 supplicia
797 1734 898 1814 plura,
933 1750 1019 1812 quarn
1051 1733 1218 1794 membra⁵

174 1845 246 1920 Quis
278 1848 354 1908 inter
384 1845 459 1908 haec
490 1863 565 1908 vero
597 1846 762 1934 subveniat¹
773 1840 827 1922 'Ji
871 1845 1043 1909 Patronus?
1088 1844 1147 1909 Sed
1163 1839 1191 1916 ⁸)
1225 1900 1227 1904 .

172 2039 328 2104 parictibus.
366 2031 427 2086 Turn
446 2050 492 2102 pro
511 2039 626 2104 obsepta,
648 2034 714 2104 quod
735 2035 861 2086 invenitur
878 2035 902 2085 in
922 2033 996 2086 codd.
1014 2033 1130 2101 (praeter
1143 2030 1191 2100 Ba)

174 2130 199 2172 et
218 2122 292 2174 editis
311 2121 379 2173 libris
398 2125 487 2189 scripsi
506 2126 639 2192 obsaepto.
672 2122 727 2173 Vid.
748 2126 845 2176 Cellcr.
864 2121 881 2172 l.
896 2138 918 2172 c.
939 2137 963 2188 p.
978 2121 1035 2172 123.
1071 2125 1190 2192 chner.

174 2243 190 2294 Ι.
205 2259 226 2293 ο.
246 2259 270 2310 p.
285 2244 336 2294 469
349 2261 386 2311 sq.
419 2247 519 2298 Osann.
539 2245 570 2295 ad
584 2243 636 2296 Cic.
656 2245 689 2296 de
708 2260 735 2296 re
753 2243 820 2312 publ.
841 2260 866 2309 p.
879 2242 922 2296 88.
953 2242 1019 2295 Dein
1031 2213 1065 2247 ἰ’
1079 2260 1192 2311 quarm

108 2345 114 2354 ·
173 2329 225 2396 (ita
248 2345 263 2379 a
287 2345 352 2382 corr.
379 2347 411 2382 rn.
436 2346 510 2398 supra
535 2332 636 2397 notato)
663 2331 711 2382 llb.
747 2329 774 2382 ln
800 2330 911 2382 clausula
936 2330 1045 2397 pessime
1071 2331 1191 2384 laborum

173 2421 353 2471 ccrrtractilcc
368 2417 397 2468 tt.
434 2418 462 2484 2)
482 2421 540 2471 illic
553 2433 591 2485 pr.
606 2417 645 2468 W.
679 2399 923 2471 lloxtocmacorr.
938 2433 969 2470 nr.
983 2417 1190 2482 superscriptum.

173 2503 203 2564 3)
220 2507 256 2557 lde
272 2508 353 2573 plara
373 2503 419 2555 tta.
442 2503 517 2575 'Turn
537 2509 603 2560 illuc
623 2505 662 2558 W.
698 2503 726 2556 ln
745 2520 817 2572 seqq.
836 2507 923 2574 munic
941 2507 1001 2558 inda
1019 2505 1111 2558 oculos
1130 2511 1199 2556 tneo¹

172 2601 274 2678 aeci-tes
291 2599 342 2690 (br.
364 2627 493 2680 deecrteel
514 2626 571 2692 ltlb,
592 2631 710 2682 decertes
731 2625 769 2678 W.
789 2627 841 2678 Bab
863 2635 888 2676 et
907 2627 921 2678 a'
941 2642 972 2677 nr.
993 2641 1030 2692 pr.
1049 2623 1119 2688 illac,
1145 2627 1189 2678 dt-

172 2721 259 2765 ecrtee
279 2711 345 2762 rnale
364 2710 413 2760 lte.
434 2711 456 2762 Α
475 2719 502 2762 el
520 2728 534 2762 a
553 2729 572 2764 s.
594 2729 625 2763 nr.
645 2712 701 2763 blac
726 2714 838 2782 itemque
861 2712 919 2763 edd.
941 2726 1038 2763 omnes.
1084 2711 1112 2768 dt
1131 2709 1191 2762 Post

172 2799 246 2862 lieet,
270 2797 337 2866 qnod
355 2799 380 2847 in
399 2797 439 2848 lle
458 2813 509 2849 rec.
530 2815 560 2849 ur.
581 2813 656 2865 supra
676 2798 790 2863 addidit,
811 2811 909 2849 erasum
930 2808 953 2852 ot
970 2801 996 2849 in
1016 2797 1064 2849 lllb.
1102 2796 1189 2849 Statim

172 2887 200 2936 in
219 2888 354 2938 duodecim
373 2887 470 2937 tabulis
490 2883 566 2934 babel
585 2883 631 2933 lla.
669 2882 729 2934 Tum
747 2887 851 2951 prtbliea
870 2885 931 2933 dant
950 2881 1032 2934 blbcd.
1052 2881 1097 2935 Bb.
1119 2885 1140 2934 Α
1165 2895 1192 2938 et

172 2973 284 3040 ‹nrinque
303 2969 404 3038 Anglici
422 2987 444 3020 c.
465 2971 529 3031 edd„
545 2969 712 3021 Pemelianarn
731 2968 948 3021 antecedentibus
987 2966 1085 3020 Deinde
1106 2988 1188 3038 prce-

97 3125 100 3133 ,
170 3063 226 3126 fico
244 3062 300 3112 ciat
322 3057 378 3108 edd.
400 3065 476 3121 vett,
504 3059 659 3126 proscripta
677 3061 732 3110 aient
751 3055 790 3108 tic
808 3065 833 3107 et
854 3055 982 3122 exemplar
1001 3055 1094 3108 llanut.
1133 3060 1188 3110 tte.

172 3148 301 3214 linquitur
320 3145 421 3195 enatuin
442 3153 481 3200 eat
500 3161 513 3195 e
533 3147 732 3214 delinqucturin
747 3145 794 3195 lib.
826 3143 887 3196 Tum
906 3154 929 3197 cl
947 3147 1016 3197 inter
1033 3145 1096 3196 iura
1115 3141 1191 3194 babet

173 3226 224 3294 se,
252 3235 305 3282 inte
331 3233 394 3282 iecra
422 3230 485 3297 (stc)
510 3228 566 3294 Mc,
594 3231 618 3281 in
644 3248 693 3300 qno
719 3249 738 3282 r.
765 3248 797 3283 m.
824 3247 898 3298 snpra
925 3230 1022 3282 addidit
1046 3240 1130 3284 menta
1153 3233 1189 3283 in.

173 3315 201 3381 5)
220 3316 346 3384 iunqild.
383 3317 412 3386 6)
432 3308 516 3370 Hasta
534 3319 559 3368 in
573 3315 607 3370 Ba
628 3328 772 3386 corruptum
791 3322 816 3370 in
835 3329 903 3384 asta,
924 3317 990 3388 quod
1010 3319 1094 3386 reperi
1113 3319 1189 3369 etiarn

172 3402 195 3452 in
216 3399 254 3450 lla
274 3410 300 3452 et
319 3399 363 3455 Bb.
399 3403 465 3455 Dein
485 3416 524 3459 cat
543 3420 591 3456 om.
612 3404 640 3457 Α.
679 3410 799 3462 locuto-uc
818 3408 905 3472 recent
923 3423 955 3458 ex
974 3406 1048 3458 codd.
1067 3403 1105 3455 W.
1126 3404 1190 3458 bled,

172 3491 203 3552 Α,
223 3492 349 3543 occulens
368 3489 460 3542 babent
472 3491 528 3543 blab
547 3502 573 3544 et
586 3491 648 3555 Bab,
668 3497 795 3564 equuleus
808 3493 863 3544 libri
877 3494 983 3562 vulgali.
1015 3492 1053 3543 De
1066 3491 1188 3559 scriptura
1222 3489 1229 3500 ”

96 3603 100 3610 .
173 3591 207 3627 ca
231 3589 277 3642 pro
302 3594 355 3644 qua
379 3578 462 3631 multis
488 3582 606 3646 exposuit
625 3579 752 3650 chner.
769 3580 785 3631 l.
806 3597 827 3631 c.
852 3597 876 3647 p.
896 3581 946 3631 459
965 3597 1002 3648 sq.
1040 3578 1190 3632 Proernam

171 3663 258 3729 inepte
283 3672 358 3718 tuum
383 3665 412 3717 Α.
454 3665 514 3719 Post
535 3672 616 3735 plura
640 3670 663 3719 in
690 3668 728 3718 lllc
752 3683 804 3718 rec.
829 3684 862 3718 rn.
890 3683 964 3735 snpra
991 3665 1090 3717 eddidit
1114 3674 1188 3730 cust,

172 3748 240 3817 quod
261 3747 301 3800 bld
320 3759 378 3817 post
394 3757 509 3806 meanlrc
528 3752 631 3818 babet‚'
648 3752 751 3805 utredd.
771 3759 829 3804 ente
848 3751 949 3816 italum
975 3755 1083 3806 madro
1100 3751 1190 3803 scribit
1220 3809 1225 3815 ,

172 3883 218 3938 Bb·
255 3889 286 3958 ⁷)
303 3893 455 3961 suleenbt,
475 3891 533 3942 dein
551 3894 684 3964 puadonis
703 3905 750 3961 pro
767 3901 897 3964 patronus
916 3889 947 3944 Α.
985 3890 1015 3960 8]
1033 3838 1108 3944 ἑῖιῖω
1127 3891 1188 3962 (ced
