2858 4688
648 629 681 699 V.

243 775 384 840 Remedia
414 772 604 854 propitiando
634 772 693 835 deo
711 770 736 847 ¹)
768 773 861 854 ipsius
893 774 941 838 dei
972 776 1071 838 verbis
1104 776 1171 840 data

156 898 242 968 aunt,
275 888 344 969 quid
376 887 535 974 deberent¹
551 885 652 950 facere
681 893 841 968 peccantes
872 889 1041 971 magisteria
1073 890 1171 953 divina

155 1005 332 1081 docuerunt,
356 1001 579 1083 operationibus
600 1001 685 1063 iustis
704 1002 925 1081 deo’satiaiieri,
949 1003 1172 1066 misericordiae

143 1118 268 1182 meritis
289 1121 412 1197 peecata
434 1114 566 1197 purgari.
608 1113 647 1176 ,Et
668 1115 745 1194 apud
770 1114 958 1179 Salomonem
976 1112 1003 1192 Ι)
1026 1114 1171 1198 legimus:

134 1227 316 1308 &Coneldde
332 1223 359 1298 ³)
392 1225 616 1305 eleemosynam
646 1226 679 1285 in
712 1227 807 1288 corde
833 1229 1004 1306 pauperis,
1036 1236 1067 1289 ct
1095 1229 1173 1292 boec

151 1327 214 1421 pro
239 1349 267 1402 te
291 1338 438 1402 econ-nott
462 1339 501 1400 ab
525 1339 608 1399 omni
630 1339 720 1402 modo.
765 1339 802 1400 Et
824 1341 929 1404 iterum
947 1337 992 1419 Ι))
1027 1341 1087 1417 Qut
1114 1344 1171 1405 cb-

155 1461 241 1516 tarat
256 1449 282 1527 ὅ)
295 1469 419 1528 matres,
452 1470 490 1513 ne
512 1452 625 1514 aaudiat
646 1451 841 1529 inbecillum,
873 1463 903 1515 et
925 1455 993 1533 ipse
1015 1456 1174 1519 invocabit
1202 1515 1210 1526 ,

154 1567 259 1660 deum,
285 1573 314 1626 et
335 1583 400 1625 nco
423 1563 484 1624 erit
504 1563 557 1644 qui
579 1563 732 1626 enundiat
754 1583 829 1626 eum.
875 1564 981 1646 Neque
1004 1568 1080 1630 cuim
1103 1586 1171 1630 mc·

154 1679 215 1742 reri
238 1678 286 1740 dci
304 1675 541 1740 *misericordiam
558 1671 584 1750 6)
615 1677 724 1756 poterit
756 1677 805 1757 qui
828 1677 998 1741 misericors
1020 1680 1088 1761 ipsc
1111 1699 1171 1744 non

155 1793 258 1870 fuerit,
282 1797 330 1854 aut
350 1763 508 1870 inpetrabit
530 1787 567 1849 de
591 1787 688 1851 divina
712 1789 822 1868 pietate
845 1789 954 1870 aliquid
979 1790 1007 1852 in
1033 1791 1179 1869 precibus

156 1905 207 1985 uui
229 1902 266 1965 ad
289 1913 408 1985 precem
428 1899 567 1982 pauperis
584 1917 642 1962 non
661 1899 749 1962 suerit
765 1899 918 1964 humanus.
958 1901 1045 1974 Quod
1061 1905 1131 1966 item
1145 1899 1171 1981 ⁷)

155 2018 184 2080 in
215 2015 335 2098 psabnis
366 2015 485 2096 spiritus
515 2020 636 2076 sanctus
667 2013 797 2074 declarat
824 2020 853 2100 et
875 2015 981 2094 probat
1005 2015 1108 2079 dicens
1124 2013 1170 2094 ε’);

151 2131 268 2194 Rectus
291 2129 345 2212 qai
367 2129 519 2211 inteldeya't
541 2145 637 2206 super
659 2146 787 2208 euenum
803 2121 831 2203 9)
862 2136 893 2190 et
916 2147 1103 2210 pauperem,
1137 2131 1170 2192 iu

222 2321 251 2372 V.
292 2320 319 2389 Ι)
337 2322 383 2373 deo
402 2316 508 2382 om.‚A
533 2319 634 2371 domino
654 2317 765 2368 scribunt
785 2315 846 2368 Bao.
884 2315 920 2368 ita
940 2317 1018 2370 iidem
1036 2317 1094 2370 iibri
1114 2335 1170 2370 eum

151 2409 216 2461 Ain
234 2405 413 2477 sequentibus
447 2403 508 2454 Turn
526 2407 596 2459 eatis
615 2402 725 2470 fieriW.
746 2400 833 2456 bibet
851 2401 914 2468 Raab,
934 2418 991 2456 mox
1008 2404 1168 2476 pnrqaraA.

150 2497 180 2563 2)
204 2499 371 2550 Salomonem
390 2491 439 2542 bib.
478 2489 533 2542 Vid.
553 2489 723 2544 Ecclesiastic.
743 2491 791 2556 29,
801 2462 852 2542 12.
898 2492 927 2560 3)
952 2491 1061 2543 Additur
1084 2495 1170 2562 iuqrtt't

150 2585 175 2635 in
200 2582 241 2634 ed.
261 2579 324 2634 Dav.
361 2579 485 2632 Statim?
475 2598 503 2633 m
527 2582 590 2634 sinn
612 2583 743 2650 pauperis
769 2577 828 2630 edd.
849 2587 911 2631 v.ett
932 2596 954 2632 c.
974 2577 1072 2644 Erasrn
1093 2578 1168 2630 Grav.
1186 2605 1190 2611 ·

150 2679 175 2722 et
196 2669 256 2721 bior.
280 2666 320 2733 (ἓν
343 2673 393 2723 τοῖς
416 2669 521 2730 ταμείοις
544 2683 588 2715 σου
612 2667 635 2717 in
656 2663 753 2718 Graeco
776 2667 837 2734 eat).
874 2657 935 2718 Tum
956 2682 1002 2734 pro
1022 2672 1167 2721 boecuett.

151 2755 209 2806 edd.
229 2763 254 2806 ot
272 2753 370 2804 Erasm.
392 2758 449 2818 bie,
478 2753 545 2821 quod
571 2749 758 2820 typothetarum
784 2754 879 2803 incuria
907 2770 938 2803 ex
962 2757 1009 2806 bec
1032 2755 1078 2817 (ita
1099 2754 1119 2803 A
1142 2761 1169 2803 et

152 2841 281 2908 enempiar
300 2838 378 2907 Dav.)
403 2848 504 2888 enatum
525 2847 572 2888 est.
609 2837 674 2888 Dein
694 2856 742 2906 pro
761 2849 784 2888 te
803 2841 888 2890 orabit
909 2837 947 2888 ttd
967 2847 992 2889 et
1010 2838 1079 2906 vulg.
1100 2836 1168 2889 Tost.

149 2926 192 2978 ΙΙΙ.
214 2927 235 2976 1.
255 2942 280 2994 p.
301 2924 367 2989 303,
386 2924 428 2974 ubi
448 2923 522 2974 codd.
543 2923 599 2972 bibo
619 2931 643 2972 et
661 2921 714 2975 Bab
735 2921 854 2972 exhibent
870 2942 919 2991 pro
939 2934 962 2975 te
982 2927 1119 2984 exorabit3
1143 2925 1168 2974 iu

151 3013 206 3064 eod.
228 3013 247 3064 A
267 3013 385 3064 scribitur
404 3013 487 3063 orabit
505 3028 553 3079 pro
573 3020 603 3076 te,
625 3011 649 3061 iu
670 3009 709 3059 ΜΙ)
730 3013 862 3076 exoravit,
888 3011 912 3059 in
932 3009 962 3058 W
981 3019 1065 3060 autem
1085 3019 1110 3060 et
1132 3011 1168 3061 tta

150 3104 305 3154 exorabunt.
344 3097 390 3150 Pro
415 3102 445 3150 ab
471 3101 541 3150 omni
564 3100 633 3150 moto
659 3093 697 3160 (ἔκ
721 3093 796 3158 πάσης
817 3093 950 3157 κακώσεως)
969 3096 1026 3147 cod.
1047 3095 1106 3146 Ver.
1127 3097 1170 3147 dut

150 3193 178 3240 ΙΙ)
196 3191 237 3241 dte
256 3189 341 3252 mulo,
369 3175 419 3234 non
446 3186 484 3235 aio
508 3185 533 3234 in
552 3181 618 3234 Test.
639 3181 654 3234 Ι.
674 3199 696 3232 c.
745 3182 774 3249 4)
792 3178 901 3231 Additur
918 3184 982 3234 dicit
1000 3181 1024 3233 in
1044 3181 1074 3232 A.
1113 3181 1168 3234 vid.

149 3273 224 3325 Prov.
249 3273 297 3337 21,
327 3271 365 3322 13.
412 3273 440 3334 5)
466 3281 572 3339 opturet
597 3269 643 3320 bic.
680 3269 737 3320 Non
763 3268 838 3319 maie.
876 3267 930 3318 Vid.
959 3271 1079 3338 Woyner.
1106 3267 1120 3321 Ι.
1147 3285 1168 3320 c.

150 3361 290 3429 p.413aq.
325 3358 449 3411 W.biabd
468 3356 543 3408 ctbb
562 3362 681 3421 obdurat,
700 3357 854 3412 Aobta'uuit.
885 3354 946 3406 Tum
961 3356 1168 3420 accusarunt,

148 3452 295 3502 imbecillem
315 3463 361 3515 per
379 3463 427 3498 ras.
448 3451 496 3513 (pr.
515 3448 677 3512 inbecillum)
698 3475 730 3484 —
748 3448 884 3498 invocavit
902 3442 952 3506 bib,
971 3447 1105 3498 dotciacum
1123 3459 1169 3510 pro

149 3540 225 3589 lcum
245 3535 280 3585 Bb
301 3544 327 3586 ct
344 3539 364 3586 A
384 3543 539 3602 veteresque
559 3534 617 3585 cdd.
638 3549 660 3583 c.
676 3532 773 3582 Erasrn.
788 3530 862 3582 Grau.
881 3539 957 3598 atque
970 3530 1032 3581 ider.
1070 3530 1169 3581 Deinde

148 3626 274 3676 aaudiat
292 3622 338 3674 Bb.
384 3623 412 3680 6)
432 3623 467 3673 lta
487 3621 526 3672 W.
549 3620 629 3672 biabc.
649 3619 695 3671 Bb.
718 3620 755 3682 A,
781 3623 929 3687 promereri
948 3619 990 3669 dn·
1007 3619 1068 3669 mio.
1088 3615 1123 3666 Ba
1143 3625 1170 3666 ct

149 3709 199 3774 bid,
217 3729 301 3776 prom.
320 3713 418 3762 domini
436 3713 497 3762 mie.
518 3706 625 3771 Marcii,
643 3723 726 3774 prom.
747 3708 807 3757 mia.
828 3707 926 3758 domini
944 3702 1001 3752 edd.
1020 3702 1075 3753 reti.
1114 3701 1167 3752 Mox

149 3799 298 3862 intpetravr't
317 3811 371 3862 pn,
396 3811 409 3846 a
430 3809 495 3845 corr.
516 3810 548 3843 m.
569 3795 718 3862 impetrabit
739 3789 787 3838 dib.
827 3787 891 3838 Ante
909 3792 1033 3857 precibus
1053 3803 1168 3853 praepo-

150 3882 269 3932 sitionem
289 3897 339 3933 om.
361 3883 401 3934 ed.
416 3881 479 3932 Dav.
517 3882 545 3946 7)
567 3884 634 3934 idern
648 3877 684 3932 Bb
704 3887 729 3929 ct
742 3881 772 3928 A.
809 3876 869 3928 Post
887 3875 911 3925 b.
927 3890 951 3925 v.
973 3877 996 3924 in
1009 3873 1049 3925 bib
1070 3889 1168 3924 cresum

151 3973 283 4022 ostenden.
321 3968 382 4021 Tum
402 3972 526 4039 approbat
547 3967 595 4018 bid.
643 3966 670 4029 8)
691 3964 780 4017 Psalm.
801 3962 844 4027 40,
866 3962 888 4012 Ι.
932 3961 959 4024 9)
979 3970 1090 4032 eyentem
1109 3960 1167 4014 Ver.
