2834 4686
662 369 726 440 ΙΙΙ

183 529 265 597 ribtm
287 524 482 622 reliormare.
522 528 667 608 Evellel)
691 529 874 615 depectere
897 537 948 595 tao
965 531 1071 615 'amnas
1093 537 1124 596 et
1146 529 1201 620 tri·
1217 546 1253 588 ms

183 644 288 726 balos,
310 653 343 710 ut
364 653 394 710 te
418 643 599 708 dominicum
621 659 727 708 semen
749 643 838 709 lertili
861 641 949 728 lorge
971 643 1148 726 locupletet,
1170 651 1205 708 ut

183 757 282 823 divim
306 763 337 822 et
358 758 498 842 spiritalis
521 774 613 842 seges
635 758 666 820 in
690 758 805 839 copiam
832 757 978 826 fecundae
1006 758 1113 826 messis
1140 771 1204 824 er·

182 873 298 936 uberet.
343 875 468 936 Venena
486 869 512 950 Β)
538 871 618 936 fellis
641 889 765 953 evome,
800 870 1016 938 discordiarum
1038 874 1123 938 virus
1143 891 1205 938 exe

183 985 285 1063 clude,
317 990 462 1068 purgetur
484 1001 585 1065 mens,
620 1004 707 1067 quam
730 986 921 1069 serpentinus
948 987 1025 1050 livor
1047 984 1204 1063 infecerat,

182 1096 349 1162 amaritudo
372 1100 485 1178 omnis,
516 1117 594 1180 quae
616 1100 694 1164 intus
716 1099 888 1180 insederat,
916 1099 1024 1164 Christi
1047 1098 1205 1164 dulcedine

182 1211 316 1276 murcos.
363 1210 395 1276 Si
410 1209 438 1288 Ι)
469 1211 520 1274 d'c'
537 1219 726 1276 sacramento
754 1213 853 1278 crucis
883 1220 913 1276 et
937 1213 1036 1279 coum
1058 1212 1151 1280 rumis
1174 1219 1205 1276 et

181 1331 293 1408 potum,
315 1325 438 1408 iprum
460 1323 542 1406 quod
564 1325 642 1407 apud
659 1325 808 1390 llerrbam
821 1323 853 1405 ὅ)
872 1325 1001 1410 proiecit
1021 1327 1052 1390 in
1074 1325 1205 1409 imagine

107 1419 111 1425 ⁵
182 1439 219 1502 ad
241 1438 359 1521 saporis
382 1436 587 1519 dulcedinem,
621 1438 673 1502 tibi
694 1438 724 1502 in
749 1438 877 1504 reritme
901 1438 1036 1520 proficiat
1063 1439 1104 1506 ad
1124 1438 1205 1504 mul-

182 1552 270 1616 cendi
291 1553 423 1636 pectoris
445 1551 612 1632 lenitatem,
648 1570 705 1616 nec
734 1552 782 1617 ad«
804 1552 948 1619 medelam
980 1552 1207 1636 prosperandae

182 1663 351 1728 valitudinis
378 1663 536 1728 laborabis.
581 1663 665 1728 Unde
694 1665 868 1729 numeratus
899 1664 1023 1748 lueres,
1050 1665 1119 1730 inde
1147 1685 1205 1730 cu-

181 1782 251 1840 iare
262 1773 299 1854 ⁶).
338 1777 412 1842 Ama
434 1794 499 1859 eos,
522 1795 599 1860 quos
615 1786 685 1843 ante
701 1778 822 1859 ederas,
846 1778 937 1862 diiga
953 1779 1021 1845 illos
1036 1775 1073 1859 7),
1096 1780 1205 1869 cubus

181 1891 297 1958 iniustis
337 1893 603 1957 obtrectationibus
642 1893 807 1957 invidebas.
867 1892 969 1980 Bonos
1006 1893 1142 1971 imitare,
1179 1892 1206 1958 ei

182 2005 294 2084 sectari
315 2012 422 2087 potes3
445 2005 472 2068 si
494 2005 604 2068 sectari
626 2022 687 2068 oon
709 2011 806 2087 potes,
829 2004 1001 2068 conlactare
1016 2000 1044 2078 ⁸)
1069 2010 1152 2072 carte
1176 2011 1206 2068 et

182 2118 335 2202 gratulare
358 2118 539 2182 melioribus.
582 2117 643 2181 Fac
664 2121 695 2181 te
717 2118 774 2180 illis
796 2117 924 2182 adunata
947 2117 1108 2182 dilectione
1130 2135 1206 2201 par·

185 2237 393 2245 --—..—.-

252 2289 284 2357 2)
306 2291 381 2354 Velle,
399 2289 424 2341 in
444 2303 495 2357 mg.
515 2291 595 2344 ocelle
612 2287 644 2341 ab
663 2293 682 2341 r.
702 2305 734 2341 m.
756 2289 802 2342 blc.
842 2289 899 2342 blox
916 2293 1013 2358 fertile,
1031 2297 1084 2342 turn
1103 2297 1127 2346 et
1146 2297 1205 2344 ante

181 2385 212 2434 ut
225 2376 256 2430 A.
293 2375 322 2443 3)
340 2379 467 2432 Vcoeccm
480 2374 510 2429 A.
542 2374 606 2428 Dein
624 2381 845 2445 praecordiorum
863 2377 925 2446 (sic)
943 2392 991 2446 pro
1007 2377 1205 2433 discordiarum

182 2463 231 2516 llb.
268 2465 298 2532 Ι)
316 2465 358 2528 st,
377 2461 445 2532 qnod
464 2461 538 2515 abest
556 2477 569 2512 a
585 2461 644 2515 Ver.
664 2461 730 2515 blab.
749 2461 794 2514 lia.
815 2462 896 2531 Nacp.
914 2462 969 2516 Vnt.
985 2465 1010 2515 5.
1030 2470 1056 2515 et
1072 2460 1105 2529 A,
1122 2464 1147 2516 in
1166 2461 1205 2514 lle
1323 2489 1326 2494 ·

180 2568 201 2604 r.
220 2568 252 2604 m.
273 2551 412 2624 praemisit.
458 2551 487 2620 5)
511 2547 548 2602 lta
574 2550 626 2617 lla,
652 2553 769 2606 lllcrrcm
787 2550 847 2604 Ver.
868 2549 907 2602 W.
928 2550 976 2603 lla.
998 2549 1080 2620 Neap.
1106 2559 1132 2603 et
1156 2547 1204 2616 ΙΙ,

180 2641 293 2694 Mirrem
311 2637 362 2704 ΙΙΙ,
381 2641 510 2694 llls'rrbcm
528 2639 587 2691 cdd.
607 2646 686 2704 vett,
704 2641 823 2710 diprrcm
841 2637 900 2705 lte,
919 2642 1010 2695 Merra
1027 2637 1082 2705 llc,
1103 2641 1205 2695 blaratb

108 2775 110 2778 .
181 2722 220 2791 A,
247 2729 323 2782 Marc
347 2723 444 2776 Erasm.
471 2723 546 2778 Gran.
572 2725 664 2777 Manat.
690 2725 784 2777 Pamel.
812 2723 904 2793 Rigalt.
930 2732 956 2776 et
975 2723 1074 2790 Orom,
1102 2729 1205 2782 dicrum

181 2809 294 2876 llorall.,
321 2813 454 2866 Merrbum
477 2813 573 2880 primus
592 2809 727 2876 balacius,
755 2812 826 2863 cuias
851 2812 951 2863 atli'sii
967 2810 1079 2863 adnotat.
1117 2811 1156 2864 De
1175 2827 1204 2865 re

181 2897 231 2950 vid.
251 2895 333 2948 lirod.
354 2898 402 2958 15,
422 2897 464 2948 2³.
500 2895 562 2948 Tum
580 2900 682 2967 proficit
700 2894 742 2947 ΙΙΙ
762 2903 787 2946 et
807 2893 868 2948 Bab.
905 2893 995 2947 Statim
1018 2901 1046 2950 ic
1064 2899 1205 2966 imcca'r'rcm

181 2984 242 3037 Bab.
278 2981 306 3035 lc
331 2998 404 3053 seqq.
428 2986 563 3054 mulcendi
586 2981 658 3048 llab,
686 2985 852 3038 mulcendum
877 2982 907 3034 A.
946 2981 1045 3035 Deinde
1069 2987 1205 3040 medellam

182 3070 221 3124 W.
241 3070 280 3123 lla
305 3077 332 3123 et
356 3085 392 3138 pr.
416 3070 491 3136 libe,
517 3071 549 3123 ad
574 3083 638 3139 qnos
662 3069 764 3122 accedit
788 3069 829 3122 ed.
856 3067 950 3121 Manat.
967 3097 970 3102 ·
988 3068 1028 3123 Gi.
1054 3071 1085 3122 ad
1111 3069 1204 3125 Donat.

182 3173 237 3228 cap.
257 3157 297 3209 ti.
319 3165 371 3209 not.
391 3159 416 3209 i.
453 3155 511 3207 llos
529 3159 691 3211 esletcdc‘rrir
709 3155 778 3207 solus
798 3151 847 3206 tte.
884 3151 946 3206 'lum
964 3158 1069 3212 tutem
1087 3153 1204 3224 Neapit

182 3253 336 3314 veteresque
357 3244 415 3296 edd.
435 3259 459 3295 c.
480 3241 578 3295 llorall.
599 3251 624 3296 at
643 3243 735 3296 floutb.
772 3242 871 3295 vitiose
895 3245 996 3298 laboris
1014 3242 1061 3297 lla.
1081 3241 1103 3295 A
1126 3249 1154 3295 et
1179 3244 1204 3294 in

182 3338 300 3383 contexto
318 3329 366 3396 W,
390 3331 416 3383 in
434 3345 485 3399 mg.
504 3337 589 3384 tanen
609 3333 751 3387 tstcrctir.
795 3331 825 3399 d)
844 3347 911 3385 cors
928 3339 952 3385 te
969 3332 1000 3383 A.
1043 3329 1072 3396 7)
1091 3347 1138 3387 ecs
1156 3329 1203 3384 lla.

182 3419 210 3482 8)
229 3421 347 3486 imitere,
366 3429 482 3483 sectere,
502 3421 531 3474 si
545 3427 636 3490 potere
657 3423 684 3474 si
702 3437 755 3474 ccc
771 3429 859 3489 poter,
880 3421 1029 3473 coniectore
1047 3417 1095 3470 llb.
1133 3416 1204 3470 Prius

182 3507 282 3559 sectori
300 3519 349 3557 cm.
363 3504 446 3573 Naap.
458 3505 484 3556 3.
521 3503 595 3567 Quod
615 3505 708 3557 deinde
726 3506 750 3557 in
770 3504 811 3556 ed.
826 3504 919 3556 bunut.
939 3504 1089 3572 typothetae
1107 3506 1204 3557 incuria

182 3592 284 3660 irrepsit
300 3608 352 3646 corr
370 3593 395 3643 in
409 3591 566 3661 Gottingensi
586 3592 728 3660 exemplari·
742 3600 893 3660 expunctum
912 3600 959 3644 est.
991 3589 1053 3642 Tum
1066 3593 1094 3646 si
1105 3593 1205 3644 secturi

180 3686 269 3747 peter,
288 3681 397 3743 toliere,
417 3687 506 3744 certa,
526 3681 711 3748 commaculare
728 3679 841 3746 pessime
859 3677 949 3732 scribit
966 3675 999 3742 A,
1020 3685 1127 3745 utroque
1146 3676 1204 3728 loco

182 3766 221 3820 bla
237 3775 333 3836 poteri.
370 3770 524 3823 Omtcetcre
542 3779 589 3833 pro
607 3769 747 3820 collaetare
764 3765 850 3834 recepi
864 3781 878 3816 e
893 3763 967 3816 codd.
980 3762 1020 3815 W.
1034 3763 1088 3815 blac
1100 3771 1126 3814 et
1138 3759 1202 3829 ΙΙΙ),

183 3861 209 3905 et
233 3869 279 3922 pro
304 3857 491 3926 conprstolme
516 3869 549 3906 οι
570 3853 641 3906 libris
659 3869 720 3906 mss.
741 3851 781 3903 W.
802 3851 891 3905 ldabed
910 3859 935 3904 et
956 3849 1026 3917 Bab,
1053 3849 1204 3920 quibuscum

182 3940 280 3996 iscium
296 3942 354 3995 add.
374 3940 449 3995 Grau.
472 3941 565 3996 bunut.
585 3940 681 3994 llorall.
700 3949 777 4010 atque
796 3937 896 4006 oxon,
922 3939 982 3992 dedi
1000 3939 1144 4010 patmus.
