2882 4692
650 384 670 446 9

151 537 237 616 pibris
260 535 414 614 adsuevit,
446 543 475 598 et
498 537 549 618 qui
571 540 702 619 pretiosa
727 547 812 604 veste
835 546 1016 625 conspicuus
1040 549 1069 612 io
1093 569 1167 614 auro

151 657 241 731 alque
271 651 300 713 iu
332 653 461 731 purpura
494 648 591 729 fulsit,
626 652 662 715 ad
693 652 841 733 plebeium
872 676 906 719 se
939 677 974 722 ac
1004 662 1166 742 simplicem

151 746 260 828 collum
292 763 411 844 quondo
443 762 593 844 deponit?
643 765 785 829 Fascibus
818 769 867 832 ille
898 769 1062 836 oblectatus
1079 772 1105 850 ⁵)
1138 786 1168 840 ab

152 879 314 943 bonoribus
338 895 407 940 esse
430 877 561 960 privatus
586 885 616 940 et
639 878 784 960 inglorios
807 900 866 946 uon
891 892 999 965 potest.
1034 888 1087 952 llic
1109 891 1167 954 sli-

151 997 237 1072 patus
252 986 280 1064 ⁶)
309 990 457 1054 clientium
487 991 607 1070 cuneis,
642 991 848 1074 lrequeuliore
872 999 1010 1063 comitatu
1040 1000 1167 1070 olllciosi

150 1104 276 1186 agminis
299 1103 490 1181 honestatus,
524 1121 648 1185 paenam
679 1113 760 1186 putat
791 1099 881 1189 essa,¹
913 1129 978 1173 cum
1006 1114 1090 1177 solus
1113 1122 1167 1178 est.

151 1218 318 1282 l'euacibus
341 1233 459 1298 semper
479 1216 639 1280 inlecebris
656 1236 783 1282 necasse
801 1229 855 1301 est,
879 1230 910 1286 ut
926 1225 1052 1308 solebat,
1078 1228 1168 1291 vino-

150 1331 240 1393 lentia
253 1325 280 1409 ²)
302 1331 415 1409 invitat,
437 1329 521 1399 inllet
541 1331 691 1411 superbio,
715 1333 866 1399 iracundia
883 1337 1052 1417 inflammet,
1075 1358 1168 1421 rapa-

150 1444 224 1506 ‹rus
248 1445 399 1525 inquam,
423 1424 592 1506 crureuus‘
605 1445 744 1524 stimulet,
768 1447 887 1513 ambitu
911 1449 1049 1529 derecto,
1075 1453 1168 1515 uum

150 1557 334 1639 praecipitet.

636 1759 685 1828 lll.

236 1895 316 1960 llaec
348 1906 468 1980 egomet
499 1917 590 1980 saepe
621 1917 744 1962 mecum.
790 1900 863 1962 Nam
886 1907 915 1964 et
934 1901 959 1978 ¹)
989 1903 1053 1990 ipse
1081 1921 1169 1985 quam

152 2059 359 2068 Ἣ

221 2140 249 2200 5)
274 2143 418 2196 oblectatur·
436 2141 475 2193 W.
502 2107 582 2193 llabc.
606 2142 635 2193 Α.
674 2141 789 2194 Proxima
814 2145 979 2220 inplorioarra
1006 2143 1046 2196 blb
1073 2156 1099 2197 et
1123 2145 1166 2198 lia.

152 2225 285 2293 Repetitur
302 2228 397 2279 deiude
416 2246 477 2283 erac
496 2231 521 2280 iu
534 2227 571 2280 Bb
591 2237 617 2280 et
630 2229 661 2280 Α.
698 2229 728 2297 6)
746 2232 861 2297 stipatus
880 2245 929 2280 om.
945 2233 973 2285 Α.
1006 2231 1074 2283 idem
1092 2233 1169 2286 babet

151 2316 276 2367 clientum
296 2322 322 2366 et
340 2324 398 2368 aute
416 2319 595 2387 frequentiora
614 2315 712 2368 infercit
732 2318 819 2383 partic.
839 2327 871 2370 at.
908 2316 1030 2370 bieolore
1049 2323 1169 2374 comitato

152 2417 242 2471 scribit
258 2416 307 2482 lib,
326 2427 377 2470 tum
397 2424 517 2489 officioso
535 2418 698 2490 comitialia,
718 2423 832 2474 ocmt'ara‘a
850 2395 1002 2478 laocolctbr
1015 2421 1063 2487 bib,
1083 2427 1166 2478 booe-
1230 2431 1233 2446 ¹

152 2530 240 2574 alatur
269 2522 329 2573 dant
356 2521 387 2572 W
414 2531 440 2575 el
468 2521 513 2576 Bu.
560 2523 659 2575 Deinde
686 2499 758 2594 p¹o⁶tct
787 2523 865 2577 habat
891 2522 947 2590 Bb,
976 2535 1050 2593 putat
1075 2543 1169 2596 peracto

151 2611 254 2662 eracl.
293 2607 439 2662 correctum
459 2612 537 2664 actuo
556 2626 570 2663 e
588 2613 658 2664 solio
678 2611 702 2662 iu
716 2609 764 2662 bib.
802 2609 868 2662 lleio
886 2622 928 2665 cat
945 2621 969 2666 at
987 2615 1123 2668 tenacibus
1137 2614 1167 2665 Α.

153 2711 183 2774 7)
201 2715 346 2768 visetenim
364 2713 405 2778 W,
424 2689 569 2769 cinitonem
589 2713 635 2764 lic.
673 2713 737 2766 inira
756 2718 879 2778 simulat,
902 2730 959 2768 mox
979 2728 1003 2771 et
1019 2721 1098 2772 liiirlo
1118 2717 1167 2769 bid.

206 2812 261 2869 'lll.
288 2820 316 2885 l)
334 2830 358 2874 et
376 2835 422 2887 pro
442 2831 470 2874 ut
488 2819 528 2871 W.
549 2819 613 2871 llab.
633 2817 694 2870 Bub.
715 2822 735 2869 Α
756 2829 908 2889 veteresque
928 2821 985 2874 add.
1022 2820 1083 2874 Tum
1101 2825 1167 2891 plu-

152 2906 229 2958 rilus
248 2903 293 2957 Bb.
331 2905 394 2958 Dein
413 2909 500 2975 priori
519 2905 561 2956 lia.
599 2902 648 2954 Pro
666 2909 805 2958 error-ilua
823 2906 882 2956 edd.
903 2915 963 2958 vett.
984 2922 1005 2957 e.
1025 2905 1122 2957 Eroam.
1143 2916 1169 2959 ot

152 2987 226 3042 Grau.
245 2996 412 3046 bor-roribua.
451 2989 489 3044 lle
515 2993 645 3058 utriusque
670 2989 788 3041 vocabuli
814 2993 1002 3059 permutatione
1027 2993 1079 3043 vid.
1105 2993 1169 3045 inira

152 3078 184 3132 ao
204 3069 258 3145 cap.
276 3079 308 3128 V.
335 3087 387 3130 not.
406 3081 431 3129 t.
456 3086 483 3128 et
501 3076 554 3128 vlt.
574 3075 597 3128 3.
634 3076 734 3128 Fortius
756 3079 906 3146 inplicatur
925 3075 964 3128 ltb
988 3086 1014 3130 et
1032 3076 1086 3143 Bb,
1113 3083 1168 3133 tm.

150 3168 266 3234 plicctau
286 3164 365 3216 llocrl.
387 3161 430 3215 llo.
452 3167 472 3214 Α
493 3170 519 3214 et
537 3163 596 3214 edd.
617 3172 675 3215 ante
694 3161 806 3227 Parnoi,
836 3165 861 3214 io
881 3179 929 3232 qua
949 3173 988 3216 est
1010 3168 1168 3235 implicitus,

152 3253 220 3319 quod
240 3259 393 3319 receperunt
409 3250 522 3302 editores
537 3252 699 3318 posteriores.
734 3251 761 3302 lu
773 3266 843 3320 seqq.
859 3250 982 3302 Ascribit
994 3256 1168 3309 coercantur.

153 3338 218 3390 bute
237 3343 417 3409 mercum
435 3339 507 3390 omisi
526 3349 551 3392 et
568 3339 750 3407 praeeuntibus
769 3340 844 3391 codd.
866 3347 892 3391 et
912 3339 986 3390 editis
1004 3349 1062 3394 aute
1076 3341 1168 3394 Manat.

152 3428 284 3489 omnibot3
312 3426 453 3479 delectatur
472 3427 537 3478 anim
556 3426 647 3480 Noster
661 3427 773 3480 ‚mirifice
795 3427 930 3493 asyndetis.
968 3428 1057 3493 Aptius
1075 3427 1169 3479 deindo

153 3527 199 3580 pro
219 3517 300 3568 voluti
318 3519 371 3567 iem
390 3513 429 3564 W.
451 3512 540 3565 llabcd
561 3521 587 3564 et
605 3512 658 3565 Bab
677 3523 703 3566 et
721 3514 780 3566 edd.
801 3513 969 3566 Manutianam
988 3513 1170 3564 antecedentes

153 3600 454 3665 testamentariam
484 3605 649 3656 volutaticos
668 3601 760 3670 iegitur
780 3603 803 3651 io
823 3599 867 3651 llb.
906 3598 1023 3651 Proxima
1044 3597 1118 3649 codd.
1138 3596 1168 3648 W
1221 3605 1235 3624 ⁸

152 3695 177 3738 et
196 3685 235 3738 lla
260 3689 396 3740 commoda
422 3687 567 3740 obtuleruut
589 3699 613 3741 at
637 3692 773 3757 favebam,
801 3688 867 3754 quod
888 3685 1032 3754 Cyprianec
1051 3684 1169 3753 loquendi

151 3788 197 3824 uau
217 3777 324 3842 egregio
343 3775 509 3828 confirmator.
547 3775 582 3827 lto
603 3776 669 3826 euim
690 3774 783 3826 Noster
801 3789 855 3840 cap.
875 3773 914 3824 b:
935 3774 1016 3826 molis
1033 3773 1094 3824 auia
1112 3773 1167 3823 ati-
1208 3767 1211 3779 ¹

151 3864 208 3912 sort
225 3870 250 3914 at
267 3864 433 3930 planaretur,
460 3876 516 3928 cap.
536 3860 594 3912 eod.
615 3861 674 3910 cire.
694 3859 750 3912 lim:
778 3863 841 3921 boc,
864 3875 913 3926 pro
933 3859 1021 3918 dolor,
1045 3865 1129 3908 mutor
1146 3866 1170 3910 ct

150 3947 262 4000 redemit
298 3945 338 3999 lla
356 3945 430 4016 bapt.
450 3961 507 4016 cap.
527 3935 552 3996 6.
574 3961 597 4018 p.
617 3943 650 3996 67
670 3944 921 3998 editiorisuottraor
941 3951 1010 4013 quot,
1027 3957 1061 3995 aa
1078 3955 1169 3996 corum
