2858 4688
741 427 804 490 204

265 557 357 667 nosse
380 586 492 663 lenire,
515 585 729 648 innovissimo
752 592 849 647 tumen
873 591 957 665 parte
981 581 1185 648 demonstrans
1209 585 1283 648 sciis

222 683 231 690 “
264 700 466 781 eleemosynis
489 699 576 762 deum
597 676 689 781 posse
704 699 824 781 placeri,
848 696 960 760 addidit
975 693 1135 771 dicens⁶):
1158 697 1281 779 Franco

263 813 412 896 esurienti
438 830 551 889 ponem
581 819 663 872 tuam
694 819 723 872 et
741 804 767 885 ⁷)
799 817 912 890 coenos
934 810 1002 872 siue
1026 819 1105 873 tecto
1127 811 1225 916 iqiuc
1248 812 1281 872 ia

263 925 385 987 domum
409 933 501 987 tuom.
547 925 582 986 Si
601 924 721 986 nidoris
742 925 869 1000 nudam,
893 921 1026 1003 eestt8),
1052 933 1082 987 et
1095 924 1282 988 domesticos

262 1035 391 1097 seminis
414 1036 459 1096 toi
482 1054 547 1098 non
570 1035 733 1114 despicies.
783 1035 869 1096 Tunc
892 1044 1030 1114 erumpet
1051 1043 1282 1117 temporaneam

263 1149 363 1209 luascu
385 1155 480 1226 tunm,
503 1155 534 1209 et
554 1140 775 1221 oesttueutc⁹)
800 1154 855 1207 tua
877 1147 939 1208 cito
964 1148 1113 1224 orientur,
1137 1155 1168 1209 et
1184 1167 1281 1226 proe-

263 1261 322 1322 iia‘t
350 1269 421 1324 cate
454 1269 482 1322 te
512 1259 656 1334 iustitio,
693 1266 723 1320 ct
755 1258 887 1320 claritas
921 1260 972 1320 dei
1007 1261 1213 1324 renunciabit
1244 1270 1282 1322 te.

266 1373 349 1438 tuoe
382 1373 593 1448 exclamabis,
629 1379 659 1432 et
691 1372 767 1432 deas
799 1371 950 1432 exaudiet
982 1380 1017 1434 tc.
1063 1373 1145 1433 Dum
1178 1374 1282 1435 aditae

262 1489 419 1568 loqueris,
444 1489 527 1548 dicct
542 1483 603 1581 ξυμ
626 1485 707 1546 Ecce
731 1459 852 1546 adsum.

262 1726 422 1790 scribatis,
448 1725 704 1790 conuersum,
729 1729 757 1778 iu
783 1729 872 1780 cincre
896 1734 920 1780 st
944 1729 1032 1781 riticio
1057 1727 1106 1792 (its
1130 1729 1206 1778 etism
1226 1728 1280 1792 tib)

262 1817 446 1868 volutarentur
463 1812 542 1864 hebet
555 1812 623 1876 Ver,
642 1817 843 1866 revolverentur
856 1813 901 1866 Bb.
933 1813 995 1865 Tum
1013 1813 1084 1864 idem
1100 1814 1165 1866 iiber
1183 1819 1282 1870 domiai

261 1917 307 1967 pro
332 1905 374 1954 dci
398 1917 507 1968 moxque
531 1911 606 1968 porte
632 1915 681 1950 om.
718 1899 745 1950 ln
764 1918 835 1968 seqq,
855 1905 931 1954 deam
949 1904 1123 1970 elecmosynis
1146 1903 1206 1954 dent
1224 1903 1280 1954 iibri

263 1997 321 2038 unte
342 1987 433 2037 diunut.
454 1990 520 2054 typis
541 1987 670 2052 descripti,
694 1989 837 2040 dominium
854 1991 959 2054 placari
977 1986 1072 2063 absque
1092 2006 1116 2039 v.
1135 2008 1216 2058 posse
1234 2007 1279 2040 re-

261 2077 358 2143 peritur
377 2077 401 2126 in
421 2076 449 2126 Α.
488 2077 517 2141 6)
538 2074 622 2126 Hesni.
644 2074 691 2139 58,
712 2077 735 2126 7.
773 2077 801 2138 7)
822 2074 911 2126 Partis.
931 2085 955 2127 et
973 2074 1035 2126 defit
1051 2077 1077 2126 in
1097 2077 1126 2126 Α.
1163 2077 1193 2144 8)
1212 2082 1283 2130 vesti
1342 2118 1345 2126 .

262 2180 321 2214 euru
340 2161 407 2227 vuig.
446 2161 522 2214 Omisi
547 2181 606 2216 cum
630 2163 811 2231 praeeuntibus
837 2161 910 2212 codd.
933 2161 991 2212 Ver.
1013 2171 1039 2213 et
1058 2167 1121 2214 meis
1139 2167 1284 2230 praeterii

262 2249 395 2314 omnibns,
424 2251 573 2317 quibuscum
599 2251 738 2302 concordat
764 2239 804 2300 cd]
828 2248 940 2312 Marcii,
966 2266 1015 2300 nec
1041 2251 1115 2301 siiter
1138 2251 1232 2316 iegitur
1259 2254 1285 2302 in

263 2335 329 2387 Test.
349 2337 363 2388 i,
386 2355 407 2386 e.
447 2337 485 2388 cf.
506 2338 649 2390 dodamin.
670 2346 733 2388 orat.
754 2353 809 2403 cup.
828 2336 913 2388 xxiv,
951 2337 1058 2388 Residui
1079 2335 1171 2388 deinde
1189 2340 1284 2406 despi-

262 2427 316 2476 cies
336 2441 350 2480 c
370 2426 444 2476 codd.
461 2426 500 2476 W.
516 2425 612 2476 Mabcd.
628 2424 679 2476 Bab
700 2432 726 2474 et
744 2432 806 2474 vett.
825 2425 895 2487 edd,
915 2423 1062 2491 quibuscum
1080 2423 1176 2473 iaciunt
1191 2421 1285 2474 Manat.

265 2511 326 2562 Mor.
347 2510 440 2562 Pernei.
460 2511 552 2579 Rignit.
576 2519 601 2561 et
621 2509 717 2574 Onon.;
745 2519 784 2562 est
808 2513 876 2562 enim
899 2513 923 2562 in
943 2510 1043 2562 Graeco
1069 2506 1189 2577 ὑπερόψει.
1226 2513 1286 2564 Non

264 2601 407 2666 despicias,
427 2599 493 2664 qnod
514 2606 667 2662 receperunt
684 2597 945 2662 Erasmuudravius,
968 2597 1095 2661 Boionius,
1115 2596 1238 2669 Rcuthius
1258 2605 1285 2647 et

266 2683 443 2746 Gordianus,
463 2684 532 2735 solus
553 2683 629 2736 hebet
646 2685 684 2734 Α..
715 2684 753 2734 Ci.
774 2685 805 2734 de
826 2685 918 2736 domin.
939 2693 1003 2734 oret.
1022 2684 1037 2734 1.
1051 2700 1074 2734 o.
1094 2683 1211 2749 reticet,
1232 2700 1285 2752 quo

265 2773 322 2824 iaco
349 2773 490 2838 posteriore
517 2761 650 2823 iectioneai
677 2775 806 2840 despicies
835 2782 861 2822 et
887 2774 936 2822 mei
965 2771 1018 2822 lihri
1045 2780 1070 2820 et
1092 2769 1170 2822 ltoiici
1194 2787 1285 2823 omnes

264 2859 418 2910 confirmant.
462 2860 490 2926 9)
513 2859 615 2926 Legitur
633 2877 673 2925 sp.
694 2859 779 2910 Lxx:
807 2862 845 2905 sui
865 2855 895 2906 ud
913 2855 1003 2920 diuersi
1021 2874 1064 2906 σου
1077 2857 1146 2925 auxi
1166 2856 1286 2919 α’νατελεῖ,

264 2948 294 2997 od
315 2963 389 3014 quem
409 2947 490 2998 lacurn
511 2951 689 3016 Hieronymus
710 2948 841 3011 adnotu'vit
860 2946 938 2996 haec:
962 2943 1021 3006 „Tui
1039 2944 1129 3009 iduati
1146 2957 1202 3007 σου,
1222 2946 1236 2996 i.
1260 2961 1283 2996 e.

263 3043 392 3088 sanitates
412 3044 486 3097 tuae,
498 3031 593 3085 'Latini
616 3037 768 3102 interpretes
792 3035 861 3084 ducti
887 3034 993 3084 nominis
1010 3033 1171 3086 similitudine
1190 3031 1283 3096 ἱμάτια,

264 3122 287 3172 id
309 3130 360 3185 est,
380 3125 549 3185 uestimenta,
570 3131 719 3188 posuerunt,
739 3122 806 3172 unde
826 3121 895 3170 inuiti
913 3121 1086 3174 translationis
1103 3121 1212 3172 falsitate
1232 3120 1283 3171 de-

264 3209 331 3273 cepti
351 3207 382 3256 nd
405 3211 616 3260 resurrectionem
637 3211 749 3274 corporis
770 3199 983 3274 comprobandum
1007 3209 1055 3260 hoc
1079 3217 1183 3259 utuntur
1205 3210 1283 3260 testi-

263 3295 358 3358 monio,
377 3309 427 3361 quo
447 3295 546 3346 sedicet
566 3297 743 3344 vestimentum
763 3297 861 3346 enimse
882 3309 974 3361 corpus
994 3297 1075 3361 accipi
1094 3296 1190 3360 veiint,
1214 3297 1283 3366 quod

265 3382 288 3429 in
314 3381 355 3430 die
378 3385 569 3432 resurrectionis
594 3381 715 3430 orietur.“
752 3381 834 3432 Habet
860 3383 908 3431 inin
927 3385 1112 3436 Tertullianus
1138 3385 1170 3434 de
1193 3398 1283 3457 resur·

264 3469 378 3520 rectione
393 3471 474 3520 carnis
487 3483 541 3533 cop⁴
553 3467 640 3517 XXVII
658 3485 665 3517 ι
684 3473 758 3521 Tusco
772 3472 859 3522 laomen
874 3480 947 3522 tuum
958 3480 1152 3538 ¹ternucraneum
1165 3455 1285 3537 erunrpet

263 3565 287 3606 et
304 3559 458 3608 vestimenta
477 3565 522 3606 tua
541 3557 622 3608 citius
642 3559 769 3608 orientur.
809 3555 843 3606 ite
857 3555 950 3607 Noster
969 3560 1044 3608 etiem
1063 3559 1095 3607 de
1110 3557 1203 3609 durnin.
1218 3565 1282 3606 orat.

263 3648 288 3690 et
312 3641 336 3690 in
356 3638 423 3690 Test.
447 3639 509 3688 iocis
534 3640 585 3690 citt.
617 3639 654 3692 si.
674 3629 803 3694 Sadoticr.
842 3641 909 3692 Mate
934 3647 1058 3697 oriantur
1079 3643 1124 3707 W,
1154 3653 1180 3693 ut
1205 3643 1283 3710 perric

264 3735 326 3776 ante
341 3729 454 3792 erumpit
472 3723 515 3774 Bo.
553 3725 612 3776 Post
631 3731 736 3780 iustitio
756 3729 795 3778 Mb
816 3727 884 3778 addit
905 3740 957 3782 tuo.
994 3715 1093 3782 Deinde
1119 3734 1283 3784 circundabit

263 3829 395 3881 perperam
416 3813 457 3862 ed.
477 3811 557 3864 Oxou.
598 3814 650 3865 Vid.
677 3820 794 3884 Vi'ayusr.
815 3815 832 3866 l.
853 3832 875 3866 c.
896 3834 920 3883 p.
939 3818 998 3869 453.
1018 3817 1063 3868 tiu.
1085 3817 1115 3868 M.
1156 3818 1201 3883 10)
1219 3820 1284 3870 dicit

264 3902 322 3952 Ver.
355 3901 416 3952 'Nou
441 3902 480 3950 sia
504 3901 569 3952 idem
589 3903 654 3953 iiber
672 3905 696 3955 ia
716 3903 800 3966 Test.;
826 3885 894 3958 dicct
916 3910 962 3960 tidi
981 3905 1039 3956 edd.
1060 3912 1121 3956 vett.
1141 3921 1164 3957 c.
1185 3903 1282 3956 Erusm.

261 3997 288 4040 et
307 3987 398 4052 Grau,
417 4005 511 4047 assant
530 3987 594 4042 Dav.
