2858 4688
747 401 809 468 tes

740 645 813 716 xit.

355 789 448 852 Nobis
471 801 592 870 queque
614 787 686 869 ipsis
705 787 742 864 Ι),
769 787 895 850 minimis
919 791 948 848 et
972 787 1124 866 extremis,
1149 789 1287 867 quotiens

269 903 433 965 revelatum
457 909 520 981 est,
553 919 641 983 quam
668 899 849 982 frequenter
877 906 967 981 atque
996 898 1154 963 manifeste
1178 899 1216 962 de
1240 900 1287 963 dei

269 1014 442 1096 dignatione
474 1021 664 1097 praeceptum
698 1021 760 1092 est,
798 1021 830 1076 nt
861 1019 1048 1076 contestarer
1079 1012 1223 1092 adsidue,
1256 1021 1289 1076 ut

269 1127 387 1208 publice
418 1125 623 1210 praedicarem
653 1124 762 1188 iratres
795 1129 915 1187 nostros
947 1141 1007 1187 non
1039 1143 1108 1190 esse
1139 1125 1288 1208 lugendos

269 1241 467 1302 arcessitione
491 1239 636 1304 dominica
662 1239 699 1302 de
722 1239 845 1302 saeouio
874 1237 1033 1318 liberatos,
1065 1243 1130 1302 edm
1160 1241 1287 1302 sciemus

269 1371 329 1414 non
353 1353 454 1430 amitti,
478 1352 531 1415 sed
554 1351 712 1434 praemitti,
736 1350 914 1414 recedentes
937 1349 1133 1433 praecedere,
1157 1358 1189 1415 ut
1211 1371 1286 1434 pro·

269 1447 456 1544 ficiscente's',
489 1469 521 1526 ut
550 1465 727 1545 navigantes
752 1461 867 1541 solent,
899 1461 1063 1525 desiderari
1087 1481 1142 1525 eos
1164 1461 1287 1540 debere,
1323 1477 1325 1484 ·

204 1661 208 1669 r
270 1595 330 1640 non
353 1578 544 1659 plangi-nec
567 1575 756 1658 accipiendas
777 1593 846 1638 esse
861 1575 910 1637 bic
926 1583 1005 1637 atras
1022 1572 1146 1662 velstes,
1168 1576 1287 1657 quando
1302 1590 1342 1630 πᾶ

216 1767 217 1780 ¹
269 1689 310 1752 idi
333 1691 373 1753 ibi
395 1688 565 1752 indumenta
586 1689 651 1752 alba
671 1690 728 1751 iam
744 1690 933 1771 sumpserint,
957 1689 1145 1752 occasionem
1162 1689 1285 1752 dandam

270 1820 331 1865 oon
355 1821 425 1866 esse
446 1802 623 1884 gentiiibns,
647 1810 677 1866 ut
701 1821 757 1866 nos
781 1803 886 1865 merito
910 1821 945 1866 ac
968 1803 1034 1864 iure
1056 1803 1286 1886 reprehendant,

270 2026 405 2125 crepatores
423 2055 518 2106 babent
536 2050 574 2104 Bb
594 2061 620 2104 et
639 2052 692 2117 bic,
720 2068 767 2120 pro
792 2055 962 2122 cooperiretur
983 2054 1007 2103 in
1027 2053 1049 2104 Α
1068 2069 1201 2121 perpetem
1219 2057 1285 2106 ecri-

270 2142 339 2193 bitnr
358 2147 514 2212 ceperimus.
553 2139 664 2192 teman
682 2149 854 2194 nocemus
872 2139 1007 2190 commode
1026 2140 1195 2206 praebuerunt
1211 2140 1286 2192 codd.

271 2227 328 2279 Ver.
346 2227 385 2280 W.
403 2227 485 2281 ttbcd.
504 2226 565 2279 bob.
583 2226 604 2277 A
625 2235 652 2278 ct
669 2235 767 2294 septem
784 2226 906 2312 ΑιιςΙίοἰςι
917 2227 985 2295 vulg.
1005 2229 1070 2278 enim
1091 2228 1182 2296 iegitur
1199 2245 1286 2298 opno-

269 2331 421 2378 ccemor,
440 2317 465 2366 in
485 2315 523 2367 bie
541 2331 653 2369 earcere
671 2331 806 2370 curamue

338 2401 403 2454 xtV.
439 2403 468 2469 1)
492 2406 563 2471 ipsit
587 2417 636 2452 cm.
657 2400 702 2452 Bo.
740 2399 789 2453 Pro
813 2405 917 2470 quoties
942 2401 1006 2454 dieb.
1031 2401 1084 2454 Bnb
1109 2403 1287 2470 editioneeqne

267 2495 329 2538 vett.
350 2503 371 2540 c.
385 2486 482 2538 Eraem.
502 2490 598 2554 optime
616 2487 737 2539 exhibent
752 2491 871 2555 ,nortem
887 2487 952 2552 (vid.
970 2491 1091 2558 Wnpnor.
1107 2489 1123 2541 1.
1138 2507 1160 2540 c.
1174 2506 1197 2557 p.
1211 2489 1287 2554 45⁷1,

267 2578 395 2642 quociens
407 2573 472 2624 bicd.
485 2572 516 2623 A.
550 2572 607 2623 bion
626 2574 657 2625 de
674 2575 858 2641 indipnecinae
875 2572 1051 2644 pioeceptum,
1069 2587 1099 2630 nt
1116 2580 1288 2631 ccatrinaeret

268 2659 331 2723 (nic)
351 2658 381 2710 A.
418 2658 482 2711 Dein
509 2670 538 2713 ut
562 2674 608 2726 pre
633 2668 657 2712 et
680 2661 767 2725 recepi
792 2674 824 2711 ex
849 2660 924 2711 codd.
945 2661 1237 2736 venundandum
1260 2671 1288 2713 et

267 2743 365 2811 Neap,
391 2749 499 2814 puplice
522 2745 611 2797 scribit
632 2745 670 2796 W.
708 2745 824 2798 Proxime
850 2747 924 2799 codd.
951 2757 977 2799 et
1001 2749 1058 2801 add.
1082 2748 1202 2800 damnant
1220 2750 1288 2801 inter

267 2835 444 2888 accersitione
470 2835 515 2897 tite
542 2833 621 2886 bebet
646 2836 721 2885 etiam
741 2833 865 2895 Veniet
889 2839 1058 2901 accersione,
1088 2844 1115 2887 ut
1134 2853 1187 2904 cop.
1208 2835 1286 2888 xvtt.

268 2915 342 2970 Geni.
361 2934 436 2987 supra
456 2937 511 2987 cap.
531 2921 559 2974 ΙΙ.
579 2930 637 2994 ιιοι.ι
652 2921 669 2972 9
687 2929 713 2971 et
731 2936 787 2986 cap.
809 2922 929 2987 praeced.
950 2931 1003 2972 not.
1023 2922 1048 2973 6.
1085 2921 1190 2975 Correxi
1210 2925 1288 2992 igitur

267 3010 451 3062 ercuritiooc
487 3007 537 3059 Pro
561 3011 682 3063 amemur
706 3009 731 3058 io
758 3008 814 3058 edd.
836 3007 901 3060 Dar.
920 3009 1008 3062 Remb.
1029 3019 1055 3062 et
1073 3009 1171 3061 Eresm.
1193 3009 1289 3078 legitur

266 3094 360 3145 eciem.
402 3093 475 3156 Quod
504 3103 562 3161 poet
587 3112 640 3149 nora
665 3095 735 3162 vulg.
762 3096 867 3148 insertur
892 3111 1031 3162 pronomen
1057 3115 1104 3152 eor
1130 3098 1201 3148 omisi
1228 3113 1288 3148 cam

266 3179 341 3233 codd.
356 3180 394 3230 W.
416 3181 495 3232 biabc.
516 3181 577 3233 Bab.
597 3182 677 3248 Neap.
699 3191 724 3234 et
744 3183 781 3245 Α;
801 3191 840 3234 eet
859 3184 925 3236 enim
946 3199 1040 3235 merum
1059 3183 1196 3251 glossema.
1233 3183 1287 3236 Sn-

266 3274 381 3331 epactam
405 3267 450 3318 init
471 3271 520 3319 iarn
540 3268 650 3332 Granio,
676 3271 719 3337 qui
738 3269 803 3321 banc
820 3271 937 3322 voculam
957 3272 1134 3323 minutioribus
1152 3274 1218 3338 typi·
1237 3287 1287 3322 ex·

267 3353 423 3418 primeadam
448 3357 553 3407 curavit.
591 3355 652 3408 Cod.
677 3355 717 3408 did
744 3357 846 3408 exhibet
869 3375 914 3412 eoa
938 3376 990 3412 aon
1016 3361 1125 3412 admitti.
1163 3357 1220 3409 iiox
1244 3357 1288 3409 ed.

266 3437 341 3490 Grav-
370 3452 417 3496 cut
441 3446 615 3512 navigantes,
644 3445 668 3495 in
696 3444 881 3512 exemplaribus
910 3453 994 3496 nutem
1022 3444 1234 3512 praecedentibus
1261 3453 1290 3495 et

267 3524 364 3580 bioreli.
390 3537 472 3584 exstat
494 3541 517 3583 et
539 3533 706 3602 tinnipantea.
744 3530 820 3582 Verb.
842 3535 927 3586 enicat
953 3532 1026 3583 deest
1050 3534 1075 3582 ia
1094 3531 1190 3583 Erum.
1227 3529 1291 3582 Post

265 3616 434 3682 accipiendae
453 3614 490 3668 Bb
515 3632 563 3668 cm.
589 3635 664 3681 erce,
692 3628 718 3670 ct
743 3633 801 3670 mox
826 3619 883 3670 edv.
909 3622 953 3673 ibi.
987 3617 1050 3669 Tum
1069 3618 1136 3670 idem
1158 3618 1223 3670 iiber
1244 3618 1291 3669 dat

265 3702 319 3752 iam
343 3705 403 3756 niba
426 3691 606 3774 sumpserunt]
643 3705 692 3758 Pro
718 3710 788 3773 inm,
817 3706 885 3774 quod
910 3721 960 3757 ona.
983 3705 1056 3770 biab,
1084 3706 1106 3756 Α
1130 3705 1199 3772 ponit
1223 3705 1288 3758 abac.

266 3783 420 3840 indicativus
444 3804 617 3860 sumpserunt
643 3795 769 3860 reperitur
792 3794 867 3844 etiem
893 3794 918 3844 ia
938 3793 979 3844 bib
1005 3801 1031 3844 et
1049 3793 1078 3845 Α.
1116 3791 1215 3843 Deinde
1234 3807 1289 3844 nc-

266 3876 417 3928 ceem'cnem
435 3877 516 3943 (coni.
535 3883 653 3950 Wapaer·.
671 3879 686 3931 i.
701 3896 723 3930 c.
743 3897 759 3948 p
781 3881 846 3947 469)
864 3880 952 3932 scribit
965 3879 1014 3944 bia,
1034 3883 1220 3934 occansionem
1233 3875 1288 3939 bib,

266 3971 339 4009 erano
360 3975 381 4011 v.
403 3978 464 4016 ecce
482 3973 541 4034 poet
559 3969 726 4024 occuicaem
746 3966 785 4022 bic
805 3969 916 4022 dandam
934 3970 1075 4038 peatiiibne
1094 3982 1147 4018 nou
1166 3981 1243 4032 erae,
1265 3966 1290 4015 Α
