2858 4688
520 419 525 436 ‘
624 411 685 476 183

147 570 310 633 Mentietur
326 587 406 650 opus
420 571 534 647 clives,
554 577 586 631 ct
598 570 700 650 campi
715 587 778 630 uou
788 569 998 650 praestabunt
1015 571 1116 634 cibum
1126 570 1163 646 ⁴).

146 683 301 763 Deficiunt
321 702 341 746 o
360 679 519 762 patulo-u
543 701 626 760 oues,
650 691 680 745 ot
702 702 767 746 ooo
790 693 882 746 eruut
905 687 938 745 iu
957 688 1162 767 praesepibus

147 795 250 860 boves.
297 795 363 876 Eoo
385 799 487 858 autem
509 796 543 856 iu
567 797 693 859 domiuo
716 795 894 873 exsultabo,
920 799 1061 878 qaudcbo
1077 796 1105 876 ⁸)
1129 803 1163 862 io
1261 867 1264 874 ,

148 910 208 972 deo
230 909 367 971 soluturi
389 927 465 972 mco.
511 909 567 971 Dei
598 909 746 972 bominem
778 915 808 971 et
836 911 979 974 cultorem
1010 911 1058 976 dei
1088 913 1163 976 sob-

148 1026 249 1087 nixum
268 1017 293 1096 7)
316 1023 381 1106 spei
405 1023 531 1085 veritate
555 1028 585 1084 et
607 1023 676 1086 fidei
705 1023 862 1086 stabilitate
893 1023 1044 1088 fundatum
1073 1031 1164 1108 negat

147 1136 247 1202 munbi
271 1135 358 1198 huius
382 1142 412 1197 et
435 1136 547 1198 saecoli
570 1133 809 1199 infestationibus
833 1140 1022 1201 commoveri.
1069 1139 1162 1201 Vinea

147 1253 217 1345 ticet
239 1249 329 1326 fallat,
355 1255 385 1310 at
408 1248 475 1310 olea
487 1243 516 1322 ⁸)
541 1247 677 1331 decipiat,
701 1255 731 1309 et
752 1248 852 1311 herbis
875 1251 1007 1312 siccitate
1028 1252 1161 1314 morien·

109 1343 111 1347 ,
147 1366 225 1428 tibus
249 1369 387 1426 aestuans
411 1379 532 1443 campus
556 1367 690 1439 arescat,
722 1360 791 1444 quid
821 1361 880 1425 hoc
907 1361 944 1424 ad
966 1361 1163 1444 Christianos,

147 1476 218 1559 quid
242 1475 277 1538 od
302 1475 350 1536 dei
373 1469 498 1552 servos,
532 1490 608 1554 quos
636 1472 793 1555 paradisus
816 1474 936 1554 invitat,
969 1457 1163 1560 quos'grutia

148 1592 244 1656 omnis
274 1595 303 1650 et
325 1588 418 1669 eopia
449 1587 536 1669 regni
568 1586 706 1649 caelestis
737 1588 918 1668 exspectat?
964 1586 1162 1682 Exsultantf)

147 1723 266 1788 semper
295 1704 324 1765 in
355 1701 488 1787 delmino
518 1707 548 1763 et
577 1701 725 1764 laetentur
754 1709 784 1763 et
808 1701 940 1783 gaudent
962 1702 992 1763 io
1016 1700 1073 1765 deo
1097 1707 1162 1780 sub,
1177 1719 1216 1760 ms

148 1825 178 1882 et
201 1817 273 1880 mala
298 1822 387 1897 atquc
410 1815 536 1878 adversa
561 1815 661 1878 mundi
684 1814 803 1878 fortiter
825 1815 970 1894 tolerant,
994 1816 1061 1878 dom
1086 1818 1162 1880 bona

149 1939 345 2012 stuprospera
369 1927 464 1991 iatum
487 1932 686 2009 prospectant.
725 1926 798 1988 Nam
822 1927 871 2006 qui
887 1923 924 1999 ¹⁰)
948 1929 1082 2009 exposita
1106 1948 1164 1991 na-

147 2045 261 2106 tivitate
284 2047 402 2102 terrena
425 2042 529 2122 spiritu
553 2040 681 2102 recreati
705 2045 734 2100 et
756 2039 852 2100 renati
876 2055 996 2118 sumus,
1029 2059 1085 2104 nec
1107 2015 1164 2104 iam

147 2155 268 2232 muodo,
293 2155 347 2216 sed
372 2153 429 2218 deo
453 2155 590 2231 vivimus,
615 2171 674 2216 oon
698 2153 756 2215 nisi
779 2169 844 2213 cum
868 2151 905 2214 ad
929 2152 1021 2214 deum‘
1041 2157 1165 2218 veneri-

151 2300 354 2316 ..........----

217 2384 247 2450 4)
265 2396 356 2434 noctu
374 2375 406 2439 Α,
424 2379 586 2442 frumentum
605 2373 664 2426 edd.
683 2381 746 2425 vett.
766 2389 788 2424 e.
809 2373 907 2427 Essem.
928 2375 1001 2427 Grau.
1022 2383 1048 2426 ct
1067 2376 1165 2426 Mureti.

148 2471 176 2536 5)
195 2489 211 2522 a
224 2469 321 2538 populo
334 2461 367 2515 W
380 2471 405 2514 ct
418 2462 482 2526 biae,
504 2480 519 2513 a
532 2465 637 2516 statuta
651 2461 691 2512 bid
704 2469 857 2529 veteresque
871 2462 929 2514 edet.
942 2461 1038 2514 Erusm.
1053 2471 1079 2514 ct
1092 2461 1165 2513 Grau.

147 2555 249 2608 Multum
269 2553 310 2604 hic
328 2551 469 2620 prophetae
488 2548 559 2600 iocos
578 2551 659 2602 variat
679 2549 744 2615 apud
763 2550 848 2600 varios
867 2557 1000 2616 auctores,
1020 2552 1061 2618 qui
1081 2551 1114 2601 be
1134 2563 1165 2600 eo

147 2645 300 2720 mentiouem
319 2638 423 2692 iaciunt.
455 2637 508 2688 Vid.
524 2641 654 2692 Sabaticr.
691 2636 718 2698 6)
739 2636 774 2687 ita
790 2636 819 2686 W
838 2645 865 2688 et
883 2637 931 2689 iba.
962 2636 1034 2705 Vulg.
1054 2646 1078 2690 et
1096 2655 1165 2706 oau-

148 2734 218 2784 tate
255 2727 335 2778 Abest
353 2729 393 2774 καὶ
419 2725 666 2776 aristomenem·
703 2723 751 2775 Pro
770 2728 888 2778 satuturt
905 2724 964 2776 Ver.
984 2723 1087 2776 exhibet
1104 2727 1166 2777 eot-

148 2825 240 2870 uatore
259 2815 305 2875 (τῷ
324 2812 428 2875 σωτῆρι).
465 2809 504 2860 Ci·
524 2814 654 2863 Sataaer.
692 2811 719 2867 7)
740 2811 784 2864 oi
799 2813 928 2862 bominem
946 2819 970 2862 at
988 2812 1028 2862 tet
1047 2812 1167 2862 culturos

148 2895 359 2960 subvetustum,
378 2899 505 2950 cultorem
519 2897 621 2948 Christi
640 2893 675 2944 ua
695 2901 721 2943 et
740 2893 780 2944 ed.
795 2892 870 2954 Dum,
889 2895 949 2943 item
961 2895 987 2944 iu
1001 2909 1079 2959 marg.
1094 2893 1168 2944 Grai.

150 2986 207 3038 uox
225 2987 307 3038 buius
324 2984 416 3036 munta·
429 2979 478 3032 tto.
515 2980 545 3042 8)
564 2982 635 3032 utica
647 2978 695 3042 tte,
714 2981 844 3044 occipiunt
857 2976 890 3041 Α,
908 2977 974 3028 idem
987 2977 1052 3028 iiber
1065 2988 1170 3031 arescat

149 3087 195 3139 pce
222 3080 341 3132 mercat,
367 3070 392 3118 iu
419 3063 530 3118 clausula
555 3073 672 3130 eupsetet
692 3063 731 3114 W.
753 3063 819 3115 otho.
844 3061 906 3114 uno.
930 3064 966 3128 A,
993 3072 1098 3128 metat
1121 3063 1167 3112 Me.

150 3160 178 3222 9)
197 3160 331 3214 Eoeuttcot
344 3154 374 3204 W
394 3162 420 3208 et
433 3152 515 3216 biacd,
534 3155 636 3206 emuttot
654 3167 667 3200 a
686 3167 718 3202 m.
738 3167 786 3219 pc,
807 3166 820 3201 a
839 3166 891 3202 uec.
911 3152 1014 3204 exultet
1026 3147 1074 3200 bib.
1108 3147 1168 3200 Tum

150 3257 280 3336 tactu”tur
302 3293 317 3329 c
336 3293 401 3330 eom.
421 3293 442 3328 r.
461 3292 493 3327 m.
513 3276 581 3326 idam
601 3275 678 3340 tiber,
706 3279 817 3330 tutentur
836 3273 864 3326 A.
903 3273 968 3324 Deio
991 3247 1101 3343 youta⁸t
1119 3269 1167 3322 Mb.

150 3369 199 3420 Pro
219 3370 265 3422 deo
284 3363 305 3416 Α
324 3367 437 3420 domino.
467 3362 584 3414 Proxime
600 3371 676 3432 utque
690 3361 721 3413 ab
738 3359 830 3413 eodem
846 3359 933 3422 abest3
953 3363 1120 3413 toleranter.
1136 3373 1168 3408 m.
1259 3351 1269 3374 ¹

150 3459 292 3504 correctum
313 3467 327 3502 a
346 3453 439 3504 tolerat
457 3451 482 3499 in
497 3447 548 3512 bib,
566 3451 700 3501 tutoruurio
718 3462 764 3514 pra
784 3450 896 3500 tulerunt
914 3449 975 3499 dum
993 3443 1070 3494 habet
1089 3442 1125 3494 Bb
1145 3451 1171 3492 et

151 3556 210 3592 suut
228 3551 274 3605 pro
293 3541 354 3591 dum
371 3534 402 3585 A.
440 3533 527 3585 Statim
542 3537 608 3587 boma
621 3532 659 3583 W.
675 3531 772 3584 biabcd.
788 3530 821 3582 Bu
836 3530 894 3582 οιΑ
908 3537 1061 3596 veteresque
1074 3528 1132 3580 edd.
1147 3543 1169 3580 c.

150 3623 247 3676 Erasm.
260 3622 335 3675 Grau.
349 3622 409 3674 bier.
425 3630 451 3672 et
463 3620 554 3682 Oxum,
574 3623 650 3685 dono,
670 3619 737 3688 quod
757 3625 907 3685 receperunt
924 3601 1057 3680 Manutius,
1076 3614 1169 3666 Pome-

150 3713 209 3776 iius,
223 3709 346 3779 Rigeitius
360 3717 386 3760 c't
396 3708 522 3772 Betucius,
535 3707 604 3759 sotus
617 3709 732 3776 agnoseit
742 3705 787 3758 Bb.
818 3709 922 3759 Futura
933 3705 958 3755 ia
969 3702 1008 3753 bib
1022 3720 1041 3754 r.
1053 3717 1083 3752 m.
1096 3715 1169 3766 supra

151 3797 257 3862 adbibit,
275 3802 385 3868 fortuna
402 3798 488 3864 inepte
507 3795 584 3848 habet
596 3794 625 3846 A.
663 3793 725 3846 Tum
744 3801 882 3863 expectant
900 3792 950 3859 (pr.
970 3788 1100 3860 expectet)
1121 3787 1169 3840 Mb.

151 3885 198 3952 1⁰)
218 3889 263 3955 qut
280 3901 298 3937 r.
316 3901 348 3936 m.
369 3899 443 3952 supra
464 3883 558 3936 adiecit
574 3885 598 3934 iu
611 3881 660 3934 bid.
693 3881 750 3932 biox
763 3883 846 3934 creati
857 3878 888 3929 W
902 3887 928 3930 et
941 3878 990 3942 bis,
1010 3875 1103 3927 deinde
1115 3877 1172 3928 uati

150 3970 197 4023 bb.
234 3971 312 4023 Paulo
327 3979 386 4040 pest
400 3987 459 4026 cum
471 3972 496 4022 ia
510 3969 542 4020 W
554 3985 574 4021 r.
590 3985 621 4020 m.
635 3969 701 4020 iuter
712 3966 794 4020 tineos
807 3965 943 4035 supplevit.
974 3962 1022 4014 Pro
1036 3964 1170 4030 cupiemus
