2882 4692
772 365 816 432 20

288 549 402 632 turpior
425 547 577 612 iudicatur.
615 542 771 622 Spectatur
789 538 826 618 Ι1)
851 543 908 623 hic,
931 543 1102 624 pronefas,
1123 545 1303 614 etlibenter.

286 658 363 732 Quid
398 676 457 720 non
491 647 642 737 possit¹³)
675 653 805 716 suadere
839 655 888 736 qui
922 655 989 718 telis
1024 658 1098 719 est?
1144 659 1244 722 blovet
1264 657 1302 734 ¹⁴)

245 789 251 796 ·
286 788 403 850 sensus,
427 769 532 832 ruulcet
554 761 690 842 affectus,
714 771 867 847 expugnat
890 764 959 829 boni
982 769 1114 847 pectoris
1137 773 1301 835 conscien-

285 885 353 946 tiam
376 883 540 956 fortiorem,
565 893 620 940 nec
644 875 730 940 deest
752 879 854 958 probri
877 878 1053 944 blandientis
1075 884 1245 960 auctoritas,
1268 893 1301 948 nt

284 996 384 1060 ruditu
414 991 548 1055 molliore
578 989 726 1070 pernicies
757 991 922 1055 bominibus
945 995 1079 1075 obrepat.
1124 995 1300 1076 Exprimunt

283 1106 447 1188 inpudicam
471 1103 638 1181 Venerem,
670 1101 833 1166 eduliorum
857 1104 980 1170 Martem
1002 1104 1057 1184 ¹⁵),
1089 1107 1190 1171 lovem
1218 1108 1298 1172 illurn

282 1237 376 1297 suum,
399 1235 458 1280 non
475 1218 570 1299 magis
591 1235 698 1298 reguo,
721 1235 808 1298 quarn
825 1218 903 1282 vitiis
918 1221 1091 1301 principem,
1115 1222 1142 1282 in
1159 1227 1298 1286 terrenos

281 1347 398 1396 amores
421 1346 487 1392 curn
511 1329 582 1410 ipsis
606 1328 668 1392 suis
692 1326 861 1398 fulminibus
885 1328 1048 1410 ardentem,
1072 1349 1151 1396 nunc
1174 1335 1203 1396 in
1224 1335 1296 1416 plu-

281 1462 342 1510 mas
372 1442 465 1508 oloris
496 1441 668 1518 albescere,
701 1458 779 1520 rruuc
802 1459 896 1504 aureo
919 1443 1012 1506 imbre
1036 1443 1191 1524 defluere,
1217 1465 1297 1512 nunc

279 1562 308 1622 in
332 1575 493 1640 puerorum
515 1555 739 1639 pubescendum
762 1563 863 1637 raptus
888 1558 1028 1622 ministris
1058 1559 1163 1622 avibus
1192 1562 1295 1642 prosi-

278 1673 342 1736 lire.
381 1671 499 1744 Quaere
523 1668 578 1732 iam
602 1685 682 1730 nunc
703 1683 740 1726 an
764 1667 859 1746 possit
878 1665 917 1742 16)
941 1685 1011 1732 esse
1035 1670 1085 1752 qui
1107 1676 1223 1750 spectat
1242 1671 1294 1734 in-

279 1789 363 1865 teger
386 1781 433 1844 vel
456 1779 589 1862 pudicus.
643 1778 724 1839 Deos
754 1793 844 1855 suos,
878 1795 955 1859 quos
985 1787 1161 1861 veneratur,
1195 1784 1294 1848 imita-

278 1904 325 1958 tur
346 1888 383 1971 17)
391 1916 399 1970 ;
423 1893 495 1958 liunt
519 1893 635 1957 miseris
660 1896 689 1954 et
713 1890 855 1973 religiose
880 1891 996 1956 delicta.

747 2089 824 2159 rur
842 2179 843 2183 p

364 2237 438 2298 Osi
461 2241 492 2328 et
512 2231 534 2309 ¹)
558 2231 658 2313 possis
681 2231 709 2292 in
738 2232 787 2292 illa
808 2221 934 2294 'sublimi
966 2234 1086 2314 specula
1118 2235 1295 2298 <constitutus
1388 2229 1390 2236 ’

278 2371 485 2382 ...μ-...φ--ι-

346 2434 393 2498 12)
418 2435 574 2499 Spectetur,
602 2439 688 2498 utpote
712 2433 846 2495 omissum,
873 2448 886 2482 a
909 2447 941 2484 nr.
961 2448 1013 2483 rec.
1033 2435 1058 2484 in
1078 2449 1127 2502 mg.
1148 2437 1224 2487 babet
1243 2436 1293 2502 llo,

275 2531 430 2588 expectatur
454 2517 514 2568 dant
532 2517 567 2568 Bb
587 2527 613 2568 et
631 2519 652 2568 Α
671 2521 859 2586 permutatione
878 2519 1088 2586 frequentissima.
1130 2521 1184 2572 Vid.
1205 2525 1294 2576 adnot.

275 2607 305 2658 ad
327 2604 443 2656 Ambros.
469 2605 501 2654 de
526 2605 568 2656 oli.
589 2603 606 2656 l.
628 2606 650 2656 1.
676 2608 699 2671 §.
718 2607 744 2658 1.
781 2604 845 2655 Dein
870 2608 979 2658 libenter·
1002 2607 1147 2660 admittitur
1171 2609 1295 2662 exhibent

275 2694 331 2744 edd.
352 2701 412 2745 vett.
432 2708 453 2742 c.
473 2691 569 2744 Erorm.
592 2703 617 2744 et
636 2693 709 2744 Grau.
756 2694 800 2752 13)
825 2701 910 2759 potent
935 2689 972 2739 bb
999 2699 1025 2740 et
1050 2691 1109 2741 edd.
1135 2695 1293 2760 antiquiores

275 2783 386 2848 itemque
399 2777 496 2830 Eranam.
510 2789 540 2830 et
550 2780 645 2831 blorell.
677 2779 725 2830 Pro
743 2783 788 2846 qni
800 2775 839 2827 lllb
853 2792 890 2841 pr.
907 2775 1017 2826 babebat
1031 2780 1102 2844 puin.
1142 2779 1188 2844 lt)
1206 2783 1293 2835 Monet

275 2885 304 2935 Α.
343 2883 411 2934 ldenr
429 2859 555 2968 {pfectum
583 2883 613 2934 W
639 2892 664 2934 et
682 2882 723 2932 llb
749 2885 877 2947 adfectare.
915 2877 1030 2931 Proxime
1056 2885 1219 2934 conscientia
1246 2882 1290 2954 lin.

274 2973 361 3038 sr'nun
380 2991 471 3042 darm
490 2987 536 3038 Bu.
570 2987 635 3037 -lnm
653 2988 731 3054 prodi
752 2983 804 3049 pari
825 2998 927 3048 errore,
954 2991 1090 3050 utsupra,
1117 2984 1154 3046 A,
1181 2989 1291 3053 prata-in

274 3073 322 3124 nn
361 3075 425 3126 oen
451 3078 641 3129 tartaronum
661 3072 702 3122 ua.
740 3069 797 3120 lter
822 3087 868 3138 pro
895 3081 924 3124 nr
949 3075 1041 3125 aaron
1061 3071 1082 3121 n
1106 3090 1142 3126 ee
1161 3055 1290 3128 'cretaeae

276 3163 320 3232 15)
340 3163 416 3215 Voce.
437 3167 585 3216 adulterum
599 3161 714 3211 Martem
733 3174 781 3208 ortt.
802 3157 860 3210 edd}
880 3160 1042 3227 antiquiores.
1075 3157 1190 3210 Proxime
1203 3163 1289 3228 meyde

272 3269 323 3304 recu
343 3250 431 3302 scribit
446 3249 493 3299 lid.
526 3249 591 3297 Ante
611 3263 690 3312 reputo
710 3254 860 3311 expunctum
881 3255 919 3296 eat
937 3249 994 3299 idco
1014 3247 1038 3296 in
1053 3245 1098 3296 blc.
1135 3245 1191 3296 Mox
1210 3261 1288 3314 prac-

272 3339 423 3405 positicnern
444 3341 470 3389 in
490 3350 538 3385 om.
554 3334 583 3382 A.
619 3330 735 3382 Proxime
754 3337 914 3400 futanirtiboc
933 3337 994 3386 auia
1014 3321 1142 3384 exhibent
1154 3331 1211 3383 edd.
1226 3340 1288 3382 vett.

271 3441 293 3474 c.
307 3423 404 3475 Ereem.
441 3422 502 3472 Tum
523 3420 609 3472 erdod
624 3419 687 3484 (sie)
707 3420 736 3470 Α.
775 3419 832 3472 ilox
849 3424 994 3490 flavescere
1012 3435 1057 3486 pro
1077 3423 1210 3473 nitescere
1228 3416 1286 3468 edd.

271 3510 395 3562 Gratiana
413 3509 577 3576 antiquiores.
615 3506 680 3557 Ante
699 3525 844 3576 puerorum
863 3520 980 3573 praepos.
1000 3511 1028 3558 in
1047 3521 1095 3557 om.
1120 3507 1149 3555 Α.
1189 3503 1288 3556 Deinde

270 3609 374 3668 raptum
394 3595 470 3650 babet
490 3593 533 3646 Bb.
580 3593 623 3662 16)
640 3605 731 3664 poseat
749 3598 778 3648 tt.
823 3595 863 3656 17)
883 3593 917 3646 lte
938 3593 968 3644 W
988 3602 1013 3644 et
1033 3593 1095 3658 blac,
1117 3600 1287 3654 veementer,

269 3691 408 3740 incitantur
426 3680 496 3749 vulg.
529 3681 616 3733 Statim
635 3692 658 3735 et
673 3685 768 3736 delicto
784 3685 912 3750 redipicea
929 3681 1022 3734 habent
1043 3680 1100 3732 edd.
1120 3687 1179 3730 ante
1193 3677 1286 3728 Manet.

269 3788 366 3825 omnes.

341 3856 402 3910 vtlt.
425 3849 468 3924 ’1)
488 3868 511 3912 ct
530 3873 580 3908 cm.
601 3857 642 3911 llb
662 3866 688 3909 ct
706 3864 826 3925 quattuor
844 3855 899 3906 libri
919 3871 933 3908 a
953 3852 1064 3906 Pamello
1080 3854 1216 3919 inspecti,
1244 3852 1287 3918 qui

269 3949 366 3999 idcirco
391 3946 539 4014 perticulam
564 3945 631 3998 illam
656 3953 683 3996 ut
708 3942 858 4011 superfluam
885 3941 982 3994 delevit
1004 3956 1112 4008 eumque
1130 3940 1211 3991 secuti
1228 3946 1288 4005 sunt
