2868 4700
709 449 751 518 21

228 611 321 695 plere.
366 609 446 674 llaec
475 608 579 672 estin
610 609 738 673 ecclesia
764 606 918 674 noscenda
948 610 1133 693 simplicitas,
1163 611 1238 676 baec

227 727 335 789 caritas
372 721 549 804 obtinenda,
582 729 614 787 ut
635 718 662 801 6)
702 722 853 788 columbas
892 723 1010 788 dilectio
1048 724 1237 791 fraternitatis

226 840 370 918 imitetur,
403 844 435 902 ut
464 837 658 902 mansuetudo
689 843 719 900 et
748 837 853 902 lenitas
883 839 968 922 agnis
998 846 1029 902 et
1051 841 1158 904 ovibus
1181 861 1238 904 ae-

227 962 342 1037 quatur.
388 951 464 1029 Ouid
486 952 555 1015 facit
577 952 606 1014 in
628 959 751 1034 pectore
774 952 941 1017 Christiano
963 953 1101 1036 luporum
1125 954 1238 1035 feritas,

198 1075 258 1132 aet
272 1086 377 1132 canum
391 1067 500 1148 rabies,
523 1072 553 1130 et
567 1084 714 1130 venenum
728 1067 817 1130 letale
832 1072 1003 1148 serpentum
1015 1061 1045 1150 7)
1069 1075 1099 1130 et
1115 1075 1238 1132 cruenta

226 1182 349 1246 saevitia
363 1180 552 1244 bestiarum?
585 1178 794 1244 Gratulandum
803 1175 836 1265 ⁸)
853 1188 908 1261 est,
932 1200 998 1244 cum
1021 1183 1094 1246 tales
1120 1181 1158 1244 de
1181 1201 1237 1245 ec-

226 1295 316 1357 clesia
347 1299 538 1377 separantur,
566 1305 614 1356 ne·
635 1292 803 1372 columbas,
833 1309 873 1354 ne
905 1311 979 1356 oves
1010 1293 1117 1356 Christi
1146 1311 1238 1357 saeva

225 1425 280 1472 sua
295 1401 328 1492 9)
351 1413 381 1470 et
402 1411 547 1471 venenata
569 1406 750 1488 contagione
776 1404 963 1488 praedentur.
1008 1407 1179 1470 Cohaerere
1199 1403 1237 1486 ¹⁰)

227 1528 258 1586 et
280 1520 419 1605 coniungi
441 1537 502 1584 non
524 1525 623 1600 potest
649 1519 811 1583 amaritudo
844 1537 909 1582 cum
937 1517 1107 1599 dulcedine,
1140 1520 1237 1603 caligo

186 1657 214 1701 ro
226 1653 295 1708 cum
309 1633 427 1713 lumine,
449 1631 550 1714 pluvia
572 1649 638 1694 cum
660 1633 831 1712 serenitate,
852 1649 953 1715 pugna
976 1652 1041 1696 cum
1063 1651 1147 1716 pace,
1171 1652 1238 1697 cum

96 1723 99 1728 Δ
226 1747 409 1838 ἰιεοιιηάἰιιηθΙ
441 1747 595 1846 sterilitas,
628 1763 694 1826 oum
728 1745 858 1810 lontibus
888 1748 1021 1827 siccitas,
1057 1766 1122 1811 cum
1152 1754 1237 1811 tran-

226 1863 564 1945 quillitatctempestas.
608 1861 703 1924 Nemo
735 1863 882 1926 existimet
910 1863 1008 1926 bonos
1042 1862 1080 1925 de
1110 1863 1237 1926 ecclesia

225 1993 318 2060 posse
341 1976 496 2040 discedere
509 1973 555 2055 ¹¹).
602 1963 740 2040 Triticum
771 1995 831 2039 non
853 1977 929 2058 rapit
950 1983 1074 2056 ventus,
1105 1995 1163 2038 neo
1184 1995 1237 2039 ar·-

225 2093 330 2156 borem
342 2089 379 2169 ¹²)
403 2090 498 2155 solida
519 2090 627 2186 radice·
635 2089 783 2153 fundatam
798 2091 930 2172 procella
945 2091 1098 2154 subvertit.
1131 2091 1237 2154 lnanes

187 2224 213 2268 aa
226 2202 377 2290 palcae¹³)
393 2211 574 2286 ‘tempestate
596 2205 756 2284 iactantur,
788 2203 934 2268 invalidae
957 2205 1082 2268 arbores
1115 2205 1238 2267 turbinis

225 2319 398 2382 incursione
426 2323 590 2380 vertuntur.
633 2317 695 2380 llos
725 2322 900 2380 exsecratur
917 2311 958 2392 ¹⁴]
988 2323 1018 2380 et
1040 2319 1166 2400 percutit
1187 2313 1244 2380 lo-'

226 2450 319 2498 annes
341 2431 494 2515 apostolus
517 2433 638 2496 dicens:
667 2432 719 2495 Ec
741 2431 831 2495 nobis
845 2427 882 2510 15)
904 2434 1063 2511 eximant,
1094 2434 1150 2498 aad
1176 2451 1238 2498 aon

222 2551 350 2634 sumunt
364 2568 405 2612 oc
420 2548 525 2624 nobia,·
547 2549 575 2612 ai
591 2548 669 2612 enim
681 2549 815 2628 fuissent
829 2566 869 2610 ec
883 2546 982 2626 nobis,
1006 2550 1191 2614 mansissent
1200 2544 1238 2626 16)

224 2663 389 2728 nobiscum.

224 2853 432 2864 ..n—...u—

297 2961 326 3028 b)
339 2970 363 3016 at
374 2957 421 3012 Bb.
446 2957 688 3012 Dainootumtab.
723 2958 753 3026 ’1)
764 2947 928 3029 serpentium
940 2959 983 3013 Ba.
996 2959 1046 3012 Md.
1059 2961 1089 3012 Α.
1125 2959 1154 3028 8)
1171 2963 1238 3014 Gri-

222 3051 398 3128 tadaboadum
416 3046 478 3116 (sic)
497 3047 527 3100 Α.
563 3045 633 3098 idem
657 3050 779 3117 quoniam
798 3063 845 3115 pro
868 3065 936 3113 cum,
956 3056 984 3099 ut
1001 3048 1103 3114 passim.
1140 3048 1168 3115 9)
1186 3066 1239 3103 aud

226 3153 278 3190 om.
295 3135 337 3188 blb
357 3143 383 3186 et
399 3134 448 3186 Bb.
486 3133 531 3202 10)
551 3136 695 3188 &obserari
711 3134 756 3188 Ba.
795 3135 841 3204 11)
859 3139 961 3192 discere
978 3153 1015 3205 pr.
1034 3133 1081 3188 Β).
1124 3136 1169 3204 12)
1187 3156 1237 3191 ar.

226 3230 288 3282 bore
305 3222 349 3276 Ba.
397 3222 442 3291 13)
460 3226 541 3276 lnaac
559 3239 590 3275 ac
607 3221 693 3272 mutila
711 3219 758 3274 Bb.
794 3221 854 3272 Tum
873 3232 949 3276 amato
967 3233 992 3276 at
1010 3233 1156 3294 tempestate
1172 3243 1237 3279 vcr-

224 3323 322 3368 eantaa·
348 3311 394 3364 lla.
435 3310 563 3378 Deinceps
589 3320 613 3363 ct
637 3313 768 3364 inomtdoc
791 3309 851 3361 Ver.
876 3307 923 3362 Β).
947 3309 977 3362 Α.
1014 3310 1062 3363 Pro
1087 3323 1240 3367 commotos·

225 3409 358 3469 receptum
381 3407 521 3454 amiantus·
546 3413 561 3449 e
586 3397 660 3450 codd.
687 3397 727 3450 W.
753 3396 833 3450 llabc.
858 3395 920 3451 Bab.
945 3398 976 3451 Α.
1000 3399 1058 3454 Vid.
1084 3401 1116 3454 ad
1140 3397 1200 3468 Cap.
1219 3399 1237 3452 l.

225 3505 251 3542 rr.
271 3487 312 3540 26.
354 3487 400 3557 11)
424 3496 563 3542 execrator
585 3495 608 3539 et
631 3489 739 3556 pertulit
761 3485 792 3551 A,
817 3495 841 3540 ct
862 3491 978 3557 percutit
999 3504 1047 3540 om.
1067 3488 1116 3540 lib.
1152 3487 1238 3538 Statim

225 3579 352 3632 lobmaaa'a
384 3575 436 3640 Ba,
470 3577 606 3643 apostolus
641 3576 771 3628 lebannes
800 3572 850 3627 lib.
896 3573 950 3628 illd.
980 3575 1004 3628 1.
1023 3575 1110 3626 loann.
1135 3573 1167 3637 2,
1197 3573 1237 3626 19.

227 3663 274 3731 15)
291 3667 368 3719 cotia
386 3671 412 3716 ct
429 3663 471 3714 bic
489 3671 515 3714 et
536 3663 571 3724 in,
586 3677 657 3732 seqq.
675 3661 706 3714 A.
743 3661 789 3730 16)
807 3667 972 3719 mansissent
994 3665 1083 3731 utique
1101 3659 1154 3726 Ba,
1178 3662 1238 3714 item

228 3749 302 3804 Grau.
320 3749 412 3803 Pamal.
431 3749 486 3819 itig.
507 3748 587 3803 Onon.
607 3747 692 3802 Baius.
713 3748 817 3816 Goldb.,
841 3754 981 3808 noliacum
1004 3753 1093 3818 utiquc
1115 3753 1237 3802 manate-

225 3847 287 3893 ειη)
306 3837 354 3891 lib.
386 3835 437 3890 Sea
455 3843 552 3908 utique,
572 3838 639 3908 quod
658 3839 846 3906 interpolatoris
865 3855 963 3890 manum
981 3839 1046 3903 sapit
1065 3836 1153 3899 (babet
1172 3839 1238 3888 enim

227 3922 338 3978 Graecus
357 3933 441 3978 textus
458 3925 629 3990 μεμενήκεισαν
646 3924 677 3974 dv
694 3922 752 3989 μεθ’
769 3923 848 3993 ἡμῶν)
868 3933 938 3978 recta
957 3940 1005 3976 om.
1018 3924 1091 3976 codd.
1104 3925 1143 3976 W.
1157 3924 1238 3978 lilacd.

226 4011 273 4064 Β).
286 4012 323 4078 lt,
343 4012 491 4084 quibuscum
509 4011 604 4065 iaciunt
621 4013 679 4068 odd.
697 4021 759 4066 uolt.
779 4029 801 4066 c.
819 4011 917 4064 Erasm.
935 4010 1028 4061 Manat.
1046 4018 1121 4080 atquc
1141 4007 1237 4063 Morell.
