2834 4686
746 395 812 462 wll

269 557 344 622 lline
361 551 401 632 ¹⁰)
422 555 605 632 rsoaleitrat,
636 551 705 616 bine
736 550 862 616 rebellat
891 550 930 614 als
958 550 1029 617 selo
1051 552 1220 635 superbus,
1252 552 1289 619 de

269 670 467 734 sernuiutione
489 679 661 750 perversus,
683 663 870 730 anhontste
893 667 923 726 et
944 661 1042 728 liuore
1065 678 1127 729 non
1150 663 1288 742 bominis,

268 784 324 848 sod
347 782 471 848 bonor'u
493 778 640 844 nunnus.

758 973 806 1046 Vi.

358 1117 459 1199 omlis
481 1139 557 1186 uero
581 1125 628 1184 est
649 1119 765 1182 animae
788 1117 886 1197 tinea,
920 1135 999 1200 quse
1020 1116 1045 1196 Ι)
1075 1118 1289 1202 cogitationum

271 1238 365 1316 tabes,
386 1235 519 1320 postoris
542 1242 651 1315 quanta
675 1233 783 1315 robigo
806 1231 907 1294 zelare
929 1232 960 1296 in
974 1231 1070 1296 altero
1085 1231 1135 1296 vel
1152 1233 1289 1296 virtulem

272 1352 337 1414 eius
360 1349 408 1412 vel
431 1347 612 1424 lelieitatam,
634 1343 664 1406 id
687 1349 733 1406 est
755 1343 857 1406 odisse
880 1343 910 1406 in
930 1359 969 1409 eo
984 1343 1033 1407 vel
1049 1343 1152 1409 merita
1169 1344 1289 1425 propria

271 1462 321 1525 uel
340 1457 485 1524 beneliois
502 1455 611 1532 divina,
633 1454 664 1518 in
687 1454 793 1518 melsun
815 1454 967 1537 proprium
991 1454 1068 1518 bona
1092 1455 1189 1521 alieno
1213 1473 1290 1522 oon-

272 1581 408 1652 vertere‚
431 1569 598 1634 inlustrium
620 1566 820 1649 prosperitate
843 1566 992 1645 torqueri,
1017 1565 1141 1630 aliorum
1163 1566 1289 1651 glorian

273 1685 373 1750 isaere
395 1700 478 1746 suan
501 1697 644 1763 paenam,
674 1677 757 1742 uelut
771 1675 799 1755 ²)
829 1676 972 1759 quosdam
1000 1681 1116 1760 psotori
1146 1696 1203 1744 suo
1229 1679 1289 1750 aq.

271 1815 395 1863 movere
417 1793 584 1872 carnifices,
607 1791 838 1876 cogitationibus
861 1797 891 1855 et
913 1793 1052 1856 sensibus
1068 1793 1131 1858 suis
1146 1792 1291 1864 adbibere

273 1917 419 1989 tortores,
441 1909 493 1990 qui
517 1923 551 1970 se
565 1905 720 1970 intestinis
743 1903 921 1968 erueiatibus
942 1904 1094 1985 lacerem,
1116 1907 1167 1988 qui
1191 1907 1290 1972 cordis

273 2031 391 2090 seereta
413 2000 631 2087 malivolentiae
655 2020 773 2104 ungulis
795 2018 931 2101 pulsent!
975 2019 1043 2084 Non
1066 2022 1164 2088 eibos
1182 2022 1290 2088 talibus

272 2141 386 2218 laetus,
417 2155 477 2203 non
500 2142 711 2219 potus-potest
728 2133 755 2208 ³)
780 2152 850 2198 essa
871 2134 1028 2201 ineundus.
1073 2136 1247 2218 suspiratur
1263 2133 1291 2213 ⁴)

273 2270 393 2335 semper
423 2258 454 2314 et
484 2249 698 2334 ingemeseilur
728 2251 758 2308 et
788 2244 924 2325 doletur,
958 2245 1086 2328 dumque
1115 2246 1153 2311 ab
1182 2245 1290 2312 inuidis

344 2467 388 2531 10)
409 2468 479 2522 Haris
498 2471 605 2532 utroque
625 2461 684 2514 loeo
703 2459 780 2514 babes
796 2459 828 2514 Α.

342 2570 382 2620 vi.
420 2569 448 2635 l)
469 2569 568 2620 vitiose
587 2570 690 2622 minsa
706 2569 815 2636 iniquas
831 2565 873 2618 Hb
892 2574 918 2620 et
937 2566 975 2631 Α,
1001 2569 1068 2622 sima
1086 2565 1129 2618 lla.
1165 2569 1288 2622 Psetors's

272 2693 297 2742 in
325 2687 364 2740 nib
390 2693 531 2738 correctum
556 2694 595 2736 ost
620 2699 634 2736 o
657 2689 815 2756 perosioris.
852 2683 921 2738 idam
946 2686 1013 2738 liber
1036 2686 1114 2738 habet
1138 2659 1173 2694 η’
1197 2691 1288 2760 rolipo

271 2787 363 2815 asans·
380 2815 471 2866 “lm
496 2815 582 2877 (mm
601 2821 641 2866 „p
666 2819 692 2862 ei
716 2813 821 2866 anim
845 2811 878 2862 ab
898 2827 918 2862 r.
939 2824 972 2862 m.
991 2827 1068 2880 anprs
1087 2811 1222 2876 adiectis),
1250 2809 1288 2861 ⁵¹⁰

271 2894 361 2988 reliqu
381 2932 412 2968 ex
431 2925 518 2970 matut.
536 2933 556 2968 r.
576 2933 620 2982 m,
643 2920 733 2988 rolipo
752 2918 828 2970 stiam
849 2915 892 2970 sa.
929 2915 1039 2970 Proetuli
1057 2918 1122 2970 bano
1139 2917 1289 2984 scripturum

272 3004 392 3072 vulgales
416 3007 510 3075 neiipo
535 3020 592 3056 oum
621 3007 749 3076 Wspnsro
773 3005 806 3056 sd
828 3004 961 3073 Virgilium
987 3013 1014 3057 st
1037 3007 1144 3074 suopte
1167 3004 1200 3056 sd
1225 3003 1289 3056 Plio.

272 3099 354 3143 natur.
379 3090 436 3142 bist.
472 3095 571 3145 miore
596 3099 764 3159 permutatum
791 3093 817 3144 in
841 3095 863 3143 Δ
889 3107 946 3142 eum
973 3094 1068 3146 estare.
1108 3089 1171 3144 Tum
1196 3095 1226 3146 is
1250 3100 1290 3146 sst

271 3178 339 3230 idern
358 3175 422 3228 libor
440 3191 490 3230 om.
526 3177 603 3229 Voce.
622 3182 732 3248 poprie
749 3182 791 3233 sat
808 3182 931 3248 δωρεὴ
950 3178 1044 3232 ibidem
1056 3177 1095 3230 bis
1108 3186 1165 3232 sunt
1178 3187 1289 3232 exsrsta.

271 3264 301 3328 2)
319 3273 343 3317 st
360 3267 431 3318 estut
457 3263 576 3316 exhibent
596 3265 653 3318 eod.
673 3267 696 3319 Α
714 3275 743 3318 et
759 3265 817 3318 edd.
837 3265 931 3318 lisnut.
950 3265 1132 3318 snteeedoutos
1150 3281 1173 3318 o.
1193 3263 1290 3317 bioroli.

272 3347 357 3402 Baius.
375 3348 469 3402 noan.
488 3358 565 3419 atque
582 3351 672 3404 uolui.
711 3351 763 3404 Sed
781 3351 905 3420 copulam,
924 3366 999 3421 quam
1018 3353 1044 3404 in
1057 3351 1096 3404 lto
1114 3367 1134 3403 r.
1147 3367 1181 3403 ιιι.
1194 3365 1289 3419 super·

271 3437 387 3503 scripsit,
413 3436 470 3488 rell.
488 3435 545 3488 libri
561 3445 619 3502 ,lam
643 3452 719 3489 manu
738 3439 850 3502 euirati,
876 3453 952 3507 qaam
975 3439 1042 3505 typis
1066 3440 1182 3506 expressi
1206 3438 1290 3504 sptium

272 3524 396 3576 omittunt.
432 3523 498 3577 blole
518 3528 653 3580 amoveri
671 3525 718 3578 its.
755 3525 813 3578 bles
836 3529 898 3582 suis
923 3541 973 3578 om.
993 3527 1024 3578 A.
1061 3525 1091 3594 3)
1108 3535 1194 3593 pstsst
1210 3535 1290 3594 potus

272 3609 316 3662 ns.
351 3611 413 3663 Tum
437 3615 570 3666 soresmos
589 3611 629 3664 W.
649 3611 711 3664 Bab.
732 3611 795 3664 bled.
815 3613 853 3678 Α,
881 3629 913 3665 ox
936 3621 1024 3666 mutat.
1047 3629 1068 3664 r.
1093 3627 1126 3664 m.
1146 3611 1205 3676 bib,
1231 3613 1290 3664 ilem

271 3696 330 3750 edri.
349 3697 413 3750 llas.
435 3697 517 3750 Κιιιιιι.
542 3705 569 3748 et
593 3697 690 3751 bloroll.
735 3701 764 3762 4)
788 3703 945 3771 inspiratur
962 3698 996 3754 Α.
1030 3699 1080 3752 i’ro
1103 3702 1291 3771 inpulsatur

151 3808 155 3812 ·
272 3785 398 3854 (possmus
415 3783 512 3836 habent
528 3783 587 3838 ectu.
600 3783 744 3840 bisontinus
763 3788 930 3856 antiquiores)
950 3805 966 3842 o
983 3787 1059 3840 eolo.
1073 3787 1113 3839 W.
1134 3786 1190 3841 isan
1211 3794 1238 3838 et
1254 3781 1291 3840 o·

271 3873 358 3939 recepi
388 3874 575 3941 iapemsseisua·
603 3872 763 3942 eandemque
793 3874 899 3928 iormsor
931 3877 994 3942 (vlu.
1026 3877 1147 3946 Wapsae.
1177 3872 1291 3940 omboqr.

271 3956 366 4026 Vergil.
386 3975 412 4025 p.
425 3959 487 4011 476.
505 3974 529 4011 ι.
548 3961 689 4023 trssnuoo)
715 3976 747 4012 ex
771 3963 950 4030 antiquissimis
974 3963 1126 4031 optimisque
1151 3960 1227 4012 libris
1245 3974 1291 4012 re·
