2868 4700
613 368 656 436 tr

118 531 332 612 maculaverit,
363 531 389 595 si
420 529 577 594 ecclesiam
610 528 740 610 denique
770 529 881 610 ipsam,
911 526 961 591 ubi
985 523 1144 591 confessor

121 647 217 711 lactus
250 653 315 725 est,
348 646 559 727 derelinquens
584 651 613 706 et
636 645 755 706 unitatis
777 641 970 706 concordiam
993 641 1142 720 scindens,

122 760 210 824 iidem
242 761 368 840 primam
397 754 526 841 perfidia
548 760 718 840 posteriore
748 758 908 820 mutaverit
925 753 983 833 ¹⁵),
1017 753 1143 817 blandiri

122 873 178 936 sibi
201 890 257 954 per
281 871 504 934 confessionem
524 889 584 934 non
600 877 710 952 potest,
733 871 817 951 quasi
842 869 956 932 electus
974 866 1010 930 ad
1028 866 1144 950 gloriae

98 987 316 1067 cornemium,¹
336 983 455 1066 quaudo
486 1003 526 1046 ex
553 984 612 1048 hoc
642 985 709 1065 ipso
739 985 834 1067 magis
865 984 1017 1046 creverint
1040 980 1144 1042 merita

123 1117 296 1180 poenarum.

596 1269 678 1336 XX.

210 1435 284 1499 Nam
309 1441 338 1496 et
360 1435 459 1498 ludam
480 1434 503 1514 ¹)
526 1437 603 1499 inter
626 1438 778 1518 apostolos
810 1437 945 1500 domiuus
974 1437 1080 1518 elegit,
1115 1439 1146 1497 et

123 1556 223 1614 tamen
254 1547 403 1610 dominum
427 1548 514 1611 ludas
545 1549 734 1630 postmodum
761 1549 899 1630 prodidit.
945 1549 1012 1612 Non
1044 1554 1143 1610 tamen

15 1655 17 1680 ²
85 1681 87 1684 ·
123 1657 278 1738 iceneol)
300 1661 504 1743 apostolorum
528 1661 603 1725 fides
627 1671 657 1726 ct
680 1663 800 1726 firmitas
824 1664 949 1743 cecidit,
975 1663 1044 1743 quia
1068 1678 1144 1744 pre-

86 1774 204 1837 mditor
227 1772 314 1836 ludas
343 1773 380 1834 ab
411 1791 515 1835 eorum
547 1775 690 1837 societate
717 1775 834 1837 deiecit.
880 1776 929 1838 Sic
959 1775 1059 1838 ethic
1083 1795 1145 1839 non

124 1888 223 1950 stetim
254 1885 463 1948 confessorum
492 1887 633 1950 sanctitas
664 1893 693 1948 et
723 1886 853 1971 dignitas
884 1890 1053 1952 conminuta
1087 1897 1143 1968 est,

124 2003 193 2083 quia
224 1999 409 2081 quorundam
439 1999 514 2062 tides
543 1999 635 2062 fracta
653 1995 680 2075 8)
712 2006 766 2061 est.
812 2000 921 2062 Beatus
947 2002 1099 2084 apostolus
1116 1999 1143 2079 ⁴)
1186 2011 1188 2016 ·

102 2107 258 2196 'loquitur
280 2115 309 2176 in
340 2113 465 2194 epistola
495 2130 550 2176 sua
582 2112 685 2176 dicens
702 2109 745 2189 ⁵):
777 2111 860 2187 Ouid
890 2114 970 2174 enim
999 2115 1029 2178 si
1055 2115 1145 2175 ceci-

125 2230 239 2291 derant
259 2247 280 2290 α
300 2228 360 2306 fide
383 2227 507 2306 quidam
529 2226 652 2288 illorum
664 2221 702 2301 ⁶),
726 2225 874 2304 numquid
889 2226 1057 2304 infidelitas
1073 2228 1145 2290 illo·

133 2383 331 2392 *0*—

199 2462 242 2524 15)
261 2463 423 2516 strutacacerit
441 2459 485 2512 Ba.
524 2459 601 2524 Quod
624 2461 690 2510 inter
713 2463 793 2530 quasi
817 2468 843 2511 et
869 2464 968 2515 electus
994 2463 1090 2529 primus
1117 2478 1147 2514 cx

126 2549 172 2602 lla.
185 2549 335 2616 interposuit
347 2546 471 2598 Panaetius
483 2546 590 2599 uerbum
610 2545 686 2598 auxil.
704 2551 742 2600 sit
760 2546 834 2599 codd.
854 2551 933 2600 nostri
952 2563 1050 2614 omnes,
1068 2549 1146 2602 item-

54 2659 58 2665 ·
127 2653 177 2706 que
195 2634 274 2687 ltalici
298 2643 369 2687 recte
395 2637 518 2686 omittunt.
556 2633 584 2684 ln
604 2650 676 2703 seqq.
696 2650 742 2702 pro
762 2640 856 2714 merita
873 2633 910 2686 Bb
931 2637 1042 2703 pessime
1060 2637 1148 2689 scribit

126 2741 260 2794 praemia.

196 2843 247 2894 llll.
276 2844 302 2903 1)
322 2827 407 2898 tutan
424 2843 464 2898 W.
506 2842 644 2912 Praeposit.
663 2847 732 2898 inter
758 2843 789 2896 ab
810 2844 841 2896 al.
861 2862 893 2898 m.
913 2861 989 2913 supra
1007 2845 1051 2896 lin.
1072 2844 1148 2910 habet
1205 2897 1207 2902 ,

126 2930 175 2982 Mc.
212 2931 270 2982 llox
289 2935 371 2986 ludar
391 2935 524 2986 dominum
548 2936 714 3001 postmodum
738 2933 781 2984 dat
800 2932 853 2998 Bb,
878 2936 960 2986 ludus
984 2934 1150 2998 postmodum

126 3021 263 3072 dominum
280 3017 333 3081 ssa,
360 3021 494 3072 dominum
510 3021 676 3088 postmodum
694 3023 778 3073 lesdas
798 3020 847 3072 lllb.
884 3019 984 3070 Deinde
1001 3020 1149 3088 prodidita
1248 3073 1249 3076 Ἴ

127 3121 160 3156 m.
180 3120 237 3171 pm,
263 3120 278 3155 a
304 3121 355 3156 sec.
375 3109 484 3160 tradidit
508 3105 565 3169 llb3
590 3110 698 3160 tradidit
716 3106 825 3168 W.,lla.
845 3107 881 3158 Ba
906 3115 933 3158 et
956 3112 1073 3173 quattuor
1091 3103 1149 3155 llat.

128 3192 157 3254 2)
175 3196 275 3246 iccirco
299 3190 393 3243 Manut.
412 3189 505 3242 Pamel.
524 3190 616 3258 Rigalt.
638 3191 717 3244 Oxou.
756 3190 817 3244 Tum
842 3195 956 3263 tinnitor
981 3201 1004 3246 ct
1026 3195 1090 3256 tides
1108 3190 1148 3244 W.

128 3277 229 3330 liabcd.
249 3276 339 3330 uam.
370 3277 459 3330 Statim
478 3281 574 3332 decidit
585 3277 635 3330 Mb.
672 3278 700 3342 3)
711 3279 857 3350 secludet
869 3279 969 3347 prultlb.
1006 3276 1151 3344 dtltapro

128 3369 222 3419 iectus
243 3367 347 3418 Paulus
367 3369 515 3434 apestolus,
535 3367 571 3415 uti
590 3365 683 3434 legitur
701 3382 742 3434 ap.
754 3364 841 3419 Baluz.
862 3376 888 3417 et
900 3365 1000 3432 dotum,
1020 3364 1094 3418 codd.
1109 3364 1149 3417 W.

127 3451 229 3504 llabcd.
241 3450 261 3502 B
274 3461 300 3503 et
309 3451 364 3502 rell.
379 3451 436 3504 edd.
448 3461 551 3518 practer
560 3450 719 3516 Gravianam,
732 3455 756 3503 in
768 3469 816 3521 qua
828 3457 967 3523 apostolus
979 3461 1099 3504 mutatum
1113 3458 1152 3502 est

128 3539 153 3590 in
168 3543 292 3604 Paulum
312 3543 404 3594 tectura
423 3544 560 3610 apoctctus
573 3539 680 3595 Paulus
698 3541 818 3593 exhibent
830 3541 887 3593 Ver.
908 3550 934 3594 ct
950 3541 994 3594 Ba.
1031 3539 1082 3592 Sed
1101 3553 1152 3589 no·

127 3643 184 3680 suen
205 3631 331 3696 Paulus,
357 3635 384 3677 ut
402 3629 494 3694 passim
513 3629 538 3678 in
557 3627 643 3680 Nostri
662 3630 779 3696 scriptis,
806 3645 838 3680 ex
865 3629 1018 3697 glossemate
1039 3623 1152 3676 additum

128 3723 174 3766 est.
211 3713 276 3765 Tum
296 3717 415 3782 loquitur
432 3702 460 3766 in
479 3719 596 3784 epicinia
615 3717 665 3782 (sic
685 3715 715 3766 W
734 3723 760 3767 ct
779 3714 832 3785 lib)
850 3700 904 3770 sac
922 3719 1016 3782 proin
1040 3713 1151 3779 epicteto

128 3821 179 3858 cua
197 3805 322 3872 loquitur
339 3800 379 3852 W.
395 3799 493 3854 llabcd.
512 3801 548 3852 Ba
566 3811 592 3854 et
611 3801 641 3854 n.
678 3802 842 3869 5)1tom.3‚
862 3801 938 3853 3-4.
974 3799 1004 3866 li)
1023 3799 1153 3852 exciderit
1265 3867 1269 3878 Ι

127 3909 144 3942 a
167 3895 246 3960 fidem
275 3891 379 3958 quidem
407 3890 457 3951 (sic
484 3889 579 3940 librarii
606 3891 748 3958 ignorantia
776 3898 803 3942 et
829 3888 975 3952 oscitantia)
1001 3902 1094 3940 corum
1119 3885 1152 3938 A.

126 3976 212 4032 Verba
231 3995 250 4031 a
270 3978 323 4046 tide
341 3973 373 4029 ab
392 3975 424 4027 at
443 3992 477 4027 m.
496 3975 575 4028 habet
591 3974 632 4030 W.
