2858 4688
628 387 692 452 203

149 554 207 610 tarn
232 545 402 624 veteribus,
434 561 520 624 quam
544 545 631 606 novis
655 521 774 625 semper
797 549 826 605 et
848 545 958 625 ubique
987 545 1023 606 ad
1046 547 1166 609 miseri-

150 661 271 723 eorrliae
295 677 388 741 opera
412 657 459 720 dei
482 659 609 740 popolus
633 665 861 741 provocaretur,
885 665 915 720 et
938 668 1064 722 canente
1079 649 1167 742 alque

151 775 328 878 exhorlffte
351 772 455 854 spiritu
479 778 581 834 saneto
606 772 740 853 quisquis
764 771 800 833 ad
824 791 906 854 sporn
926 774 1014 855 regni
1030 774 1168 852 caelestis

151 881 317 964 instruitur,
342 886 443 948 lacere
466 884 677 968 eleemosynas
698 885 858 948 iuberetur.
899 886 1015 949 llandat
1031 894 1060 949 et
1076 906 1168 969 prae-

151 1003 219 1083 eipit
236 999 263 1076 2)
288 1000 415 1062 llesaiae
437 999 512 1062 deus
530 997 574 1075 8);
600 1001 771 1077 Exclamo,
796 1001 904 1082 inquit,
928 1001 962 1064 in
982 1000 1169 1079 tortitudine

151 1123 181 1175 et
203 1115 270 1181 noli
297 1131 448 1193 parcere,
480 1114 564 1175 sieut
593 1113 667 1174 tubo
698 1114 808 1174 exalto
837 1133 941 1175 uocem
960 1123 1074 1192 turm,
1108 1115 1168 1176 ud-

151 1229 262 1289 sunno
278 1223 305 1303 ⁴)
333 1225 420 1305 plebi
452 1245 537 1287 mene
565 1234 697 1305 peecata
727 1229 866 1306 ipsorum
896 1235 926 1288 et
947 1228 1051 1289 domui
1075 1227 1169 1289 lueob

149 1339 302 1417 sueinum
324 1357 437 1401 eorum.
482 1337 519 1400 Et
541 1357 607 1401 omn
637 1345 759 1420 peceato
792 1340 835 1400 eis
866 1357 918 1401 sua
936 1335 963 1416 ὅ)
993 1341 1169 1421 exprobrari

150 1454 354 1537 praecepisset
385 1472 514 1535 eumque
545 1472 648 1516 eorum
680 1452 812 1516 facinora
835 1453 932 1543 ,pleno
960 1452 1170 1535 indignationis

151 1569 260 1649 impetu
293 1563 466 1656 protulisset
500 1564 687 1646 dixissetque
721 1583 794 1644 eos,
837 1583 894 1626 nee
927 1564 953 1627 si
988 1565 1169 1634 orationibus

151 1686 182 1741 et
205 1681 343 1760 precibus
367 1685 397 1741 et
416 1679 538 1741 ieiuniis
563 1683 734 1757 uterentur,
765 1676 941 1739 satisfacere
971 1695 1025 1759 pro
1056 1677 1169 1738 delictis
1207 1715 1209 1722 ·

152 1801 262 1874 posse,
294 1792 399 1854 neesi
422 1791 451 1853 in
476 1791 571 1854 cilicio
595 1789 749 1852 oscinere
776 1781 986 1867 volverentur,
1017 1789 1090 1849 iram
1121 1786 1170 1850 dei

86 2081 89 2086 .
152 2041 238 2093 Belus.
260 2059 282 2096 c.
303 2043 486 2095 recentioribus
504 2054 529 2098 et
546 2047 628 2097 tacuit
654 2043 732 2111 idque
758 2051 859 2094 tuentur
878 2042 952 2094 codd.
971 2057 1068 2094 ornnes.
1105 2041 1171 2092 Ante

151 2132 302 2198 seripturis
315 2129 368 2181 Bab
387 2132 600 2198 praepositionem
619 2143 679 2193 om,
699 2132 758 2180 item
772 2143 842 2180 voco.
855 2144 942 2197 sequ:
962 2139 1014 2183 turn
1028 2131 1170 2192 uetes-ilus,

153 2213 230 2284 quum
254 2219 333 2270 noeis
359 2217 390 2268 W
416 2225 442 2268 et
467 2216 549 2269 llabd.
586 2217 644 2268 llox
668 2220 702 2270 ml
725 2219 938 2270 miserioorrliam
963 2218 1003 2270 ἀοι·
1030 2215 1106 2266 habet
1126 2213 1171 2278 tn,

154 2310 206 2354 tum
225 2317 273 2372 pro
293 2314 400 2360 censure
417 2303 455 2355 Bb
474 2315 607 2370 moerente,
631 2304 697 2372 quod
717 2319 748 2354 ers
767 2304 921 2370 glossemate
941 2301 1017 2355 fluxit.
1054 2301 1172 2353 Similiter

153 2389 178 2440 in
204 2389 268 2442 libro
297 2391 329 2442 de
356 2392 473 2444 mortalit.
493 2408 550 2460 cap.
570 2392 603 2456 1.,
630 2392 673 2443 ubi
692 2391 743 2442 vid.
763 2399 814 2443 not.
835 2392 874 2455 3.‚
901 2399 959 2441 ante
978 2388 1105 2441 Rutunium
1125 2403 1172 2455 pro

156 2481 251 2531 cecinit
268 2479 402 2547 legebatur
422 2483 518 2534 docuit.
556 2479 645 2531 Statim
665 2490 689 2534 et
705 2484 861 2533 exhortante
878 2475 998 2530 scribitur
1017 2479 1041 2528 in
1061 2475 1098 2540 l,
1119 2493 1172 2530 ere-

156 2575 260 2620 errante
280 2568 305 2618 in
326 2566 380 2618 llas
399 2575 426 2618 et
444 2563 497 2631 Bb,
523 2575 575 2618 tom
596 2571 708 2637 quisque
724 2568 748 2618 in
768 2567 842 2620 codd.
863 2566 978 2619 omnibus
996 2565 1175 2632 veteribusque

158 2654 240 2704 editis.
278 2653 343 2705 lnlra
367 2657 476 2710 iuletur
499 2655 619 2708 exhibent
637 2655 677 2706 lld
703 2665 729 2707 et
751 2653 883 2723 exemplar
902 2653 965 2724 Dar.
1001 2652 1036 2704 lte
1057 2659 1082 2703 et
1103 2652 1175 2704 lloe

157 2743 287 2793 iubentur.
323 2741 352 2804 2)
371 2739 427 2792 Hoc
444 2742 549 2793 verbum
568 2759 587 2792 r.
609 2759 640 2793 m.
660 2722 894 2810 supplantante,
912 2737 1174 2809 praecepissemus

157 2832 185 2874 et
203 2824 236 2876 Bo
256 2829 443 2893 permutatione
461 2828 597 2894 frequenti.
635 2828 700 2878 Dein
722 2831 822 2880 lissiae
840 2825 880 2874 W.
901 2823 965 2875 llaln.
986 2822 1054 2886 Bab,
1076 2825 1176 2876 Ysot'ue

159 2912 221 2962 llcd.
243 2911 263 2962 Α
283 2920 309 2963 et
328 2911 367 2962 ed,
387 2910 451 2963 Dav.
497 2912 525 2974 3)
545 2907 635 2961 llesai.'
648 2911 691 2974 58,
713 2912 736 2960 l.
781 2910 809 2972 l)
831 2919 856 2962 et
873 2912 1001 2961 annuntie
1018 2907 1086 2974 vulg.
1123 2905 1174 2956 Le·

157 3001 224 3067 gitur
241 2999 342 3068 quidem
361 2999 386 3049 in
406 2997 505 3049 Graeco
524 2999 571 3044 καί.
608 2999 639 3047 Α)
660 2996 734 3046 codd.
754 2995 786 3045 W
807 3003 831 3047 et
851 2993 906 3044 lind
927 3003 952 3043 et
970 2996 996 3043 in
1015 2993 1081 3044 lest.
1096 2991 1136 3043 lll.
1154 2993 1174 3040 l.

157 3103 183 3154 p.
204 3086 256 3136 302
275 3094 325 3137 tam
345 3087 450 3153 scripti,
477 3099 551 3152 quum
570 3081 634 3133 'editi
660 3081 716 3133 libri
738 3082 943 3132 coniunctionem
962 3095 1011 3132 om.
1050 3077 1112 3129 llam
1133 3077 1173 3128 id-

158 3165 225 3225 eirco
246 3172 339 3224 delevi.
379 3174 510 3226 Adnuntia
528 3178 657 3239 praestant
677 3171 734 3221 Ver.
752 3169 834 3236 lleap.
849 3168 889 3218 W.
907 3167 963 3219 llalr
983 3175 1009 3218 et
1026 3166 1093 3218 Test.
1113 3165 1129 3216 l.
1143 3180 1176 3226 e,

157 3260 199 3311 uhi
225 3261 362 3310 concinunt
385 3258 417 3310 W
443 3267 469 3311 et
494 3258 549 3320 llb3
578 3267 601 3311 et
624 3262 718 3313 nuntio
740 3258 835 3310 liabent
860 3257 919 3308 edd.
945 3264 1006 3308 vett.
1032 3263 1058 3306 et
1083 3253 1173 3304 Manui.

158 3349 231 3414 Quae
249 3348 326 3400 lectio
345 3363 406 3400 snae
426 3347 491 3398 bone
512 3356 550 3399 est
569 3347 633 3412 (vid.
648 3347 679 3398 ad
693 3347 784 3398 librum
799 3345 913 3398 debono
928 3345 1030 3412 patient.
1044 3357 1099 3409 esp.
1110 3340 1174 3392 xiv.

158 3444 211 3486 not.
231 3435 284 3499 7.);
312 3437 357 3486 sed
383 3434 550 3503 praeferende
577 3434 624 3486 luit
648 3435 725 3485 ultera
752 3441 855 3502 propter
879 3434 1029 3500 optimorum
1054 3429 1174 3479 librorum

160 3523 343 3574 eu‘eturitatem.
382 3523 429 3575 Pro
454 3525 575 3592 ipsosntm
600 3523 624 3572 in
646 3520 666 3571 Α
691 3529 717 3570 et
742 3522 766 3570 in
794 3518 979 3587 exemplaribus
1005 3525 1062 3567 ante
1082 3515 1173 3566 llanut.

159 3609 232 3660 erlitis
251 3608 342 3678 legitur
365 3627 463 3664 eorum.
502 3607 561 3658 Tum
588 3611 659 3662 donas·
682 3610 705 3656 in
726 3604 762 3656 Bb
789 3621 897 3673 moxque
921 3607 1015 3658 delleta
1039 3619 1129 3656 eurum
1152 3610 1176 3654 et

157 3699 280 3766 freinoru
299 3715 391 3750 eorum
409 3695 511 3748 exhibet
531 3693 579 3745 tlt.
616 3695 645 3761 5)
664 3711 715 3746 sou
734 3697 773 3745 sie
793 3690 824 3756 Α,
844 3696 958 3761 cepisset
976 3688 1027 3754 Ba,
1048 3692 1125 3759 plene
1144 3687 1175 3752 Α,

159 3785 279 3852 dixitque
305 3783 371 3833 idern
395 3781 467 3834 liber.
505 3779 621 3832 Proxime
649 3795 721 3830 uoce.
747 3790 771 3833 et
795 3782 919 3848 precibus
944 3779 1030 3828 minut.
1055 3775 1100 3827 litt.
1128 3791 1174 3826 ex·

159 3869 275 3921 rodenda
295 3872 393 3922 curavit
410 3867 515 3925 Gravius
533 3869 604 3937 isque
624 3867 654 3920 nd
674 3883 723 3935 mg.
743 3867 980 3933 apposuits‘stloee
1000 3867 1069 3917 olias
1088 3868 1174 3916 olun-

160 3958 245 4008 riunt.“
290 3954 327 4008 Gi.
356 3973 410 4025 cap.
430 3955 471 4007 vt.
498 3973 520 4006 c.
545 3957 596 4006 init.
640 3953 716 4005 Pnulu
739 3961 798 4022 post
823 3957 850 4005 in
875 3956 963 4005 eilies'o
988 3962 1011 4005 et
1035 3954 1063 4005 in
1088 3954 1176 4003 mttere
