2904 4692
639 431 702 498 tet

164 591 319 654 virtutibus
357 590 502 673 congredi
540 597 648 672 quanta
686 590 818 670 pectoris
857 590 1028 676 magnitudo
1067 599 1113 656 est
1151 602 1180 657 et

163 711 270 784 quanta
293 703 455 767 sublimitas
476 704 554 766 inter
569 703 670 768 ruinas
686 703 805 766 hnmani
821 705 943 788 generis
960 711 1040 768 stone
1056 715 1179 789 rectum,

162 833 220 898 nee
243 835 308 879 eum
333 818 377 880 eis
400 817 507 898 quibus
531 833 601 898 spes
624 817 654 879 in
678 815 765 880 deum
789 817 869 880 nuile
893 825 958 898 est,
982 819 1081 884 iecere
1103 841 1180 902 pro-

163 937 296 1010 stratum,
320 930 463 1013 gratulari
485 929 579 1012 magis
601 937 631 992 et
649 932 791 1012 temporis
808 949 915 994 munus
930 933 1075 1014 ampiecti,
1099 935 1179 1016 qnod
1273 1001 1274 1008 χ

164 1042 231 1106 tium
256 1051 385 1107 nostram
409 1042 497 1105 fidem
521 1041 644 1104 firmiter
666 1019 828 1124 promimns
861 1052 891 1106 et
920 1045 1023 1108 labore
1053 1048 1181 1112 tolerato

162 1155 199 1220 ad
224 1154 369 1219 Christum
393 1174 449 1238 per
472 1161 626 1238 angustam
652 1153 759 1218 Christi
783 1157 858 1219 viem
885 1136 1056 1241 pergimus,
1087 1181 1181 1242 pree-

163 1271 252 1332 mium
276 1271 354 1334 vitae
377 1277 408 1334 et
430 1269 498 1332 fidei
521 1270 588 1350 ipso
611 1267 761 1332 iudicante
785 1272 944 1353 capiemus.
989 1271 1067 1336 Mori
1093 1275 1181 1355 piane

163 1470 190 1514 st
205 1460 368 1513 Goidirernio.
403 1459 500 1512 {noemi
518 1459 639 1529 et‚,quod
659 1458 733 1510 deest
750 1466 809 1510 ante
828 1468 926 1528 quante
943 1462 1095 1516 mittentes
1113 1466 1179 1531 apud

163 1547 309 1614 Balesium,
334 1545 471 1600 Boethium
491 1555 517 1598 et
537 1546 733 1609 Goidhornium‚
760 1543 931 1613 flagitantibus
952 1544 1020 1597 libris
1039 1549 1137 1615 seriptis
1157 1561 1182 1603 et

164 1634 240 1688 editis
258 1633 440 1702 superioribus.
479 1630 520 1683 stc
539 1633 633 1684 Noster
652 1629 731 1699 Epist.
752 1629 783 1681 ed
803 1629 932 1681 Fortunat.
952 1647 1006 1698 esp.
1020 1631 1072 1684 xil.
1093 1651 1117 1702 p.
1131 1636 1181 1686 273

163 1721 210 1774 nt
223 1723 279 1773 tin:
299 1726 403 1789 Quanta
422 1728 462 1772 eet
480 1723 596 1789 ‹tipnitns
615 1729 639 1772 et
657 1727 754 1789 poento
772 1720 926 1773 securitas!
954 1715 1000 1785 Ep.
1016 1717 1074 1781 tii.
1094 1737 1118 1787 p.
1132 1721 1181 1774 93:

164 1813 272 1876 fluente
289 1818 336 1866 est,
347 1811 449 1878 pierias
468 1811 583 1878 dipsitns
601 1817 626 1861 ct
642 1816 739 1876 pusato
756 1809 892 1876 felicitas!
927 1805 954 1858 P.
974 1806 1022 1858 9⁴:
1041 1813 1115 1876 Quae
1132 1815 1183 1866 erit

163 1898 250 1966 pierio
271 1903 299 1962 etv
315 1903 411 1962 quante
429 1896 549 1954 taetitia!
582 1892 620 1945 Gi.
641 1891 720 1960 Epist.
740 1892 812 1944 titi.
837 1908 861 1959 p.
882 1893 941 1950 94..
962 1891 1068 1945 Invento
1092 1897 1183 1949 ordine

164 1979 204 2033 W.
223 1979 322 2031 nanee.
341 1977 393 2031 Bab
415 1986 440 2030 et
458 1980 480 2030 Α
500 1996 555 2030 cum
576 1976 633 2029 edd.
653 1986 713 2029 onte
735 1978 868 2028 Monetium
888 1977 982 2029 hebent
1006 1963 1181 2052 isemont'pc-

162 2071 238 2122 sterio
255 2081 301 2134 pro
319 2070 424 2137 pencris
442 2071 512 2121 tum.
550 2059 629 2119 Stare
647 2067 748 2119 rectem
766 2073 897 2131 praestant
916 2064 990 2119 codd.
1009 2065 1068 2118 Ver.
1087 2075 1114 2119 et
1132 2071 1182 2121 mei

162 2170 253 2208 onnes
268 2163 422 2224 veteresque
440 2153 498 2206 sce.
534 2151 570 2204 lte
590 2152 737 2204 emendavit
754 2153 802 2204 iem
817 2154 969 2206 Gronovius
989 2152 1145 2219 (Observatt.
1157 2158 1182 2208 in

163 2241 266 2311 Scriptt.
281 2243 344 2295 ecci.
358 2258 415 2310 cap.
430 2241 453 2294 ³.
473 2257 498 2307 p.
512 2241 578 2306 570)
599 2256 617 2290 e
633 2238 793 2303 membranis,
813 2238 917 2290 laetans
930 2243 1055 2294 Senecam
1069 2243 1101 2293 dc
1115 2242 1180 2295 Pro·

163 2329 274 2382 videntia
295 2329 364 2397 [cap.
383 2328 413 2381 11.
435 2330 460 2392 ς.
472 2327 535 2394 “6.]ε
565 2329 688 2398 Catonem
705 2329 758 2382 tam
775 2329 898 2396 partitos
917 2344 969 2380 nost
988 2333 1069 2382 semol
1084 2334 1184 2398 fractio

162 2427 275 2472 stantem
298 2421 472 2472 nihilominus
497 2419 567 2469 inter
588 2418 685 2468 ruinae
707 2417 831 2485 publicae
855 2423 972 2483 rectum,
1001 2431 1077 2484 quern
1102 2415 1184 2468 iocum

164 2502 307 2571 Cyprianus
325 2504 391 2557 hecti
415 2503 492 2555 dubis
515 2502 548 2554 ob
573 2500 661 2554 oeulos
686 2501 782 2553 hebuit.
820 2503 946 2556 ereetum
965 2503 1060 2569 primos
1079 2502 1185 2557 dederat

164 2589 301 2658 Erasmus,
321 2609 396 2662 quem
415 2593 496 2646 secuti
514 2597 572 2642 sunt
591 2591 746 2656 posteriores
766 2595 875 2655 excepto
894 2583 1058 2640 Goidhornio.
1093 2587 1131 2641 ct.
1152 2588 1184 2641 de

165 2695 228 2764 laps.
245 2713 301 2764 cop.
315 2695 399 2747 xviii.
417 2713 442 2763 p.
456 2695 497 2747 93.
536 2693 601 2746 Dein
620 2679 647 2748 tn
667 2690 844 2760 [tetemet]
862 2707 908 2758 pro
928 2710 988 2747 curn
1001 2694 1032 2744 Α.
1067 2693 1185 2749 Proxime

165 2785 194 2836 t‘tt
212 2785 346 2836 dominum
364 2782 423 2832 edd.
442 2789 501 2832 ante
520 2781 620 2845 Manet,
639 2783 668 2833 ιἰι
687 2783 792 2833 dentiam
811 2777 847 2828 tte
867 2787 894 2828 et
911 2778 941 2828 Α.
980 2776 1041 2828 Τιιιιι
1059 2783 1184 2849 pterim,

166 2869 191 2917 in
204 2883 257 2934 mg.
268 2867 299 2918 eb
312 2883 332 2919 r.
347 2883 379 2916 ιιι.
393 2869 525 2936 protestari
537 2866 583 2916 iic.
621 2865 694 2928 Quod
713 2865 771 2930 pos't
787 2867 872 2930 mepte
884 2862 961 2930 reigo
974 2863 1076 2914 additur
1088 2876 1186 2934 eportet

166 2955 217 3005 mci
237 2953 314 3005 codd.
336 2967 386 3004 non
407 2959 558 3020 agnoscunt,
578 2959 604 3000 et
623 2949 692 3017 quod
713 2949 804 2998 eodem
824 2947 881 2998 loeo
899 2949 924 2997 in
937 2946 971 2998 Bo
991 2949 1093 3014 ponitur
1110 2953 1185 3004 detes

167 3040 299 3092 ferendum
325 3055 375 3090 non
401 3043 447 3088 est.
487 3035 619 3103 Expnnnto
643 3036 719 3103 igitur
743 3032 822 3086 verbo
848 3044 947 3102 eportet
971 3041 1030 3084 ente
1054 3039 1187 3105 protulere·

167 3143 214 3197 pro
233 3135 328 3195 puncto
347 3140 404 3176 corn
417 3118 575 3175 Goidisornio
595 3128 720 3173 commate
739 3121 840 3171 distinxi
859 3119 912 3186 (ΙΙΙ
931 3134 946 3169 ι
965 3135 998 3170 ιιι,
1018 3136 1055 3192 pr.
1076 3119 1187 3172 habebat
1272 3130 1276 3134 “

167 3215 337 3281 semicolon),
370 3205 442 3263 voce.
472 3213 605 3281 protelari
632 3212 718 3280 mepte
745 3223 802 3259 oum
829 3206 1043 3275 praecedentibus
1070 3210 1186 3276 iungens.

167 3291 425 3356 cernennentes
443 3316 484 3365 sp.
506 3297 640 3350 Boethium
659 3297 746 3349 scribit
765 3299 896 3368 protestari
913 3299 999 3366 anapia
1018 3305 1042 3348 et
1061 3300 1186 3365 temporis

166 3406 265 3442 mortue
291 3391 411 3442 abemus
435 3389 563 3456 amplecti.
600 3385 711 3437 Retento
735 3401 760 3436 v.
783 3393 881 3452 oportet
906 3384 982 3434 etiam
1008 3381 1082 3440 Grec.
1109 3382 1186 3434 habet

167 3478 290 3530 debemus
309 3477 436 3544 amplecti.
474 3471 525 3526 Sed
544 3477 676 3542 debemus,
696 3473 770 3524 sicuti
787 3474 874 3539 mapic
891 3480 940 3538 eet,
961 3469 1028 3538 quod
1047 3471 1072 3519 in
1090 3468 1187 3536 aliquot

168 3561 237 3614 libris
264 3560 376 3630 Angiicis
402 3562 544 3628 reperitur,
573 3576 641 3612 mera
669 3568 727 3612 sont
753 3559 906 3628 glossemata
934 3558 959 3608 in
986 3563 1081 3608 textore
1108 3556 1185 3608 iliata.

168 3645 288 3698 Ceterum
317 3654 376 3699 ente
404 3649 530 3717 temporis
556 3663 656 3701 mecm
683 3646 718 3698 Ba
747 3645 846 3697 infercit
873 3646 1009 3698 libertatic-
1055 3642 1118 3692 Male
1146 3641 1186 3694 itt

167 3743 262 3790 stoetro
279 3737 337 3804 fide.
374 3731 422 3783 Pro
439 3737 551 3800 poenites·
569 3732 643 3785 codd.
657 3728 753 3784 Benev.
768 3739 794 3781 et
807 3731 887 3796 Neap.
908 3730 968 3781 dant
985 3732 1097 3797 fortiter,
1118 3729 1186 3796 qnod

168 3822 246 3873 tacite
270 3821 371 3888 recepit
395 3819 522 3871 Baiosinr.
560 3819 621 3871 'inm
646 3824 674 3874 in
701 3822 759 3886 (pro
784 3817 820 3884 et)
846 3820 935 3870 tutore
954 3815 1002 3866 tte.
1038 3813 1099 3866 Post
1121 3818 1189 3870 citae

170 3909 241 3973 (cias
256 3907 353 3960 habent
366 3902 412 3957 Bb.
427 3905 466 3958 tte
484 3915 510 3958 et
526 3923 540 3958 e
557 3914 676 3975 quattuor
690 3904 762 3957 codd.
777 3903 913 3970 Boethius)
934 3902 1099 3953 exterminavi
1118 3903 1186 3968 cios,

169 3994 237 4060 qnod
257 3996 282 4046 in
296 3994 337 4045 ΙΙΙ
356 3994 389 4046 cb
407 3993 439 4046 al.
458 4009 491 4045 m.
511 3995 720 4062 superscriptum,
738 3993 763 4044 in
776 3991 807 4042 W
827 3990 933 4056 etnim,
952 3989 1023 4040 utin
1042 3987 1100 4040 edd,
1116 3995 1188 4052 vett,

952 4075 972 4142 9
1027 4101 1032 4118 ι
