2880 4696
710 289 772 358 ise

240 473 299 537 que
332 453 472 517 admonet
494 449 681 516 coercendas
705 456 735 512 et
759 449 799 513 ed·
819 449 1051 513 ecclesiasticam
1075 447 1256 532 disciplinam

240 568 382 650 religiosa
407 565 619 632 observatione
642 561 856 641 moderandos,
888 580 965 643 quac
992 579 1139 624 excusare
1163 562 1259 626 cultus

241 698 313 745 suos
336 681 453 744 soleant
474 695 529 758 per
551 675 694 752 maritum,
717 680 827 755 quento
851 673 881 736 id
896 675 991 757 magis
1007 676 1175 739 observare
1195 678 1257 740 vir-

241 796 340 878 ginem
364 794 409 856 fas
434 797 495 870 est,
519 790 566 852 cui
589 789 668 851 nulla
692 795 814 851 ornatus
838 789 884 851 sui
907 793 1046 871 conpetat
1069 793 1172 871 venia,
1201 811 1259 856 nec

216 907 372 973 sderivari
401 907 432 967 in
463 903 586 964 alterum
618 901 713 982 possit
740 898 925 962 mendacium
955 901 1077 983 cuipas,
1111 905 1165 969 sed
1196 908 1261 970 sola

243 1023 307 1103 ipsa
329 1023 481 1082 remaneat
502 1017 533 1077 in
557 1014 690 1076 crimine.
735 1013 929 1094 Locupletom
960 1021 989 1077 te
1020 1017 1094 1080 dicis
1126 1026 1155 1082 ei
1181 1020 1262 1084 divi-

244 1141 311 1198 tem.
357 1132 415 1196 Sed
438 1147 500 1192 non
524 1146 621 1208 omne,
645 1126 726 1208 quod
749 1135 859 1208 potest,
883 1128 972 1192 debet
996 1138 1026 1192 et
1048 1130 1114 1194 fieri
1130 1127 1173 1214 ⁸),
1203 1153 1262 1199 nec

245 1247 393 1311 desideria
423 1245 539 1327 prolixa
572 1249 602 1306 et
632 1242 670 1304 de
699 1243 809 1306 saeculi
832 1227 990 1307 ambitione
1013 1250 1165 1312 nascentia
1186 1251 1261 1312 ultra

246 1365 392 1427 honorem
416 1379 450 1422 ac
473 1359 620 1440 pudorem
648 1358 825 1440 virginitatis
858 1359 997 1438 extendi,
1027 1379 1093 1423 cum
1123 1364 1264 1446 scriptum

208 1499 234 1541 ro
247 1481 285 1543 sit
295 1473 338 1554 9);
366 1476 477 1539 Omnia
500 1475 610 1549 liceret,
633 1473 690 1534 sed
714 1491 777 1534 noa
800 1473 905 1535 omnia
928 1474 1105 1552 expediunt.
1154 1475 1266 1539 Omnia

248 1594 357 1668 licent,
389 1590 445 1652 sed
474 1607 536 1651 non
563 1587 669 1650 omnia
692 1587 864 1667 aedificant
881 1582 926 1666 ¹⁰).
973 1587 1111 1653 Ceterum
1134 1590 1213 1653 situ
1236 1598 1267 1654 tc

248 1705 450 1788 sumptuosius
475 1719 576 1766 comas
600 1709 631 1764 ct
652 1720 708 1783 per
729 1702 877 1783 publicum
894 1699 931 1778 ¹¹)
948 1704 1118 1766 notabiliter
1132 1705 1264 1787 incedas,

249 1821 353 1884 ocutos
387 1821 417 1882 in
452 1827 481 1881 te
517 1817 679 1881 iuventutis
713 1815 843 1894 inlicias,
877 1817 1003 1897 suspiria
1037 1816 1269 1884 adulescentium

247 2064 328 2118 Emm.
347 2062 419 2116 213.
438 2061 487 2115 Md.
505 2063 536 2127 A,
555 2063 616 2112 item
635 2059 692 2111 cdd.
711 2067 774 2112 vett.
794 2076 818 2111 c.
835 2058 925 2111 Rcmb.
956 2057 985 2112 ln
1004 2077 1075 2130 seqq.
1094 2067 1181 2120 cattos
1199 2083 1265 2120 euna

247 2151 268 2204 B
287 2161 313 2204 et
331 2150 361 2203 Α.
397 2150 475 2203 Paulo
494 2157 552 2217 post
571 2151 684 2218 conpetit
701 2145 743 2198 Fr.
763 2144 844 2198 Euam.
864 2147 899 2212 2.,
918 2141 1037 2216 competit
1053 2154 1142 2204 caniat
1159 2151 1222 2221 (sic)
1235 2152 1264 2205 Α.

248 2237 323 2302 Quod
345 2240 457 2307 sequitur
480 2254 528 2291 reec
555 2253 570 2287 a
595 2252 614 2288 r.
640 2252 673 2286 m.
699 2234 778 2287 habet
796 2235 835 2287 W.
880 2233 942 2286 Tum
966 2239 1085 2292 dmercrr'
1107 2257 1217 2308 possem
1239 2244 1268 2295 io

248 2332 360 2382 aiterum
378 2325 408 2378 A.
454 2325 483 2394 8)
510 2333 534 2378 et
557 2327 631 2394 ficri,
656 2340 716 2377 cum
743 2327 873 2393 scriptum
898 2327 936 2378 sit
963 2325 1109 2390 (intermed.
1138 2327 1200 2395 orn.)
1226 2327 1266 2381 Fr.

249 2414 328 2466 Erum.
348 2414 371 2466 2.
407 2413 456 2465 Pro
480 2416 584 2468 saecuti
601 2410 657 2462 Ital.
678 2411 702 2462 2.
722 2414 864 2465 saecerlare'.
910 2411 940 2479 9)
960 2411 983 2462 1.
1004 2411 1061 2465 Gor.
1082 2413 1107 2478 6,
1128 2413 1159 2465 12
1181 2423 1206 2466 et
1227 2415 1267 2480 10,

249 2501 291 2554 23.
328 2500 373 2569 10)
392 2504 525 2570 aedifiacnt
541 2497 572 2550 Α.
611 2499 658 2564 11)
676 2515 725 2568 per
742 2502 876 2567 puplicum
895 2498 934 2550 dia
954 2515 976 2550 c.
997 2499 1172 2554 edDeventr.
1202 2501 1265 2554 Item

249 2604 287 2656 pr.
301 2587 341 2640 W.
372 2586 427 2638 Nec
440 2587 518 2639 multo
530 2596 589 2654 post
599 2591 724 2642 iuvenum
743 2602 789 2654 pro
808 2590 952 2642 iuventutis
965 2585 1113 2640 althelmus
1134 2589 1175 2641 ed.
1190 2589 1267 2643 Gilcs.

165 2661 167 2666 ⁸
250 2675 311 2726 Tum
322 2678 529 2729 adolescentium
538 2675 578 2728 W.
590 2674 646 2726 Meb
660 2684 686 2726 et
694 2674 735 2726 Fr.
746 2674 826 2727 Emm.
837 2673 871 2740 2,
886 2677 1089 2728 adolescentium
1102 2676 1162 2729 edd.
1172 2677 1266 2731 Manui.

252 2770 277 2814 et
294 2763 462 2828 posteriores,
488 2767 682 2818 adolescentum
700 2763 902 2831 praecedentes,
923 2765 988 2815 item
1006 2762 1161 2817 Aidhelmus.
1197 2764 1266 2816 Dein

252 2854 449 2914 conscupiscens·
467 2850 495 2905 B.
532 2850 594 2903 Tum
614 2855 741 2922 sperandi
756 2857 871 2920 [emerita
887 2849 928 2904 W.
947 2851 1030 2903 diebd.
1048 2849 1083 2916 B,
1103 2860 1162 2903 octo
1181 2851 1261 2903 Baiu-

252 3012 332 3074 uiaui,
351 3007 476 3062 aldhelm.
495 3018 522 3062 et
540 3009 580 3063 ed.
599 3009 707 3075 Manut,
731 2941 858 3079 ppppppldlp.
883 3013 946 3078 fam.
966 3011 1011 3076 (en
1029 3017 1090 3063 mut.
1110 3026 1130 3062 r.
1152 3012 1199 3076 m.)
1220 3009 1270 3076 otc,

252 3101 377 3168 operaredi
395 3097 439 3164 (ab
458 3113 477 3148 r.
497 3115 530 3149 m.
549 3113 674 3165 superscr.
694 3096 752 3162 „vel
770 3099 922 3150 mecdardi“
943 3095 972 3166 (i.
991 3101 1157 3162 moechandi)
1185 3103 1206 3167 f.
1225 3097 1271 3150 Fr.

253 3185 334 3237 Emm.
353 3186 388 3250 2.,
406 3189 534 3254 sperandi
550 3190 667 3256 fomitem
684 3184 754 3248 Ven,
773 3188 908 3254 spectandi
924 3189 1039 3254 [occentu
1058 3183 1089 3250 A,
1108 3189 1232 3254 peccandi
1249 3190 1269 3255 f.

147 3272 150 3280 '
254 3289 319 3324 unus
342 3271 407 3323 liber
424 3271 528 3339 Baium,
552 3282 705 3341 veteresque
731 3271 788 3324 edd.
809 3289 830 3324 c.
850 3271 947 3330 Erasm.
968 3271 1042 3324 Grau.
1062 3272 1160 3324 Moreli.
1188 3271 1272 3339 (coni.

256 3363 288 3412 de
307 3360 383 3427 lapsis
402 3358 462 3427 Cap.
481 3360 562 3429 xri),
590 3376 655 3428 unus
672 3358 758 3411 Baluz.
785 3363 904 3430 etipmrde'
926 3366 966 3430 fi,
993 3361 1056 3412 alius
1081 3363 1224 3430 stuprandi
1241 3364 1271 3428 fi,

257 3449 307 3500 duo
334 3451 490 3517 suspirandi
511 3452 533 3517 f.
578 3447 648 3499 Hanc
676 3447 812 3500 lectionem
840 3464 855 3498 c
880 3448 979 3500 duobus
1003 3447 1075 3500 libris
1100 3447 1158 3500 Mss.
1180 3450 1273 3515 primus

257 3544 390 3603 receperat
415 3534 540 3587 Pamclius
567 3550 676 3604 eumque
703 3535 810 3604 posthac
839 3537 922 3588 secuti
949 3545 1007 3587 sunt
1034 3536 1147 3587 editores
1175 3549 1272 3587 omnes.

258 3623 315 3675 Mox
332 3630 362 3677 ut
380 3620 523 3691 etipsud.
553 3623 581 3674 ln
599 3638 669 3691 seqq.
691 3623 759 3675 idern
778 3640 826 3675 om.
840 3635 871 3678 tc.
902 3621 964 3676 Tum
975 3627 1126 3678 videntibus
1146 3627 1273 3678 scotticae

259 3780 384 3834 Aidheim.
426 3780 475 3833 Pro
500 3781 785 3840 astarothitae.
806 3782 829 3834 2.
848 3781 892 3834 dat
913 3799 1053 3838 escuacrc.
1101 3781 1167 3834 Dein
1193 3730 1274 3848 quiesi

260 3866 538 3938 Qmwe·
641 3897 642 3900 ¹
