2880 4696
595 387 638 455 'll

108 547 226 634 flagella
251 547 348 614 adhuc
372 548 552 632 scinderent,
576 571 654 616 nunc
677 533 896 618 contunderent
917 549 1022 632 instes,
1044 567 1123 616 nnnc

108 665 230 728 eculeus
244 661 272 746 ⁵)
296 664 486 745 extenderet,
509 683 589 728 nunc
609 665 719 748 ungula
736 665 892 746 effoderet,
915 684 994 728 nnnc
1010 665 1124 730 hamma

86 760 246 858 'torreret
270 795 341 840 coro
364 795 412 840 me
433 777 463 839 in
486 777 707 840 conluctaticne
735 776 876 857 desernit,
900 778 1051 842 infirmitas
1073 779 1123 841 vi-

106 909 227 954 scerum
252 892 352 970 cessit,
375 909 432 954 nec
454 891 577 972 animus,
600 890 654 955 sed
671 910 780 974 corpus
796 891 826 954 in
842 891 948 956 dolore
967 892 1075 957 defecit
1085 889 1122 971 ⁶).

81 1006 209 1070 cPotest
232 1007 292 1069 cito
313 1005 463 1088 prolicere
485 1005 523 1068 ad
545 1005 663 1068 ueniam
685 1023 774 1070 cansa
799 1005 882 1086 talis,
912 1013 1012 1088 potest
1037 1008 1124 1071 eius-

105 1118 187 1182 modi
204 1114 231 1196 ⁷)
261 1120 416 1184 excusatio
446 1137 516 1184 esse
546 1120 733 1184 miserabilis.
779 1120 828 1186 Sic
858 1120 906 1182 hic
917 1114 945 1199 ⁸)
975 1120 1063 1184 Casto
1094 1127 1124 1184 et

106 1234 235 1298 Aemilio
259 1234 417 1316 aliquando
441 1234 578 1298 dominus
600 1237 732 1320 ignovit,
761 1233 805 1298 sic
835 1235 863 1299 in
887 1235 979 1317 prima
992 1230 1019 1312 9)
1043 1254 1122 1300 con-

106 1349 269 1432 gressione
298 1349 432 1412 devictos
464 1349 593 1413 victores
623 1349 653 1412 in
683 1349 817 1412 secundo
847 1349 961 1431 praelio
983 1349 1121 1430 reddidit,

107 1470 142 1525 ut
162 1461 306 1526 tortiores
327 1462 446 1545 ignibus
469 1462 575 1527 herent
596 1463 646 1542 qui
669 1462 787 1544 ignibus
809 1464 1071 1544 antecessissent,
1093 1469 1123 1528 et

75 1575 191 1642 rounde
215 1577 348 1657 superati
371 1584 482 1655 essent,
505 1576 574 1641 inde
597 1584 781 1659 superarent.
826 1577 1068 1658 Deprecabantur
1082 1577 1123 1642 illi

109 1709 171 1754 non
194 1690 381 1753 lacrimarum
402 1691 609 1771 miseratione,
640 1690 694 1754 sed
708 1686 748 1768 ¹⁰)
771 1691 945 1771 vulnerum,
975 1710 1046 1756 nec*
1059 1693 1124 1758 sola

110 1803 290 1868 lamentabili
311 1820 399 1882 voce,
423 1802 476 1866 sed
498 1804 680 1869 laceratione
704 1805 840 1887 corporis
861 1812 892 1869 et
907 1805 1019 1870 dolore.
1056 1806 1123 1870 hla-

112 1922 201 1984 nabat
222 1936 278 2002 pro
304 1918 432 1982 tletihusr
450 1920 571 2003 sanguis
603 1927 633 1984 et
661 1939 717 2003 pro
748 1919 877 1986 lacrimis
907 1939 997 1984 cruor
1027 1921 1122 1984 serni-

111 2035 247 2098 ustnlatis
261 2031 302 2110 ¹¹)
325 2033 491 2097 visceribus
514 2033 669 2103 defluebat.

581 2231 660 2299 XII.

79 2384 104 2428 tt
206 2377 289 2441 Nunc
323 2395 398 2441 vero
431 2395 508 2459 qnae
540 2376 663 2440 uulnera
695 2375 858 2441 ostendere
892 2379 961 2442 victi
991 2385 1125 2462 possunt,

114 2509 190 2572 quas
212 2491 314 2573 plagas
334 2489 358 2568 ¹)
378 2490 519 2555 hiantium
549 2491 713 2571 viscerum,
743 2509 820 2572 quae
850 2498 996 2556 tormenta
1027 2513 1123 2557 mem-

110 2607 255 2687 brorum,
277 2607 327 2670 ubi
349 2624 410 2669 non
432 2603 506 2669 tides
528 2623 692 2689 congressa
714 2605 830 2685 cecidit,
853 2606 908 2670 sed
923 2609 1122 2694 congressio·

108 2833 153 2886 W.
173 2830 272 2884 hlabcd.
289 2831 353 2884 Bab.
371 2830 402 2896 A,
419 2841 470 2884 tras
487 2830 562 2900 Argi.
581 2849 604 2884 c.
625 2831 666 2884 ed
685 2831 781 2884 hlorall
813 2832 840 2885 ln
860 2832 934 2886 Grau.
952 2835 1126 2888 minutioribus

106 2921 181 2988 typis
200 2935 320 2972 excusum
341 2928 395 2984 est,
419 2921 572 2988 antiquiores
591 2927 675 2972 autem
694 2919 751 2973 edd.
769 2920 890 2973 exhibent
915 2925 949 2975 ad
971 2925 1035 2986 hac,
1060 2922 1128 2989 qnod

106 3007 254 3062 omiserunt
266 3006 393 3074 Erasmus,
410 3007 542 3073 Manutius,
563 3006 688 3060 Pumelius
700 3008 829 3076 ceterique
841 3022 937 3062 omnes.
973 3009 1002 3073 5)
1022 3012 1129 3063 mabar

105 3111 160 3164 pro
184 3097 311 3163 moclena
333 3105 465 3165 ,receptum
490 3112 521 3150 ex
540 3095 580 3148 W.
597 3093 660 3148 nab.
679 3093 744 3146 hlcd.
765 3093 787 3146 h
810 3102 837 3146 et
862 3094 902 3148 ed.
926 3095 1047 3148 Darentr.
1087 3093 1127 3146 lle

107 3198 166 3253 qun
189 3183 312 3250 scriptura
337 3183 403 3235 conl.
422 3182 527 3252 Sillig.
545 3183 626 3236 Praei.
646 3183 679 3234 ad
696 3181 758 3234 Plio.
777 3189 828 3234 nat,
848 3180 934 3236 histor.
953 3182 1013 3252 Pag.
1030 3180 1124 3236 uxxlt

105 3271 246 3326 Aecum
259 3270 318 3322 dant
329 3269 393 3324 llab.
423 3269 502 3324 Paulo
514 3279 572 3339 post
584 3280 693 3326 terreret
704 3269 734 3322 Α.
766 3267 882 3322 Proximis
895 3273 1068 3326 reluctatione
1077 3269 1126 3324 lic.

107 3359 141 3424 6)
162 3360 248 3426 deficit
266 3357 305 3409 W.
349 3359 376 3420 7)
394 3361 548 3414 huiuamodi
566 3358 614 3410 uta.
656 3357 684 3423 8)
703 3361 765 3412 hinc
788 3373 826 3424 pr.
845 3356 892 3410 hle.
929 3356 1016 3410 Statim
1037 3362 1129 3414 cacam

107 3445 143 3498 Α.
181 3443 281 3496 Deinde
305 3449 393 3501 amilio
411 3445 444 3496 W
462 3454 488 3497 et
511 3445 595 3499 hlhcd.
636 3445 665 3510 9)
689 3449 781 3516 inpria
800 3444 832 3497 Α.
874 3444 943 3496 idern
968 3444 1043 3513 paulo
1069 3451 1128 3512 post

108 3536 228 3589 rediddt't
242 3537 336 3605 prelio.
372 3533 432 3586 Turn
448 3537 619 3603 [ardoribus.
657 3533 700 3597 10)
719 3543 744 3588 et
760 3548 798 3602 pr.
817 3532 857 3584 W.
893 3531 951 3583 llox
969 3532 1128 3585 lamentabili

111 3624 176 3687 rota
191 3639 258 3678 vace
274 3620 325 3674 lib.
359 3620 425 3672 lutra
443 3638 479 3675 am
497 3624 587 3676 dolare
604 3621 634 3674 h.
680 3620 723 3686 11)
741 3623 929 3675 consimilatio
946 3634 984 3687 pr.
1003 3616 1045 3670 lib
1064 3624 1089 3668 et
1108 3616 1131 3681 (i

111 3715 141 3766 in
158 3727 208 3764 ras.
230 3711 329 3782 posito)
347 3708 389 3775 W,
407 3711 605 3763 cenduatitlatta
623 3707 673 3774 hta,
692 3711 817 3763 contacti
834 3711 937 3772 lucris,
956 3713 984 3757 ut
1002 3703 1059 3756 cod.
1077 3700 1128 3753 La·

115 3800 207 3866 monii,
226 3798 250 3851 Α
269 3805 297 3850 et
315 3813 346 3850 ex
364 3803 449 3849 mutat.
468 3813 489 3850 r.
510 3795 611 3849 m-btb.
647 3795 748 3848 Deinde
765 3794 802 3848 Ba
820 3796 977 3866 depluebant,
1001 3789 1039 3842 Bb
1062 3805 1129 3858 pro·

114 3887 235 4029 maxdl.
256 3975 284 4037 1)
303 3991 381 4042 want
399 3977 463 4040 cin,
484 3989 551 4042 puae
567 3974 661 4042 ptapu
675 3968 734 4023 cod.
746 3967 860 4040 Segnior.
