2880 4696
658 453 700 524 '13

165 618 201 680 Si
221 617 290 697 eie,
324 613 472 699 inquit⁸),
499 617 656 699 perfectus
678 637 761 695 esee,
788 611 928 697 vende⁹)
949 619 1053 680 mnia
1075 627 1130 681 tua
1150 625 1180 682 et

165 733 210 794 da
228 730 436 813 pauperibus,
460 739 489 793 et
509 730 634 794 habebis
658 730 833 794 thesaurum
854 732 888 794 tn
909 730 1021 806 coeth3
1046 740 1076 794 et
1095 733 1178 810 eeni,

166 865 294 928 sequere
315 864 371 910 me.
417 844 447 910 Si
469 846 528 911 hoo
550 847 656 910 divites
680 847 824 926 lacerent,
846 865 902 930 per
926 847 1042 910 divitias
1058 841 1095 925 ¹⁰)
1117 865 1178 910 non

166 962 318 1044 perirent,
347 961 517 1025 thesaurum
546 963 575 1054 in
600 964 684 1026 coelo
707 970 890 1045 reponentes
911 962 1027 1026 hostem
1049 979 1128 1024 nuno
1150 967 1180 1024 et

140 1082 405 1158 sexpugnatorem
439 1077 632 1142 domesticum
664 1095 724 1140 non
757 1078 908 1141 haberent.
967 1077 1055 1140 Esset
1075 1075 1114 1154 ¹¹)
1149 1077 1178 1138 in

166 1187 252 1250 eaelo
276 1205 329 1250 eor
352 1195 383 1250 et
405 1191 518 1252 animus
542 1197 572 1252 et
587 1206 705 1270 sensus,
730 1191 755 1254 si
770 1188 927 1253 thesaurus
943 1196 1024 1253 esset
1037 1191 1067 1253 in
1083 1190 1179 1270 eaelo,

165 1319 224 1364 neo
248 1301 326 1364 vinei
349 1320 365 1363 u
389 1301 508 1365 saeculo
531 1309 635 1383 posset
658 1301 708 1383 qui
730 1301 810 1364 unde
826 1303 996 1392 vinceretur
1011 1303 1041 1364 in
1056 1301 1178 1364 soeculo

164 1435 228 1480 non
258 1416 390 1479 heberet.
436 1416 620 1498 sequeretur
639 1414 680 1497 ¹²)
710 1418 860 1482 dominum
888 1419 1004 1484 solutus
1036 1423 1066 1480 et
1093 1415 1178 1493 liber,

164 1536 197 1593 ut
221 1530 348 1611 apostoli
371 1535 400 1590 et
423 1532 477 1593 sub
500 1532 643 1614 apostolis
667 1532 747 1595 multi
770 1539 800 1594 et
822 1532 955 1596 nonnulli
978 1547 1068 1611 saepe
1090 1527 1178 1592 leue·

124 1659 150 1703 ro
168 1635 256 1722 irunt,
280 1643 330 1725 qui
353 1650 382 1705 et
404 1644 494 1707 rebus
517 1645 579 1708 suis
603 1654 633 1708 et
654 1645 827 1727 parentibus
849 1644 1002 1708 derelictis
1018 1641 1230 1707 individentes

163 1757 282 1821 Christo
305 1755 432 1819 nexibus
455 1756 661 1820 adhaeserunt.
699 1757 790 1839 Sequi
813 1765 911 1820 autern
927 1757 1075 1820 Christum
1095 1773 1176 1837 quo-

162 1871 254 1935 modo
276 1879 403 1954 possunt
426 1873 475 1953 qui
497 1873 662 1954 patrimonii
677 1867 714 1951 ¹³)
743 1872 861 1935 vinculo
887 1869 1081 1934 detinentur?
1117 1868 1177 1932 Aut

162 1985 313 2066 quomodo
342 1986 456 2050 eaelum
485 1994 589 2070 petunt
618 1993 648 2049 et
674 1986 711 2050 ed
734 1987 869 2050 sublimia
891 1992 921 2049 et
944 1985 1002 2050 alte
1025 2001 1176 2049 conscen-

162 2097 237 2161 dunt
259 2094 297 2178 11)
328 2101 378 2180 qui
407 2101 536 2162 terrenis
567 2099 774 2181 cupiditatibus
798 2098 1023 2183 degravantur?
1068 2098 1174 2162 Possi-

167 2239 371 2252 ———-.-..-...

235 2313 263 2380 8)
282 2313 371 2367 blatth.
391 2313 432 2380 19,
452 2313 494 2368 21.
535 2316 567 2380 9)
586 2319 665 2378 eade.
687 2317 768 2370 sende
785 2330 842 2366 curn
859 2313 988 2384 plerisque
1006 2313 1080 2367 editis
1097 2311 1176 2364 lialu·

167 2405 227 2456 zius.
264 2402 316 2456 Sed
334 2406 409 2469 esde,
428 2405 495 2472 quod
515 2406 611 2492 primus
628 2406 726 2472 recepit
742 2401 871 2468 Erasmus,
889 2419 938 2455 om.
956 2402 996 2454 W.
1014 2400 1096 2454 naeu.
1113 2399 1175 2451 Bab.

163 2490 193 2543 A.
233 2495 299 2546 Vade
323 2502 347 2546 et
371 2495 453 2546 eeode
476 2491 553 2545 habet
578 2491 619 2545 blb
644 2494 756 2562 itemque
780 2491 853 2544 Grau.
894 2489 966 2544 Coni.
991 2491 1024 2542 de
1048 2503 1127 2558 opere
1151 2497 1177 2541 et

161 2650 282 2704 eleemos.
300 2667 325 2718 p.
339 2650 398 2704 239.
417 2659 443 2702 et
462 2649 503 2704 lib.
517 2649 557 2704 111.
576 2652 608 2703 ed
627 2650 722 2714 Quiriu.
740 2669 762 2704 e.
777 2653 800 2704 1.
817 2669 842 2720 p.
857 2649 915 2703 303.
948 2649 1006 2701 blox
1023 2595 1177 2703 thaeum

160 2741 192 2800 (n
211 2754 225 2790 a
244 2755 264 2790 r.
283 2753 316 2790 m.
334 2741 474 2807 superser.)
494 2739 536 2791 dat
554 2739 603 2792 blb.
639 2739 675 2791 lta
701 2748 727 2792 et
750 2740 776 2792 in
793 2755 878 2809 seqq.3
898 2743 1068 2794 thesseumm
1086 2735 1127 2788 bie
1150 2744 1177 2786 et

159 2825 225 2880 inira
243 2825 283 2879 W.
314 2826 400 2878 Statim
419 2831 447 2880 io
468 2831 540 2882 eaelo
558 2829 669 2880 scribunt
685 2829 768 2881 blbed.
798 2827 915 2880 Proxime
933 2836 958 2880 et
974 2842 1083 2894 sequere
1099 2823 1177 2875 habet

160 2914 192 2966 Α.
223 2913 273 2965 Sed
287 2913 377 2981 copule
395 2909 516 2964 omittitur
534 2915 608 2966 etiam
627 2917 652 2966 in
669 2913 733 2966 libro
754 2915 786 2967 de
804 2929 846 2982 op.
858 2922 885 2966 et
903 2912 1023 2966 eleemos.
1037 2911 1053 2962 l.
1066 2927 1089 2963 o.
1102 2919 1127 2962 et
1144 2909 1176 2960 sd

160 3001 233 3065 Quir.
249 3001 267 3052 l.
288 3017 310 3053 e,
353 2999 395 3058 10)
414 3017 495 3065 suus,
516 3000 583 3069 quod
596 3010 741 3068 praeeunte
759 3001 851 3054 Gravio
870 3001 1020 3054 adiecerunt
1038 2997 1175 3060 Manutius,

160 3087 302 3153 Pemelius,
320 3087 440 3156 Rigaltius
458 3097 484 3140 et
505 3089 615 3141 editores
632 3092 802 3157 posteriores,
821 3097 892 3141 recte
910 3089 984 3142 obest
1001 3105 1015 3140 a
1033 3086 1073 3140 W.
1094 3085 1175 3138 blood.

159 3175 225 3240 usu,
243 3184 272 3227 at
288 3177 320 3228 eb
339 3178 411 3228 editt.
430 3167 534 3246 antiqq,
552 3179 613 3229 item
631 3175 727 3230 Erasm.
748 3185 823 3247 etque
841 3176 954 3242 blorell.;
973 3192 1040 3231 suas
1060 3178 1175 3231 divicias

160 3263 247 3315 scribit
270 3263 301 3316 A.
348 3263 420 3316 Unde
451 3267 512 3316 satis
542 3273 647 3332 epperet
675 3265 870 3318 additamentum
894 3265 959 3318 istud
985 3281 1001 3316 e
1024 3265 1175 3334 glossemate

160 3349 273 3403 linxisse.
309 3350 366 3403 llox
390 3351 549 3404 desideratur
573 3354 662 3419 pertis.
682 3363 706 3406 et
723 3355 748 3404 in
766 3353 816 3405 bld.
858 3353 903 3421 11)
922 3356 1023 3408 Essent
1041 3352 1071 3406 h.
1106 3353 1176 3405 Prius

161 3447 184 3491 et
196 3437 270 3490 idem
288 3453 338 3490 om.
373 3437 435 3498 Post
453 3457 553 3495 sensus
570 3439 611 3492 blb
632 3449 658 3493 et
675 3439 711 3492 Bn
737 3441 830 3492 addunt
848 3459 947 3496 eorum.
983 3439 1049 3494 Dein
1075 3445 1102 3496 ei
1126 3455 1174 3492 om.

160 3597 211 3649 lld.
256 3595 299 3657 12)
322 3600 376 3652 Sed
394 3607 516 3666 queretur
532 3597 578 3650 Bb.
614 3532 1175 3653 81111ω111311111111ιι1.1’τοιο11ι111831
1261 3584 1263 3589 ’

161 3691 188 3733 et
205 3681 245 3734 blo
269 3684 390 3736 exhibent
413 3702 536 3738 emarus.
572 3685 633 3737 'lum
657 3696 681 3740 et
704 3701 749 3754 pro
772 3697 802 3740 ut
826 3687 918 3755 legitur
940 3688 966 3738 in
984 3686 1016 3736 Α.
1051 3681 1078 3734 lu
1103 3699 1173 3751 seqq.

161 3775 243 3826 relus
265 3774 327 3825 suis
355 3781 379 3825 et
401 3775 557 3842 parentibus
583 3772 645 3827 suis
672 3784 696 3828 et
722 3777 875 3844 parentibus
901 3773 1035 3830 derelictis
1059 3769 1102 3820 dat
1125 3766 1173 3823 Bb.

162 3857 220 3910 blox
246 3859 348 3912 &bristi
370 3874 414 3927 pro
438 3863 546 3914 Christo
571 3862 683 3913 scribunt
702 3862 740 3915 W.
759 3861 839 3916 Mabe.
858 3860 921 3934 Bnb.
944 3858 975 3910 h
1018 3856 1061 3920 13)
1086 3862 1173 3928 patri·
1211 3913 1219 3928 x

162 3950 250 4000 monio
267 3945 290 3999 Α
308 3954 335 3997 et
357 3963 395 4014 pr.
414 3947 463 3998 lib.
508 3947 553 4016 14)
576 3959 662 4020 petent
680 3978 711 3990 -
731 3979 761 3988 —
784 3959 857 4003 -et
879 3952 930 4001 otte
954 3947 1124 3998 eanseendest
1142 3947 1172 3998 h.

163 4031 223 4086 1011
244 4043 334 4107 ruunt
358 4037 481 4092 omittitur
502 4044 528 4090 et
543 4035 568 4088 in
587 4035 626 4091 W.
644 4036 684 4090 lla
703 4046 729 4091 et
745 4037 791 4092 lla.
828 4035 905 4089 Cuius
924 4033 982 4085 loeo
1000 4031 1025 4083 in
1043 4029 1083 4084 lla
1100 4049 1120 4086 r.
1139 4049 1172 4087 nr.
