2834 4686
703 421 766 486 316

227 582 358 646 inveniet
381 586 411 644 et
431 585 583 642 ernustum.
620 577 688 641 lion
711 578 790 642 eninr
805 575 963 641 Girutinni
986 577 1114 640 hominis
1130 592 1244 640 corone

228 713 286 760 unu
308 700 355 758 est
370 693 418 774 ⁶),
449 709 527 775 quoe
550 700 686 775 tempore
707 690 926 774 persecutionis
952 690 1107 774 accipitur.
1152 689 1248 752 liniret

227 816 258 872 et
279 827 340 890 pnx
362 825 491 872 corones
513 825 602 886 suus,
634 807 743 888 quibus
765 805 804 868 de
826 806 908 868 vorin
931 811 962 868 et
983 803 1137 887 multiplici
1168 821 1248 866 con-

227 923 387 1006 pressione
409 923 541 984 victores
571 923 723 1002 prostrato
752 926 783 982 et
806 919 931 984 subudo
953 915 1130 980 edversario
1152 933 1248 979 coro-

228 1051 335 1098 numm
350 1031 388 1111 ⁶).
433 1030 598 1099 Libidinem
619 1033 779 1116 ernegum
801 1032 1003 1097 continenline
1026 1029 1122 1114 pulmo
1139 1024 1166 1106 7)
1192 1035 1246 1094 est

228 1145 338 1210 Gontrs
361 1145 444 1224 irum,
467 1150 571 1208 contru
594 1144 730 1208 iniurium
752 1160 941 1226 repugnasse
958 1160 1073 1208 corono
1086 1143 1249 1226 patientioe

228 1265 284 1322 est.
325 1259 372 1322 De
395 1259 517 1322 arunde
540 1257 704 1339 triumphus
726 1262 772 1320 est
794 1257 950 1340 pecuniam
972 1273 1128 1339 spernere.
1169 1255 1249 1320 luus

230 1382 278 1438 est
300 1369 409 1448 tidei⁸)
432 1371 540 1436 fiducie
564 1371 731 1436 futurorum
754 1371 854 1434 mundi
876 1371 1004 1435 adversa
1027 1370 1167 1435 tolerare.
1213 1369 1250 1433 El

228 1487 280 1569 qui
303 1487 452 1569 superbus
475 1488 505 1549 in
527 1486 761 1570 prosperis-non
777 1493 834 1565 est,
856 1487 983 1571 glorium
998 1484 1037 1548 de
1052 1478 1249 1562 hunitune&

228 1603 433 1682 consequitur.
481 1600 518 1663 111
548 1601 599 1681 qui
631 1600 667 1664 ed
700 1618 864 1684 puuperum
897 1597 1096 1664 fovendorum
1129 1597 1250 1662 miseri-

229 1712 360 1777 cordium
389 1730 505 1797 pronus
536 1719 600 1792 est,
634 1712 859 1778 retributionem
891 1714 1023 1778 thesauri
1053 1710 1192 1776 caelestis
1211 1707 1248 1791 ¹⁰)

229 1825 411 1908 adipiscitur.
456 1823 493 1888 Et
515 1827 565 1906 qui
588 1825 690 1889 celere
713 1843 774 1889 non
796 1826 881 1889 novit
906 1827 1019 1908 quique
1048 1827 1194 1891 unanimis
1211 1823 1251 1902 ¹¹)

229 1947 261 2004 et
282 1940 360 2003 mitis
383 1939 494 2002 lrntrm
515 1957 589 2003 suos
612 1939 724 2022 diligit,
758 1939 926 2004 dilectionis
958 1947 989 2002 et
1010 1943 1092 2023 pacis
1115 1943 1249 2025 proemio

229 2054 402 2117 honoretur.
447 2053 479 2116 ln
508 2054 568 2118 hoc
596 2057 736 2118 virtulum
764 2055 860 2118 studio
883 2055 994 2118 cotidie
1015 2057 1181 2137 currimus,
1212 2055 1251 2119 nd

230 2167 285 2229 tuns
314 2166 442 2233 tuotone
471 2167 584 2249 palmus
614 2176 646 2232 et
675 2185 805 2233 corones
834 2169 901 2232 sine
926 2169 1149 2234 intermissione
1170 2177 1251 2233 tem-

229 2281 313 2366 poris
335 2281 536 2367 pervenimus

708 2479 769 2550 xl.

316 2621 363 2682 Ad
386 2638 460 2700 quus
483 2627 515 2682 ut
531 2578 696 2701 pervenire
719 2629 750 2683 tu
774 2624 862 2685 elium
883 2619 907 2699 ¹)
929 2624 1047 2706 possis,
1073 2624 1123 2703 qui
1147 2621 1248 2700 lueres

231 2734 299 2796 zelo
322 2740 353 2794 et
374 2732 472 2796 livore
494 2749 666 2814 possessus,
689 2751 807 2796 omnem
828 2734 905 2798 illum
922 2735 1069 2813 melitium,
1092 2753 1151 2816 quu
1166 2737 1250 2817 prius

230 2846 398 2924 tenebaris,
426 2845 527 2924 ulrice,
551 2845 588 2908 nd
612 2847 688 2909 mum
713 2847 790 2911 vitoe
813 2853 953 2910 ueternue
975 2847 1112 2930 vestigiis
1134 2847 1248 2910 saluts-

301 3039 329 3098 5)
347 3001 396 3040 ⁸⁰¹⁸
410 3051 510 3090 corona
522 3044 563 3089 set
576 3033 647 3100 (sola
659 3034 693 3088 ei
706 3051 725 3087 r.
741 3052 772 3088 m.
785 3052 860 3105 snprn
873 3035 963 3099 anun.)
977 3033 1055 3087 lebet
1066 3035 1115 3088 dib.
1152 3037 1180 3099 6)
1194 3034 1249 3087 lle-

231 3133 270 3176 est
288 3127 406 3179 victores
423 3124 450 3173 in
463 3120 514 3186 lid,
533 3133 669 3192 prostrato
687 3133 711 3177 et
727 3127 839 3179 subacto
858 3125 1150 3178 uicemvicern
1168 3139 1249 3176 coro-

230 3221 331 3265 nantur
355 3226 370 3260 e
396 3209 452 3260 eod.
472 3207 664 3276 Gratianopolit.
691 3210 794 3276 protulit
818 3209 952 3275 Batonius,
980 3211 1023 3278 qni
1048 3210 1125 3260 tacite
1149 3209 1250 3276 scripsit

232 3306 411 3362 comuntur,
440 3295 508 3362 quod
528 3309 578 3363 ego
596 3299 682 3362 reperi
701 3298 726 3348 in
745 3297 803 3348 cod.
823 3296 872 3349 nn.
909 3297 960 3349 Sed
979 3305 1094 3349 reterens
1112 3295 1250 3348 lectionem

231 3401 393 3439 coronantur
415 3381 563 3434 confirment
589 3383 669 3435 ceteri
694 3383 770 3435 codd.
790 3384 838 3435 mei
862 3391 888 3435 et
913 3382 974 3436 editi
996 3383 1062 3434 libri.
1104 3382 1135 3448 7)
1154 3381 1251 3434 Viliose

230 3475 303 3541 pella
320 3469 368 3535 Bb,
386 3473 479 3539 pluma
497 3484 534 3537 pr.
553 3469 602 3522 lle.
640 3471 668 3533 8)
686 3474 747 3539 fidei
764 3470 838 3522 deest
856 3471 881 3521 in
900 3469 949 3522 111).
987 3469 1017 3536 9)
1034 3467 1250 3536 Praepositionem

232 3575 283 3610 om.
302 3557 344 3610 nd.
364 3556 428 3609 Dnv.
473 3556 519 3624 10)
539 3560 679 3611 mauri
701 3573 739 3625 pr.
759 3556 815 3622 lie,
843 3559 966 3611 caedulis
985 3559 1106 3610 tiesnuri
1124 3555 1164 3606 ed.
1185 3552 1249 3606 Dur.

234 3647 278 3712 11)
297 3649 426 3700 minirum
445 3643 475 3696 Α.
513 3643 589 3696 Voec
608 3647 744 3699 uminis
763 3653 787 3699 et
804 3646 880 3698 mitio
897 3658 917 3694 r.
937 3659 970 3696 m.
989 3643 1014 3694 in
1033 3641 1074 3694 nn
1097 3642 1209 3709 corrupit
1226 3641 1251 3691 in

231 3733 371 3788 mentm
389 3740 413 3786 et
429 3733 518 3785 nnita.

270 3821 273 3826 '
301 3815 353 3870 XV.
392 3818 419 3882 1)
439 3826 467 3871 tc
483 3819 719 3886 pervenientium
740 3817 861 3870 exhibent
879 3815 938 3870 edd.
958 3815 1050 3869 llsnut.
1069 3813 1250 3867 nutscedenten

232 3913 258 3956 et
275 3903 441 3968 morelliaco,
467 3905 544 3959 etiem
568 3913 597 3958 m
620 3904 707 3957 scribit
726 3904 755 3956 Α.
792 3903 821 3956 ln
839 3918 911 3973 seqq.
931 3917 978 3970 pro
996 3901 1065 3970 vulg.
1086 3903 1169 3956 ntiiec
1190 3899 1251 3953 dedi

232 3991 305 4044 elice
324 4005 356 4042 ex
375 3989 450 4043 codd.
469 3998 571 4058 praeter
591 4005 667 4043 uuum
686 3994 725 4058 Α,
744 3992 769 4043 in
788 4004 840 4061 quo
859 4005 994 4058 perperam
1011 3996 1052 4042 est
1069 3989 1149 4043 atos.
