2904 4692
659 413 725 477 '85

196 588 308 653 paoem.
355 569 443 631 Tales
467 568 596 648 denique
620 589 635 629 e
661 568 781 656 domino
806 579 998 651 coronantur,
1022 571 1096 634 tetes
1117 571 1214 635 indie

196 683 295 746 iudicii
311 679 339 759 ⁶)
367 701 433 745 curn
457 682 577 746 domino
600 679 778 744 iudicabunt
826 681 963 746 Ceterum
988 683 1161 746 discordans
1185 691 1214 747 et

124 793 144 813 ²
196 797 346 858 dissidens
358 789 384 873 7)
408 803 438 856 ct
460 811 569 876 paoem.
586 813 652 856 curn
669 792 810 858 frutribus
826 813 886 858 non
902 795 1026 874 babens,
1049 796 1212 860 secuudum

197 908 276 990 qnod
300 910 404 970 beatus
428 907 581 989 apostotus
597 903 625 980 8)
642 899 679 968 'et
701 909 846 989 scripture
871 917 973 972 sancta
998 916 1131 987 testetur,
1157 928 1213 973 nec

195 1023 221 1083 si
244 1039 298 1102 pro
323 1021 442 1082 nomine
467 1017 575 1081 Christi
598 1021 716 1084 occisus
741 1020 846 1100 fuerit,
880 1023 992 1085 crimen
1017 1022 1213 1086 dissensionis
1292 1067 1298 1072 -

196 1133 345 1196 fraternae
370 1132 480 1212 poterit
504 1132 651 1211 erodere,
684 1134 770 1213 quio,
793 1134 868 1196 siout
891 1136 1032 1217 scriptum
1056 1143 1118 1198 est:
1153 1134 1213 1211 Qui

193 1245 326 1323 fratrem
348 1264 438 1306 ouum
463 1245 547 1321 odit,
574 1245 732 1308 homicida
754 1255 817 1322 ert,
842 1264 900 1308 nec
923 1249 967 1310 ad
988 1267 1116 1328 coquum
1139 1267 1212 1310 eae·
1315 1269 1317 1274 ·

195 1359 296 1422 lorum
316 1359 467 1436 peruenit,
493 1365 548 1419 out
569 1377 638 1418 cnm
660 1359 717 1420 deo
739 1358 818 1420 cinit
839 1360 1009 1436 homicida,
1033 1377 1093 1422 non
1114 1365 1229 1442 potens

195 1490 264 1536 esse
295 1489 361 1533 cum
386 1467 502 1530 Christo
534 1468 585 1548 qui
615 1467 742 1562 imitator
763 1468 861 1530 indue
883 1469 982 1534 metuit
1006 1485 1092 1546 esse,
1125 1487 1211 1550 quum

92 1641 95 1646 .
195 1584 311 1648 Christi.
357 1581 452 1656 Quoto
475 1580 613 1644 detrorum
638 1587 701 1660 est,
733 1580 811 1663 quod
837 1601 894 1646 uec
917 1583 1061 1663 baptismo
1085 1583 1212 1665 sungui-

193 1693 283 1774 nist)
304 1702 404 1777 potest
426 1693 522 1770 ebtni3
552 1693 638 1774 quate
661 1695 771 1757 crimen
796 1701 858 1772 cst,
882 1694 963 1775 quod
987 1697 1128 1776 martyrio
1150 1713 1210 1758 non

194 1815 293 1891 potest
316 1806 458 1888 expiari?

166 2073 257 2124 died.
294 2070 330 2122 lte
349 2070 460 2139 primitus
480 2070 555 2120 etium
575 2065 618 2118 Bc.
656 2067 712 2118 Mox
737 2070 836 2121 domini
860 2071 914 2132 (det
932 2069 1020 2122 scribit
1036 2071 1083 2138 W)
1102 2087 1151 2123 orn.
1171 2070 1208 2124 Bb

191 2169 216 2212 et
244 2159 302 2212 edd.
332 2156 455 2208 Groriunu
484 2156 647 2222 antiquiores.
694 2159 730 2208 ldt
756 2155 787 2205 ui.
815 2171 846 2204 m.
877 2171 952 2224 supra
980 2156 1079 2209 addidit
1106 2161 1130 2210 iu
1159 2159 1207 2210 die.

190 2247 220 2310 6)
246 2242 367 2299 tudioiC
394 2250 419 2294 et
438 2241 476 2292 W.
516 2240 613 2290 Deinde
638 2243 791 2294 iudicabunt
811 2239 845 2291 Bc
868 2249 894 2291 et
913 2240 994 2306 beot,
1020 2246 1209 2298 indicabuntur

191 2331 242 2396 Me,
262 2334 432 2385 oirrdicobuot
445 2326 476 2390 C,
494 2330 699 2380 vindicabuntur
717 2328 797 2378 ceteri
815 2325 871 2377 iibri
890 2328 976 2393 scripti
995 2337 1021 2378 et
1036 2330 1096 2381 editi
1108 2339 1209 2396 praeter

191 2417 363 2470 Moreltiennm
383 2424 409 2466 et
429 2412 608 2477 baluzianum,
634 2416 660 2465 in
686 2414 775 2481 quibus
802 2422 841 2464 est
864 2416 1023 2468 iudicabunt.
1060 2415 1124 2467 Vide
1143 2431 1208 2484 queo

190 2505 222 2555 de
242 2503 290 2556 hoc
308 2503 366 2554 loco
386 2501 461 2552 docte
479 2509 504 2550 et
520 2509 637 2552 uccuruto
652 2502 769 2566 exposuit
784 2499 908 2552 Bniuzius.
942 2500 1059 2553 Ceterum
1073 2501 1207 2553 demuto,

189 2595 307 2645 indicare
326 2599 351 2640 et
369 2593 505 2644 nirtdicare
526 2603 664 2656 eorumque
683 2590 870 2654 permutatione
892 2597 930 2640 sut
954 2589 1081 2656 frequenti
1107 2589 1156 2640 dixi
1182 2591 1207 2640 in

189 2676 400 2744 Euhemeridibus
418 2677 544 2728 litterariis
559 2675 671 2727 Menoec.
692 2673 762 2728 Toun.
777 2675 849 2728 XXX.
866 2674 969 2743 (1850),
990 2675 1033 2727 Nr.
1049 2676 1089 2728 52.
1109 2693 1133 2744 p.
1148 2675 1207 2728 421.

189 2799 218 2862 t)
237 2800 359 2867 dimiono
378 2792 421 2846 tto.
467 2794 496 2860 8]
518 2796 540 2844 1.
555 2793 613 2846 Cor.
635 2795 683 2859 13,
705 2795 729 2846 3.
767 2795 833 2846 Dein
852 2768 875 2800 θ’
892 2799 959 2865 quod
977 2801 1112 2865 scriptura
1136 2798 1173 2862 (et
1193 2812 1207 2848 o

191 2935 210 2971 r.
230 2934 261 2969 m.
281 2931 356 2983 supro
376 2914 489 2978 adiecto)
509 2911 560 2976 tib,
582 2917 610 2966 in
629 2927 675 2980 pro
693 2923 717 2967 et
736 2910 771 2965 bb
792 2929 814 2965 e.
836 2913 931 2965 neren.
970 2913 1085 2965 Proxime
1103 2933 1153 2983 pro
1171 2881 1208 2920 Μ

189 3007 292 3059 nomine
318 3005 424 3056 occisus
451 3006 478 3062 (e
504 3014 567 3050 corr.
593 3015 612 3050 r.
638 3001 683 3061 m.)
707 2999 753 3050 bio.
792 3003 895 3054 Obriett
919 3014 968 3050 oro.
994 2999 1022 3050 G.
1044 2999 1074 3050 W
1100 3008 1126 3050 et
1146 2998 1206 3052 Bob.

190 3089 265 3142 Cuius
290 3089 348 3140 ioco
372 3085 452 3152 imssc
480 3092 506 3136 et
524 3083 596 3136 ncne
621 3083 739 3136 scribitur
762 3089 875 3148 domini,
901 3084 1091 3142 inversion.
1129 3087 1208 3140 Deest

188 3181 322 3242 fraternae
349 3177 372 3224 in
400 3173 456 3226 edri.
473 3180 544 3240 nott.
572 3179 598 3222 et
617 3171 713 3224 Ernrm.
751 3171 812 3240 Tum
837 3171 947 3228 euadere
969 3175 1064 3242 poterit
1088 3174 1207 3226 exhibent

189 3262 224 3314 Bc
244 3271 270 3313 ot
285 3261 348 3313 Mod.
384 3259 449 3312 Dein
469 3263 531 3330 qnia
549 3263 591 3312 rio
610 3263 739 3330 seriptum
757 3269 797 3313 ert
815 3257 921 3324 ort-nto,
942 3264 1004 3330 quia
1020 3262 1150 3330 seriptum
1168 3270 1208 3316 ert

190 3351 231 3401 ed.
252 3347 317 3400 Dav.
355 3345 474 3399 Ceterum
492 3346 543 3398 vid.
564 3347 589 3398 1.
602 3345 688 3398 loono.
709 3345 733 3410 ὃς
754 3347 794 3399 15.
831 3350 916 3400 Suum
936 3354 962 3398 ot
981 3347 1093 3414 proximo
1113 3345 1206 3398 verbus

189 3451 237 3488 nee
261 3438 295 3489 od
318 3451 430 3505 reqoum
456 3435 588 3487 caetorum
607 3462 639 3480 ,-
661 3462 691 3472 -
712 3436 858 3498 tentetur,
886 3431 1032 3485 exciderunt
1050 3434 1074 3485 in
1094 3430 1147 3498 Bb,
1173 3436 1207 3488 ad

188 3539 270 3592 reqna
288 3521 366 3574 habet
384 3517 436 3583 cr,
463 3523 595 3574 coetorum
615 3535 663 3571 om.
683 3517 712 3572 G.
751 3519 814 3572 Dein
838 3529 868 3573 ut
892 3535 952 3573 oum
970 3521 1016 3573 deo
1035 3518 1152 3584 (domino
1170 3514 1207 3572 Bc

190 3616 215 3659 et
234 3607 302 3665 nent
321 3611 394 3662 einat
412 3609 543 3659 homicida
560 3605 648 3658 scribit
666 3605 715 3670 itit,
740 3605 890 3674 quibuscum
909 3603 1004 3656 iaciunt
1020 3603 1078 3656 edd.
1098 3612 1160 3656 vett.
1180 3613 1207 3658 et

188 3693 296 3758 Eresm,
315 3704 344 3748 ut
362 3711 423 3748 eum
441 3679 486 3746 deb
506 3697 586 3747 niort.
625 3694 763 3747 Homicida
781 3708 835 3744 non
852 3699 938 3760 putent
955 3689 1049 3759 legitur
1068 3692 1094 3744 iu
1110 3689 1205 3746 biorelb

178 3779 286 3832 xidodem
306 3780 382 3832 modo
402 3781 557 3848 interpungit
572 3777 619 3831 bib.
650 3778 710 3830 Turn
730 3781 793 3847 quta
810 3789 857 3845 [tro
876 3780 922 3848 qui
939 3776 1016 3828 hebet
1029 3774 1075 3828 bb
1111 3777 1139 3842 9)
1158 3771 1206 3834 nie

187 3870 316 3936 baptismo
334 3883 382 3921 neo
400 3865 601 3938 sesquimedia.
640 3864 666 3916 in
685 3879 756 3934 seqq.
776 3866 844 3934 quod
860 3880 907 3918 nec
926 3865 1053 3932 memorio
1070 3872 1157 3932 potest
1169 3859 1207 3915 sc·

187 3959 215 4001 et
233 3951 305 4018 Medi
324 3957 393 4023 quod
411 3969 460 4008 nec
478 3961 553 4006 mart.
573 3968 626 4006 uon
641 3961 694 4023 pot.
715 3951 761 4002 idn.
