2834 4686
279 544 331 607 die
353 542 519 606 miteretur
541 546 571 601 et
586 537 732 616 semodi
742 533 769 615 ⁹)
785 546 932 602 eleemon
947 539 1015 603 eioa
1031 538 1065 601 ia
1080 539 1300 606 benedictione

280 667 333 720 ert.
379 653 415 718 Et
430 655 536 718 iteruin
551 648 609 730 ¹⁰):
635 651 696 729 Qut
709 651 748 728 ¹¹)
764 661 968 720 conversatur
983 655 1053 716 eine
1068 656 1300 737 vituperatione

281 772 315 834 in
338 770 478 848 iustitio,
513 767 622 854 booten
642 767 727 847 iiiior
749 767 908 850 relinquit.
953 769 1178 834 i’mevarioator
1199 771 1301 853 itaque

280 889 310 947 ei
332 884 468 967 proditor
489 889 575 966 pater
598 900 648 961 es,
681 861 737 945 nisi
760 882 825 945 filiis
849 876 906 946 tuie
925 879 965 959 ¹²)
992 882 1121 947 fideliter
1147 886 1300 966 eonsules,

281 998 339 1060 nisi
362 993 580 1060 conservandis
603 996 657 1058 eis,
676 995 818 1078 religiosa
845 985 875 1058 o't
897 1015 969 1060 vera
991 997 1102 1078 pietate
1125 1000 1300 1080 protpioias.

282 1111 340 1184 Qui
357 1106 398 1186 Ρ)
429 1108 532 1174 studes
561 1115 684 1172 terreno
709 1109 822 1192 megin,
855 1128 941 1192 quam
966 1109 1088 1174 caelesti
1110 1114 1301 1194 patrimonio,

280 1223 358 1287 iiiios
380 1231 448 1287 tuos
471 1222 589 1287 diaboio
613 1221 707 1286 mavia
730 1221 958 1303 commendare,
983 1241 1069 1305 quarn
1093 1223 1229 1304 Christo,
1255 1227 1301 1289 bis

251 1421 253 1426 Ι
282 1321 430 1419 delinquis
453 1343 483 1400 ei
505 1337 655 1422 geminum
679 1355 714 1398 ao
737 1335 849 1420 duplex
872 1338 984 1400 crimen
1008 1336 1137 1400 admiitis
1166 1340 1300 1420 eifquod

282 1467 342 1513 non
365 1465 511 1532 properae
534 1449 601 1512 fiiiis
625 1447 682 1512 tuis
706 1445 754 1511 dei
777 1447 871 1529 patris
894 1448 1032 1512 auxilinm
1057 1459 1086 1514 et
1107 1451 1300 1534 qnoddoces

281 1561 359 1626 iiiios
382 1559 588 1643 patrimonium
612 1558 818 1641 plasmare,
841 1578 928 1641 quam
951 1559 1110 1625 Christum.

352 1797 383 1865 9)
408 1798 444 1851 ita
468 1796 752 1851 retundendum.
772 1799 841 1850 etin
862 1797 929 1851 Ten.
957 1797 1006 1856 ,De
1031 1815 1079 1868 qua
1102 1795 1229 1869 aoriptnra
1247 1805 1299 1856 vid.

287 1891 369 1942 Varro
394 1888 427 1938 de
445 1886 506 1954 ling.
527 1886 579 1938 Lat.
600 1884 657 1937 coii.
677 1888 764 1956 stlido.
782 1883 865 1937 Praei.
885 1885 916 1937 nd
938 1885 1001 1936 Piin.
1021 1887 1148 1962 natumst.
1169 1889 1195 1940 P.
1218 1889 1300 1951 dxxi.

283 1972 368 2025 Ceteri
387 1973 444 2024 iibri
462 1982 512 2024 tam
532 1973 635 2039 scripti,
661 1985 734 2039 quem
760 1970 822 2021 editi
846 1970 968 2022 fluctuant
991 1973 1057 2024 inter
1073 1977 1177 2043 [emerat
1194 1984 1222 2028 et
1237 1981 1300 2046 soe-

282 2071 365 2114 aeret.
402 2059 466 2112 cod.
485 2059 525 2110 iio
552 2058 629 2110 habet
651 2063 802 2126 feneratum
830 2058 889 2130 edd.
914 2067 977 2110 vett.
1002 2058 1099 2112 Ernem.
1126 2068 1152 2111 et
1177 2059 1253 2114 Gran.
1280 2080 1303 2116 o.

283 2144 364 2196 Onon.
386 2144 619 2202 dantoonratodat.
656 2144 689 2196 Et
712 2146 747 2196 ita
772 2144 884 2196 inient.
906 2145 953 2197 iio.
992 2146 1049 2198 Mon
1072 2151 1123 2202 erit
1147 2148 1212 2215 (ἔςαι
1236 2151 1304 2202 enim

283 2230 376 2300 iegitur
398 2234 423 2284 in
443 2232 555 2302 Graeco)
580 2249 626 2300 pro
651 2243 691 2286 ert
716 2230 838 2284 exhibent
855 2230 924 2297 Bab,
955 2241 982 2283 nt
1000 2232 1059 2285 add.
1079 2242 1140 2286 vett
1160 2251 1183 2286 c.
1204 2233 1304 2290 Erum.

283 2317 359 2370 Grav.
379 2328 405 2371 et
423 2319 519 2373 Moreii.
562 2321 608 2388 10)
626 2318 701 2371 Prov.
722 2321 766 2384 20,
785 2320 808 2370 t.
854 2321 898 2382 11)
918 2325 972 2387 Qui
990 2320 1081 2372 exoidd
1099 2323 1124 2373 in
1143 2321 1189 2373 Be.
1229 2323 1305 2387 Quod

282 2406 359 2476 vulgo
380 2417 440 2460 ante
463 2413 534 2477 [iiior
559 2409 729 2475 interponitur
750 2417 813 2478 poet
836 2424 871 2462 ae
891 2416 962 2460 raote
986 2422 1037 2458 om.
1062 2407 1137 2460 codd.
1160 2424 1252 2480 omnen
1280 2420 1306 2462 et
1387 2431 1388 2460 1

282 2492 342 2546 mi.
367 2501 393 2544 e
417 2496 443 2545 in
462 2494 529 2547 ree.
549 2494 591 2546 ιιι.
614 2495 635 2545 ι.
663 2512 687 2562 p.
707 2494 765 2546 eoo.
804 2494 891 2546 steen
916 2498 1055 2564 retenone,
1085 2504 1112 2546 ut
1135 2496 1176 2547 en.
1200 2497 1305 2562 tienne,

283 2577 380 2630 hahent
398 2579 473 2631 codd.
494 2596 582 2633 omnen
602 2589 705 2649 praeter
725 2580 781 2645 tib,
808 2583 916 2651 inquo,
942 2589 970 2632 ut
992 2583 1017 2633 in
1043 2584 1136 2634 ceteris
1160 2582 1236 2648 edd,
1268 2594 1306 2636 eet

283 2667 412 2734 roiirtqttet
437 2665 610 2734 (καταλείψει),
647 2668 734 2718 Aitera
754 2666 833 2718 iectio
854 2669 980 2735 reperitur
1003 2685 1104 2736 quoquo
1127 2671 1153 2720 in
1173 2668 1305 2724 Testimo-

284 2787 382 2837 niorum
401 2787 472 2838 iibrie
492 2787 565 2841 editio
583 2797 611 2842 et
628 2790 653 2841 in
672 2774 745 2841 cond.
765 2788 835 2854 iibe,
853 2767 984 2859 reiinqoe⁸t
1002 2791 1090 2842 teribit
1108 2789 1154 2856 W,
1174 2795 1307 2862 relinquat

283 2871 328 2924 iia.
370 2872 414 2939 12)
434 2878 489 2928 todo
505 2890 554 2926 om.
568 2873 605 2927 Bb
619 2885 644 2928 at
657 2877 687 2928 Α.
724 2874 752 2927 in
772 2875 862 2928 iisdem
880 2876 949 2945 libris
968 2893 1103 2946 perperam
1122 2877 1215 2947 iegitur
1234 2897 1306 2934 eort-

283 2999 435 3050 eeraoadia.
474 2995 535 3048 'inm
552 3001 706 3068 proapioioa
724 3013 773 3050 om.
793 2997 824 3048 Α.
868 2998 914 3062 13)
939 2966 1009 3065 Quid
1033 2998 1064 3066 (d
1085 3015 1100 3050 a
1124 3015 1156 3050 m.
1182 3015 1202 3050 r.
1227 3017 1307 3070 supra

284 3079 399 3144 adiecto)
427 3081 482 3147 Mb,
509 3085 572 3151 poid
596 3083 638 3134 ed.
662 3081 725 3134 Dav.
762 3083 878 3136 Proxime
904 3088 978 3153 repta
1005 3099 1051 3152 pro
1077 3089 1166 3157 mopia
1192 3084 1236 3138 Bb.
1280 3089 1308 3141 in

284 3181 355 3234 seqq.
373 3170 459 3237 monia
478 3171 586 3236 dyndoio
605 3170 707 3221 inverso
726 3171 816 3222 ordine
835 3170 873 3235 A,
891 3173 995 3225 diabolo
1015 3161 1058 3222 Wss
1094 3171 1196 3240 Optime
1215 3179 1309 3230 monio

284 3255 341 3317 (eia
360 3250 410 3316 Bb)
430 3253 462 3303 W
480 3263 506 3306 et
525 3255 573 3305 Ma.
611 3255 646 3307 ita
666 3272 705 3325 pr.
725 3259 801 3309 otiam
819 3255 871 3322 dib,
890 3274 904 3310 a
923 3274 955 3308 nn.
976 3267 1060 3311 autem
1078 3276 1130 3334 ree.
1150 3265 1256 3332 meyde,
1281 3271 1309 3314 nt

284 3337 352 3404 vnig.
371 3337 471 3405 iegitur.
508 3340 594 3394 Statim
618 3347 790 3398 conmendare
807 3344 856 3396 md.
893 3342 955 3396 Tum
978 3349 1117 3416 doiinquee
1136 3347 1185 3399 dib.
1224 3347 1307 3400 Voce.

285 3443 316 3479 oo
333 3429 435 3495 dupino:
454 3428 545 3481 derunt
563 3431 588 3481 in
608 3430 666 3482 edd.
686 3430 852 3484 dianatienam
876 3432 1094 3485 antecedentibus.
1131 3433 1181 3486 Pro
1201 3435 1308 3506 vnigata
1387 3493 1388 3496 ,

283 3531 428 3582 premerer
448 3531 478 3566 ex
498 3517 553 3567 eod.
568 3516 589 3567 A
607 3519 694 3586 recepi
712 3535 847 3589 properea.
880 3519 922 3570 Sic
934 3523 1063 3575 Horatiot
1077 3519 1157 3589 Epint.
1171 3522 1189 3573 i.
1205 3521 1232 3589 3,
1246 3524 1307 3576 28.:

284 3604 341 3654 iioo
359 3619 441 3671 opera,
469 3607 518 3656 doe
541 3608 667 3684 etodium!
680 3610 761 3676 parvi
781 3624 953 3677 properaretur
976 3619 1000 3662 et
1024 3611 1110 3678 ampli.
1149 3605 1186 3659 Gi.
1208 3613 1306 3664 vaenit

284 3689 400 3741 Sedmid
419 3688 450 3740 ad
469 3687 549 3757 Epint.
568 3688 586 3740 i.
607 3691 633 3757 2,
653 3692 695 3744 61.
733 3692 799 3746 Dein
818 3696 913 3748 doceor
930 3699 1001 3766 filios
1020 3704 1081 3749 teor
1100 3692 1144 3746 Be.
