2904 4692
591 383 669 474 *oe

137 559 288 641 apostolus
311 558 463 642 praedicat
486 532 588 621 dicens
604 554 650 636 ⁸J:
675 559 781 640 Neque
798 543 975 638 'fornicarii
992 559 1032 640 ⁹),
1058 581 1157 644 aequa

137 673 233 735 idolis
252 671 442 747 serviretur,
475 689 573 749 aeque
598 671 751 749 adulteri,
785 691 882 753 oeque
905 673 1030 750 molier,
1059 694 1157 754 aeque

136 784 342 846 musculorum
366 777 571 859 adpetitores,
595 799 693 860 aeque
714 780 814 858 farer,
838 801 934 863 aeque
948 783 1155 865 fraudatori,

135 915 233 976 aeque
257 895 393 971 ebriosi,
418 913 517 974 aeque
540 895 703 972 maledici,
737 915 836 975 aeque
856 897 1005 977 ruptores
1029 921 1156 982 raparum

135 1009 186 1069 etei
208 1013 444 1086 consequeretur.
491 1005 531 1066 Et
553 1005 631 1067 leaeo
654 1005 778 1085 quidam
799 1002 834 1078 ¹⁰)
856 1009 985 1088 fuistis3
1017 1014 1073 1074 sed
1096 1014 1155 1075 ab·

136 1122 194 1182 tort
218 1121 292 1182 estio
304 1167 313 1196 ,
344 1120 401 1180 sed
424 1119 585 1198 iustificati
608 1119 703 1195 estio,
736 1120 794 1180 sect
814 1123 1003 1200 sanctificati
1025 1128 1101 1188 ostis
1124 1118 1170 1189 ia¹

134 1237 258 1298 aomirre
290 1233 410 1296 domiai
439 1232 510 1294 iesu
544 1231 662 1294 Christi
692 1239 723 1293 et
752 1232 786 1292 ia
817 1235 930 1313 spiritu
964 1237 1016 1297 dei
1045 1240 1156 1302 austri.

134 1343 341 1412 Sanctificatus
364 1362 421 1407 nos
436 1343 514 1426 ⁸dieit
536 1344 567 1406 in
591 1345 710 1406 nomine
734 1343 843 1407 domiui
860 1345 928 1408 lesu
944 1317 1052 1410 Chrieti
1074 1356 1104 1410 et
1126 1351 1155 1412 in

133 1461 239 1542 spiritu
270 1458 320 1520 dei
349 1459 444 1520 nostri
461 1454 509 1535 ¹¹).
554 1457 635 1520 Haeo
654 1453 695 1536 19’)
724 1457 917 1521 sanctificatio
948 1464 979 1522 ut
1009 1460 1038 1522 in
1069 1462 1155 1525 nobis

134 1577 307 1656 permaneat
330 1587 458 1633 oramus.
504 1569 541 1632 Et
560 1551 631 1650 ¹quia
655 1570 791 1634 dominus
810 1568 849 1646 ¹³)
881 1579 911 1635 et
937 1572 1028 1636 iudex
1051 1582 1156 1638 noster

109 1763 115 1771 ’
204 1771 233 1832 8)
255 1769 277 1820 1.
292 1767 350 1820 Cor.
365 1768 391 1833 6,
405 1765 498 1821 9-11.
535 1768 563 1831 9)
583 1772 669 1838 Neque
689 1769 970 1838 eoimforoieariiW
991 1777 1016 1822 et
1036 1769 1084 1834 iia,
1103 1788 1153 1824 rue-

132 1873 184 1927 que
208 1859 277 1909 euim
301 1858 383 1908 idalia
407 1858 555 1908 earuieateu
581 1858 641 1919 (am.
661 1870 734 1906 voce.
753 1871 835 1923 aequa
854 1858 962 1924 forata.)
984 1855 1020 1906 Be
1043 1862 1069 1906 et
1087 1855 1154 1919 Med,

133 1959 217 2011 aeque
236 1945 297 1996 tuot.
317 1959 406 2006 uero,
426 1958 508 2010 aeque
525 1945 622 2009 saraia.
642 1936 681 2004 Α,
702 1959 750 1994 rrae
768 1944 882 2009 sareio,
901 1959 983 2010 aeque
1001 1945 1063 1994 rtor.
1082 1959 1153 1995 uero.

134 2027 192 2092 Me,
217 2031 350 2098 fornicari
373 2044 410 2094 pr.
431 2027 488 2091 Mb,
514 2031 692 2094 serenitatem
712 2025 756 2078 Ba.
793 2025 885 2079 Poeteu
905 2031 1084 2080 mareotoram
1102 2031 1153 2081 ut-

132 2119 261 2184 petr'toroe
281 2113 309 2164 G.
346 2115 510 2180 Adpetitoree
534 2112 632 2182 (appot.
646 2111 740 2178 reip.)
768 2113 842 2162 etiem
862 2111 902 2162 W.
927 2111 991 2163 Mab.
1018 2111 1053 2163 Bu
1078 2121 1104 2164 et
1129 2115 1153 2164 in

134 2201 274 2253 Testimou.
299 2199 357 2250 adv.
381 2198 432 2249 iud.
452 2198 494 2249 111.
515 2199 557 2250 65.
581 2214 606 2265 p.
626 2197 685 2249 324.
705 2198 736 2248 W
762 2206 787 2249 et
807 2197 856 2248 Mb.
895 2198 933 2250 De
957 2215 1005 2267 que
1030 2201 1153 2266 scripturo

132 2287 187 2340 viu.
212 2291 331 2356 Wapoer.
351 2285 368 2335 i.
388 2301 410 2336 e.
435 2301 460 2351 p.
481 2283 541 2348 80⁷,
561 2285 585 2335 5.
622 2284 696 2337 Cani.
715 2284 779 2335 inire
801 2299 856 2350 etp.
876 2284 939 2336 XW.
962 2286 1093 2349 not.13.,
1121 2287 1153 2335 ed

134 2375 227 2426 Donet.
248 2389 302 2440 cap.
322 2370 387 2423 Xiii.
406 2380 459 2424 not.
479 2372 522 2436 2.,
540 2372 572 2423 ed
592 2370 704 2422 Demetr.
725 2387 780 2438 cap.
801 2369 864 2422 Vili.
884 2379 936 2422 not.
956 2373 998 2434 5.‚
1023 2371 1055 2422 de
1074 2386 1154 2437 opere
1234 2395 1243 2408 x

133 2469 160 2514 et
187 2459 308 2512 eleemon.
334 2475 390 2527 eap.
411 2459 441 2510 X.
468 2467 520 2510 aot.
542 2459 582 2510 15.
620 2456 657 2509 111)
676 2458 763 2509 eeribit
787 2461 980 2514 eoaeuiitoreu.
1018 2456 1154 2525 „Quinque

132 2547 191 2598 iibri
216 2554 319 2599 veteres
344 2544 439 2598 hubent
466 2549 657 2600 ooaeaiu'torer.
700 2544 742 2595 Sie
768 2548 843 2597 etiam
869 2559 898 2596 se
924 2545 950 2595 iu
976 2544 1153 2614 antiquissimo

132 2633 226 2685 codiee
249 2634 345 2702 legione
371 2642 478 2686 testetur
504 2633 648 2698 morellius,
676 2635 700 2684 iu
725 2649 775 2684 uno
799 2633 888 2685 codiee
906 2632 1049 2685 Bodleiano
1075 2633 1153 2684 editio

132 2720 282 2790 Angiicuna.
318 2720 360 2772 Sic
380 2723 456 2772 etium
476 2721 554 2772 editio
573 2721 677 2788 vulgata
697 2719 860 2788 epietolarom
879 2721 959 2772 saneti
973 2719 1069 2771 Pauli.“
1096 2723 1153 2773 Ba·

131 2811 236 2861 tuaiue.
274 2807 330 2858 Mox
348 2811 480 2862 motetieti
498 2823 544 2874 pro
564 2811 685 2860 ruotetiei
704 2807 734 2857 Α.
758 2806 836 2881 ,θείη
856 2817 1033 2860 remoueatur
1046 2805 1086 2856 W.
1105 2805 1153 2858 iiia.

131 2891 184 2956 aa,
205 2903 402 2961 eoaoequuatur
421 2892 473 2957 Bb,
491 2883 666 2963 pueriieiuat
686 2892 725 2944 liib
745 2901 771 2942 et
790 2894 819 2942 A.
865 2892 909 2954 10)
929 2891 964 2941 ite
984 2890 1043 2941 Ver.
1063 2899 1089 2942 et
1107 2891 1152 2952 W;

132 2982 168 3031 itu
187 2980 246 3032 Ver.
268 2979 343 3031 etiem
363 2979 388 3029 in
407 2979 507 3029 Teutim.
528 2979 586 3028 adv.
606 2976 661 3027 tut.
681 2977 722 3028 111,
742 2977 785 3028 65.
806 2993 829 3043 p.
844 2977 906 3040 324,
925 2987 949 3030 et
968 2981 1031 3030 tuoe
1049 2980 1153 3044 quitum

96 3070 104 3089 ''
130 3066 211 3134 vulg„
230 3076 255 3120 et
273 3069 302 3118 ia
319 3069 364 3120 trie
381 3067 483 3134 quietem
496 3063 542 3115 Bb.
574 3062 741 3114 Confirmutur
759 3061 836 3113 ieetia
852 3079 867 3114 u
884 3060 1153 3128 mereceptuGreeeo

131 3161 218 3205 text-u:
237 3155 277 3200 nei
298 3149 375 3200 ταῦτα’
396 3169 455 3206 τινες
473 3146 526 3212 ἣτε,
551 3149 649 3202 Verbo:
669 3153 717 3203 eet
734 3151 966 3220 meristaeorum,
985 3151 1033 3203 ret
1045 3151 1152 3201 euneti-

132 3244 206 3309 fieati
223 3243 291 3294 ortis
309 3237 486 3290 desiderantur
505 3239 529 3288 in
544 3235 599 3298 ttb3
617 3239 665 3290 eet
682 3239 841 3302 eutrotifieati
857 3239 934 3299 artie,
953 3239 1001 3292 rai
1014 3237 1155 3304 iustificati

131 3329 202 3381 artie
226 3327 329 3384 inverso
354 3324 443 3376 ordine
468 3323 587 3376 exhibent
606 3322 659 3374 abe
684 3332 710 3375 et
728 3323 802 3387 Meu3
829 3327 877 3378 cert
897 3326 1058 3391 raoetifieati
1075 3327 1151 3392 aetia,

133 3429 201 3482 quae
220 3427 269 3464 om.
292 3411 331 3475 Δ,
359 3413 384 3462 iu
404 3409 440 3474 Be
458 3411 490 3462 ai.
512 3427 543 3462 m.
563 3410 698 3478 supplevit.
735 3409 913 3464 Postremae
937 3410 1009 3462 obest
1033 3414 1152 3464 nostrie

132 3499 160 3552 C.
180 3498 220 3548 W.
240 3498 329 3550 Macte
348 3507 374 3550 et
389 3497 449 3562 Ber,
467 3506 495 3550 at
514 3497 545 3548 ub
557 3498 754 3565 ¹exemplaribus
774 3497 930 3550 ueneratur.
951 3498 1032 3549 editio.
1065 3496 1151 3560 Quare

131 3587 252 3654 expunxi.
290 3584 505 3652 Pnepouitioneru
526 3592 585 3636 unte
606 3589 723 3654 upiritu,
750 3601 825 3653 qrrem
850 3599 899 3634 om.
920 3583 952 3633 W
971 3591 996 3633 et
1014 3581 1083 3646 Bab,
1113 3581 1151 3632 Me

132 3675 164 3725 ab
190 3673 223 3723 ui.
251 3689 282 3722 m.
308 3674 374 3724 inter
400 3673 442 3722 iia.
466 3673 556 3724 hebet.
602 3674 644 3735 11)
670 3671 768 3724 Desunt
791 3671 856 3724 haee
882 3673 906 3722 ia
926 3669 959 3721 Be
981 3677 1007 3720 et
1026 3668 1056 3720 Α.
1094 3668 1154 3719 Post

132 3762 231 3814 domiui
257 3758 295 3810 iib
319 3767 346 3810 et
370 3757 407 3810 Bb
431 3759 527 3810 addunt
551 3761 647 3812 aortri.
687 3761 788 3812 Uirtuti
812 3773 862 3810 our.
883 3756 952 3820 Med,
981 3771 1090 3822 moxque
1115 3759 1151 3818 io,

131 3844 200 3912 quod
219 3846 243 3896 in
258 3846 287 3893 W
308 3861 327 3898 r.
348 3862 378 3896 m.
399 3847 586 3913 superscripsit,
606 3844 680 3895 deest
699 3845 723 3894 io
738 3842 779 3894 Mi.
818 3843 862 3902 12)
882 3846 952 3896 Haeo
972 3842 1002 3893 el.
1023 3859 1054 3892 ur.
1075 3856 1148 3908 supro

132 3930 228 3981 eddidit
246 3932 272 3982 ia
291 3930 329 3984 W.
368 3931 428 3982 'ium
446 3941 582 4001 pomerei
597 3929 629 3992 Α.
669 3929 714 3996 13)
733 3932 798 3984 deae
817 3928 852 3980 uti
870 3937 1023 3994 veteresque
1045 3926 1106 3979 edd.
1125 3942 1152 3987 e.¹
