2868 4700
769 370 811 442 18

286 523 419 612 duinus,
451 531 642 598 concordiam
664 521 882 598 cohaerentem.
927 536 1120 604 Sacramenta
1139 533 1179 620 ¹⁸)
1204 540 1298 607 vestis

285 649 315 708 et
335 646 424 730 signo
447 647 608 712 declaravit
631 647 777 712 ccclesiae
799 649 948 717 unitatem.

752 847 826 916 v11.

369 989 442 1065 Quis
465 1009 540 1076 ergo
564 992 608 1055 sic
621 990 647 1070 ¹)
670 992 835 1056 sceleratus
859 998 889 1056 et
910 991 1052 1075 perfidus,
1076 993 1142 1074 quis
1164 993 1208 1056 sic
1230 991 1296 1058 dis-

284 1101 405 1166 cordiae
428 1101 531 1168 iurore
554 1125 717 1187 vaesanus,
748 1114 782 1171 ut
803 1114 853 1171 aut
875 1107 977 1172 credat
999 1107 1094 1172 scindi
1122 1125 1215 1191 posse
1245 1113 1297 1172 aut

257 1214 392 1284 saudeat
414 1217 553 1282 scindere
575 1221 715 1282 unitatem
738 1220 803 1300 dei,
835 1227 950 1284 vestem
980 1221 1107 1300 domini,
1139 1221 1296 1286 ecclesiam

283 1327 392 1392 Christi
408 1327 464 1410 ²)?
506 1329 609 1394 Monet
630 1331 695 1413 ipse
718 1332 749 1394 in
771 1333 931 1416 evangelio
954 1349 1010 1396 suo
1034 1339 1064 1395 et
1086 1331 1175 1396 docet
1191 1329 1219 1412 ³)
1246 1331 1295 1396 di-

281 1460 370 1506 ccns:
399 1443 441 1506 Et
471 1451 559 1506 crant
574 1441 602 1521 ⁴)
632 1463 712 1507 anas
741 1463 821 1524 pres
850 1452 880 1508 ct
905 1464 985 1510 onos
1003 1421 1123 1528 postor.
1167 1444 1204 1508 Et
1226 1463 1296 1508 esse

281 1573 373 1638 posse
395 1549 457 1618 uno
480 1558 510 1618 in
532 1557 729 1639 loco-aliquis
753 1559 902 1622 existimat
923 1564 973 1622 aut
991 1559 1098 1624 multos
1113 1565 1249 1641 pastores
1266 1557 1294 1638 ὅ)

281 1674 332 1730 aut
353 1686 465 1751 greges
487 1668 614 1749 plures?
657 1669 824 1751 Apostolus
847 1671 917 1733 item
933 1667 961 1748 ⁶)
983 1672 1088 1736 Paulus
1110 1672 1187 1736 hanc
1217 1691 1295 1738 ean-

281 1780 348 1842 dem
364 1781 450 1844 nobis
464 1781 616 1846 insinuans
631 1786 771 1848 unitatem
788 1786 926 1848 obsecrat
941 1791 971 1848 et
985 1785 1121 1848 horalur
1132 1784 1235 1850 dicens
1249 1779 1292 1864 7);

282 1893 426 1972 Obsecro,
450 1895 639 1976 inquinatos,
660 1899 787 1978 fratres,
807 1917 866 1979 per
882 1893 910 1977 8)
933 1917 1042 1961 nomen
1063 1899 1177 1962 domini
1193 1900 1293 1962 nostri

242 2008 351 2070 rolcsc
374 2008 496 2088 Christi,
519 2018 554 2074 ut
574 2013 608 2073 id
622 2006 649 2088 9)
672 2014 770 2093 ipsum
791 2013 903 2077 dicans
924 2031 1028 2076 omncs
1050 2020 1080 2076 ct
1099 2031 1163 2076 noa
1182 2013 1247 2076 siat
1260 2013 1295 2077 its

278 2123 366 2188 ochis
398 2125 561 2212 schismata
586 2121 636 2202 ¹⁰).
691 2126 767 2190 Sitis
799 2135 900 2190 cutem
931 2128 1082 2208 conpositi
1117 2128 1152 2190 in
1189 2125 1292 2190 codem

351 2305 396 2374 18)
415 2311 450 2361 ur
474 2317 639 2362 sacramento
662 2305 693 2358 h
728 2303 787 2358 Mox
811 2315 836 2359 et
859 2309 937 2377 eipso
962 2307 1055 2374 primus
1081 2305 1184 2375 (litteris
1209 2305 1290 2358 minu·

279 2395 398 2458 tionibus)
417 2395 512 2446 addidit
530 2394 645 2459 Gravius,
663 2404 687 2448 ct
705 2397 784 2464 sipon
801 2393 867 2445 male
886 2394 971 2446 scribit
990 2393 1018 2446 A.

350 2480 404 2533 vlt.
431 2483 457 2549 1)
475 2486 530 2535 etot
546 2490 587 2536 cst
605 2480 664 2532 edd.
683 2489 746 2532 vett.
765 2498 787 2532 c.
805 2479 909 2545 Remb.;
930 2481 984 2534 rell.
1003 2485 1045 2536 sic
1063 2491 1110 2536 est.
1146 2479 1198 2534 Sed
1218 2478 1292 2534 codd.

280 2572 359 2622 nostri
378 2585 465 2620 omnes
485 2577 510 2620 et
528 2576 647 2637 quattuor
665 2567 781 2619 Vaticani
803 2583 852 2620 ont.
871 2579 924 2633 cst,
951 2569 1034 2638 quod,
1058 2585 1114 2620 cunr
1138 2566 1293 2634 subintelligi

280 2656 356 2710 facile
373 2656 467 2724 possit,
485 2664 513 2708 ut
529 2656 691 2707 haecverba
709 2656 811 2706 suavius
830 2657 855 2706 in
874 2671 949 2707 aures
967 2656 1072 2722 cedant,
1097 2654 1293 2724 expungendum

281 2744 377 2796 censui.
420 2743 478 2795 hlox
500 2752 639 2811 praeeunte
663 2743 703 2794 hia
727 2743 814 2811 scripsi
838 2759 973 2798 suesanus
996 2757 1043 2811 pro
1068 2759 1196 2797 swanus.
1233 2738 1291 2792 Vid.

281 2830 419 2899 Wagner
443 2828 610 2900 Orthograph.
628 2830 722 2900 Vergil.
741 2849 761 2886 s.
781 2849 806 2885 v.
843 2831 909 2883 Dein
933 2833 1001 2900 prius
1025 2841 1072 2885 ant
1089 2845 1139 2882 orn.
1158 2828 1218 2881 edd.
1237 2827 1293 2878 Ds-

280 2927 361 2970 ventr.
381 2919 471 2974 Venet.
489 2920 512 2972 2.
532 2919 621 2971 Remb.
639 2918 735 2972 Erasm.
779 2919 808 2986 2)
826 2908 882 2991 Xpt
906 2923 1062 2974 aecclesiam
1088 2915 1136 2969 Mc.
1177 2914 1207 2981 3)
1227 2917 1294 2969 dicet

280 3021 327 3073 pro
352 3009 423 3060 docet
446 3005 477 3059 h.
519 3007 749 3073 Vid.loann.10‚
777 3007 817 3060 16.
857 3008 885 3072 4)
911 3007 953 3062 Sic
978 3021 1065 3060 omncs
1084 3006 1139 3058 lere
1155 3005 1214 3058 libri
1231 3009 1294 3056 vett.

281 3101 346 3145 teste
366 3093 485 3160 Baluzi03
508 3097 546 3148 sic
570 3098 645 3148 etiam
664 3096 704 3150 W.
723 3095 797 3148 Macd
819 3103 844 3148 et
861 3095 884 3147 Α
902 3113 924 3148 c.
943 3095 984 3146 ed.
1002 3094 1097 3146 Monet.
1138 3091 1177 3142 Ex
1201 3088 1294 3141 Italicis

282 3181 358 3233 codd.
376 3182 423 3234 soli
447 3183 496 3236 duo
523 3183 641 3236 exhibent
666 3184 735 3253 quod
758 3183 836 3254 vulgo
860 3183 953 3252 legitur
975 3186 1032 3237 crit
1069 3181 1098 3249 5)
1116 3179 1186 3232 Haec
1203 3176 1293 3248 verbs,

282 3275 370 3335 utpote
389 3271 415 3322 in
434 3279 551 3323 contextu
570 3271 672 3337 omissa,
690 3273 715 3322 in
728 3269 768 3322 hic
787 3271 819 3322 ad
837 3286 916 3338 marg.
935 3277 993 3322 sunt
1009 3268 1144 3336 adscripta.
1176 3263 1295 3318 Ceterum

280 3353 322 3406 hlb
342 3365 367 3407 et
382 3355 406 3408 Α
424 3356 482 3409 dant
497 3361 527 3411 in
544 3376 597 3412 ano
616 3361 682 3423 loeo,
701 3357 741 3409 hlc
759 3356 836 3409 habet
853 3375 906 3411 arro
925 3360 990 3410 loco.
1021 3354 1088 3406 Dein
1107 3355 1205 3424 aliquis
1223 3351 1295 3404 obest

281 3439 314 3492 ab
337 3441 368 3493 Α.
409 3441 459 3494 Pro
482 3448 573 3512 plures
599 3462 692 3514 prepete
717 3442 881 3496 suadentibus
907 3441 977 3493 libris
1008 3443 1101 3493 nostris
1125 3439 1244 3491 omnibus
1269 3443 1296 3488 et

280 3533 419 3596 praeeunte
437 3529 550 3582 Morellio
569 3533 713 3598 scripsimus
730 3548 823 3603 propes
838 3534 940 3601 plures.
977 3527 1005 3578 ln
1024 3528 1063 3580 hic
1079 3531 1174 3598 plores
1192 3543 1215 3579 a.
1228 3542 1248 3578 r.
1261 3540 1294 3576 m.

282 3613 392 3665 additum
411 3617 476 3668 inter
492 3633 559 3670 vers.
595 3618 624 3686 6)
643 3621 712 3672 idom
731 3633 778 3686 per
795 3633 843 3669 ras.
863 3615 912 3668 hib.
948 3615 1010 3666 Tum
1029 3616 1121 3667 vitiose
1141 3617 1230 3669 canan
1249 3610 1294 3662 Ba.

283 3699 313 3769 7)
333 3706 452 3757 obsecrat
469 3714 493 3758 ct
510 3709 631 3759 humatur
649 3715 672 3759 ct
697 3709 761 3760 dicit
779 3704 820 3754 W.
839 3703 884 3756 hie
906 3702 952 3768 lla,
970 3706 1083 3772 obsecr„
1102 3707 1169 3756 hort.
1188 3710 1212 3754 ct
1230 3701 1296 3754 dicit

282 3784 336 3852 Mb,
353 3792 419 3842 hort.
438 3800 464 3843 ct
479 3793 553 3846 docet
569 3794 659 3846 dicens
677 3790 709 3843 h.
737 3790 760 3841 1.
779 3788 837 3843 Cor.
857 3789 886 3856 1,
907 3789 947 3842 10.
982 3791 1011 3856 8)
1028 3799 1137 3860 propter
1155 3787 1195 3840 W.
1233 3785 1295 3838 Tum

282 3875 360 3930 ihesu
382 3877 422 3929 ed.
440 3877 560 3935 Deventr.
578 3880 602 3932 9.
629 3883 658 3934 id
675 3896 690 3932 a
707 3897 728 3931 r.
746 3896 779 3931 m.
798 3863 995 3948 superscriptum
1018 3879 1044 3929 in
1063 3875 1111 3929 bic.
1159 3873 1205 3944 10)
1232 3876 1294 3929 dis-

283 3970 423 4022 sensiones
446 3975 500 4022 tres
516 3965 574 4020 libri
596 3975 658 4021 vett.
682 3984 723 4036 ap.
741 3965 829 4020 bolus.
852 3975 880 4019 et
901 3965 955 4036 Bt,
980 3965 1140 4036 eandemque
1157 3961 1295 4016 lectionem
