2900 4698
668 639 701 708 ἱ

262 779 1245 866 ΜΜΜΙΨΜΜΜἯἿΨΜΜΨΜΜΜΜ

173 888 1194 982 ςΜΜΜΜΜΜὼΜωΜΜΜΜΜΛΜΜ

174 1011 231 1073 hoe
254 1007 416 1071 crediderit
432 1005 626 1084 Christianus,
650 1010 681 1066 ut
704 1005 841 1066 immunis
864 1011 1033 1082 acontnctu
1050 1007 1193 1071 malorum

174 1117 1195 1199 mmmmmssfflmfflmmmmmmm

76 1236 78 1244 '
174 1236 301 1298 adversa
318 1251 481 1317 perpessus
498 1231 533 1294 ad
551 1231 676 1294 suturam
693 1231 831 1293 laetitiam
844 1237 1032 1310 reservatum
1050 1241 1150 1297 movet
1161 1231 1194 1316 ²)

175 1349 318 1433 quosdam
342 1348 422 1430 quod
446 1347 482 1409 sit
507 1347 593 1409 nobis
616 1365 683 1408 cum
707 1347 816 1408 ceteris
846 1347 1005 1434 mortalitas
1028 1350 1084 1412 ista
1107 1357 1194 1413 coin·

174 1447 1275 1544 wmfflmmmmmmmmmmmm.

174 1571 1194 1657 cwmfflfflmmmmmmwmmoefflmm

174 1696 273 1754 manet
289 1706 359 1751 earo
376 1689 431 1750 ista
449 1685 637 1750 communia?
674 1683 878 1764 (tuendusque
894 1681 926 1764 8)
943 1670 1016 1747 'istic
1037 1687 1066 1748 in
1084 1687 1193 1750 mundo

174 1782 374 1880 snmussoum
391 1817 505 1882 genere
522 1799 649 1860 humano
668 1798 767 1858 carnis
783 1797 960 1878 aequalitate
977 1800 1194 1880 coniungimur,

174 1915 278 1997 spiritu
301 1931 482 1995 separamur.
528 1909 630 1990 itaque
654 1909 750 1972 donec
772 1911 974 1992 corruptivum
993 1911 1070 1973 istud
1095 1911 1195 1974 induat

173 2028 426 2109 incorruptionem
444 2021 494 2106 ⁴),
517 2031 547 2086 et
569 2023 693 2086 «arontaie
717 2023 774 2086 hoc
798 2025 921 2105 accipiat
944 2025 1192 2102 inmortalitatem,

246 2233 274 2325 ii
316 2275 340 2336 1)
363 2286 447 2329 monet
466 2278 592 2346 quondam
612 2273 669 2324 edd.
690 2271 777 2323 Venet.
800 2273 861 2324 Dav.
882 2274 962 2326 dune.
986 2275 1072 2328 Remb.
1095 2275 1191 2328 Eranm.

175 2375 201 2416 et
220 2363 313 2428 Gran,
342 2374 426 2417 monet
445 2361 481 2413 Bb
501 2380 521 2412 c.
544 2362 571 2413 Α.
611 2360 723 2424 Quorum
745 2360 786 2411 tric
811 2361 934 2428 deinceps
959 2365 1098 2431 pentibus,
1126 2364 1192 2430 quod

180 2453 306 2518 reperitur
331 2447 586 2510 attentationis,
615 2445 697 2497 Gravii
718 2455 743 2496 et
764 2446 873 2497 Moreiiii
900 2448 1095 2514 exemplaribus.
1131 2447 1192 2500 Turn

177 2562 242 2626 aaron
267 2589 332 2624 am.
353 2587 408 2638 pr.‚
436 2587 521 2624 esec.
541 2585 588 2636 per
606 2585 653 2620 raa.
674 2587 725 2623 nor
744 2569 799 2632 tib,
826 2587 876 2623 noa
894 2568 925 2621 Α.
962 2568 1049 2620 Statim
1074 2547 1193 2624 actitante

178 2659 236 2718 tto.
263 2661 383 2713 valetudo
403 2657 498 2710 Erarm.
520 2656 594 2709 Grar.
614 2655 710 2720 Onon,
737 2659 856 2710 valitudo
880 2659 959 2708 ceteri
984 2656 1041 2708 iibri
1062 2658 1149 2723 scripti
1168 2664 1194 2708 et

178 2745 247 2796 editi.
289 2745 324 2796 ite
351 2753 377 2796 et
402 2744 466 2796 inira
494 2760 515 2794 c.
542 2743 582 2796 fin.
611 2743 684 2794 huius
710 2745 805 2810 capitis.
850 2743 906 2794 Mox
931 2755 961 2796 ut
985 2755 1008 2796 et
1034 2743 1094 2796 edd.
1121 2751 1193 2808 vett,

179 2829 274 2880 Brasm.
295 2840 370 2898 atquo
383 2830 468 2895 Gran,
487 2841 512 2884 et
530 2846 544 2881 a
564 2847 585 2881 r.
606 2847 636 2880 m.
656 2833 852 2897 superscriptum
872 2833 897 2880 in
914 2830 960 2880 iic.
999 2829 1046 2880 Pro
1067 2833 1193 2882 immunia

178 2916 292 2969 scribunt
309 2921 428 2971 irrorante
448 2916 494 2968 tta.
515 2915 560 2968 Bb.
581 2917 611 2968 Α.
649 2916 699 2967 Sed
724 2915 891 2983 praeferenda
917 2915 995 2966 altera
1014 2911 1102 2965 iorrna.
1139 2914 1192 2965 Vid.

183 3007 302 3073 Wagner.
321 3003 337 3055 Ι.
357 3019 379 3054 c.
401 3019 425 3070 p.
442 3003 506 3066 Ι110,
526 3003 567 3054 tr.
607 3001 669 3054 [isin
690 3006 843 3072 eontcpione
863 3001 891 3052 Α.
934 3003 963 3066 2)
981 3003 1016 3052 ua
1036 2999 1059 3051 h.
1081 3001 1095 3051 Ι.
1118 2991 1193 3052 otiam

179 3089 226 3155 Bb,
243 3102 329 3144 monet
343 3090 370 3141 Α.
408 3089 468 3142 Tum
488 3101 512 3144 ct
530 3095 607 3145 notia
622 3089 670 3142 dib.
709 3089 735 3140 in
755 3105 827 3158 seqq.
848 3091 972 3159 quamdiu
991 3089 1105 3156 plerique
1118 3089 1192 3138 codd.

179 3187 203 3226 et
223 3179 295 3240 editi,
319 3195 395 3246 param
414 3181 460 3231 da'rr
478 3177 518 3228 W.
539 3177 594 3228 Mod
615 3187 640 3229 et
659 3174 693 3230 Ba
713 3195 734 3230 c.
755 3178 796 3230 ed.
817 3175 921 3241 Parnoi,
943 3180 1058 3246 quandiu
1078 3175 1114 3227 Mn
1135 3175 1193 3228 odi-¹

177 3265 310 3333 tionesque
337 3263 409 3316 Grau.
436 3263 531 3316 Mureti.
559 3263 645 3316 Baton.
670 3275 694 3316 et
713 3263 803 3316 Ronth.
842 3263 906 3316 Dein
932 3267 965 3317 nd
989 3279 1034 3331 pro
1059 3267 1143 3318 adduc
1163 3263 1192 3313 Α.

178 3349 293 3402 Proxima
320 3367 366 3417 pro
392 3369 455 3404 euro
480 3355 533 3405 iata
558 3353 583 3403 in
603 3350 641 3403 nia
664 3353 781 3406 scribitur
800 3359 893 3406 carcer
912 3358 977 3416 iate,
1005 3367 1071 3420 qnae
1090 3350 1194 3415 incutio,

176 3445 264 3504 utpote
291 3450 360 3488 mere
386 3437 516 3489 Platonica
543 3439 606 3503 (vid.
631 3443 685 3492 Act.
712 3440 744 3490 ud
771 3437 832 3489 Plat.
860 3437 965 3489 Phaedr.
991 3454 1015 3504 p.
1036 3435 1087 3487 113
1113 3443 1139 3486 et
1163 3435 1193 3486 ad

177 3519 306 3575 Phaedon.
327 3541 350 3590 p.
370 3523 421 3575 518
439 3525 541 3593 ςυρψ),
569 3527 594 3576 in
613 3525 766 3592 cyprianum
791 3541 841 3576 non
861 3525 973 3593 quadrat.
1011 3523 1083 3574 Geni.
1102 3523 1195 3574 Noster

178 3614 203 3660 in
222 3611 263 3661 ne.
284 3611 357 3662 huius
380 3613 478 3679 capitis.
526 3613 553 3673 3)
573 3609 787 3682 vanusquessb,
813 3616 880 3682 qnod
904 3629 987 3681 usque
1012 3625 1049 3678 pr.
1070 3609 1109 3661 W.
1147 3608 1195 3660 Pro

177 3701 243 3750 irtic
268 3700 296 3750 in
319 3699 455 3751 nenton
482 3704 509 3752 in
533 3703 581 3753 noc
604 3703 717 3768 maredo,
747 3697 784 3750 Bb
810 3704 872 3752 istic
895 3717 954 3752 cum
975 3702 1078 3752 mundo.
1115 3695 1196 3748 Abest

177 3800 275 3837 aomar
294 3799 309 3834 a
328 3782 364 3836 Bb
390 3794 415 3837 et
440 3788 508 3856 quod
534 3789 648 3855 sequeitur
667 3805 728 3842 cnm
745 3802 760 3837 a
779 3785 827 3837 Mb.
866 3785 991 3852 Deinceps
1010 3790 1038 3838 in
1058 3787 1196 3853 equalitate

179 3871 238 3932 [sici
253 3869 300 3920 tta.
336 3871 366 3933 ’4)
385 3873 488 3926 inducit
507 3876 730 3940 incorruptionem
742 3871 773 3923 Α.
810 3870 871 3922 Tum
890 3874 999 3923 inducet
1016 3884 1063 3936 pro
1083 3870 1196 3936 occipiat

178 3957 208 4006 Α.
244 3956 300 4010 Vid.
323 3959 344 4009 1.
359 3956 418 4013 Cor.
439 3959 481 4024 15,
501 3959 542 4011 53.
582 3959 680 4010 Deinde
704 3973 751 4030 pro
776 3957 887 4012 lectione
908 3959 1033 4012 Uiriatus
1055 3970 1070 4005 a
1090 3951 1195 4006 Baiuzio
