2880 4696
670 377 732 442 103

637 617 765 690 xlttll.

277 761 418 846 Denique
440 765 549 844 qnonto
570 759 592 842 ¹)
616 771 647 827 et
668 762 727 828 lide
750 765 866 829 maiore
887 771 918 828 et
944 767 1052 833 timore
1082 769 1208 835 meliore

187 883 257 944 sunt
280 878 340 961 qni,
365 877 499 958 quemvis
521 877 604 942 nollo
627 877 765 943 sacrificii
788 887 839 943 errt
860 880 950 944 libelli
974 881 1106 946 iocinore
1129 901 1208 950 eon-

186 993 291 1071 stricti,
315 963 454 1074 qooniom
476 997 575 1055 tomen
598 992 636 1056 do
659 991 717 1057 hoc
732 994 781 1058 vel
798 996 1015 1078 cogitaverunt,
1037 997 1096 1061 hoe
1110 999 1207 1081 ipsum

186 1104 266 1188 epod
296 1103 471 1170 sacerdotes
502 1105 551 1170 dei
584 1105 722 1171 dolenter
753 1116 783 1172 et
816 1109 989 1192 simpliciter
1022 1111 1207 1193 confitentes,

159 1217 430 1303 cexomologesim
453 1221 654 1285 conscientiae
677 1219 805 1302 iaciunt,
829 1223 917 1286 enimi
939 1223 985 1288 sui
1007 1224 1125 1306 pondus
1148 1244 1207 1289 en·
1306 1196 1309 1206 ⁵

187 1342 321 1421 ponunt,
352 1333 511 1400 solutorem
541 1335 686 1402 medelam
716 1339 817 1421 pomis
847 1339 918 1404 licet
940 1345 970 1402 et
991 1337 1115 1415 modieis
1137 1339 1207 1404 vul·

187 1449 313 1515 neribus
335 1447 513 1532 exquirunt,
542 1451 673 1513 scientes
704 1450 846 1534 scriptum
874 1467 943 1514 esse
960 1447 1004 1531 ²):
1033 1449 1121 1517 Deus
1143 1471 1208 1517 non

188 1563 373 1630 deridetur?
421 1561 561 1628 Derideri
591 1571 621 1628 ct
650 1563 858 1628 circumveniri
888 1563 962 1630 decre
997 1583 1058 1631 non
1097 1573 1207 1649 potest,

188 1696 247 1746 nec
268 1679 375 1746 astutio
396 1674 494 1762 eliqua
517 1677 639 1742 tollente
661 1676 770 1742 deludi.
814 1677 883 1743 Plus
905 1680 994 1744 immo
1024 1677 1208 1763 delinquit&

146 1795 242 1880 requi
272 1790 437 1860 secundom
467 1790 617 1856 hominem
649 1793 737 1857 deum
759 1793 895 1878 cogitans
919 1791 1049 1857 evadere
1072 1810 1106 1858 so
1128 1811 1207 1877 poe·

189 1927 260 1975 nem
282 1907 413 1974 criminis
435 1907 538 1989 credit,
564 1909 591 1972 si
612 1924 673 1973 non
695 1908 791 1991 pelam
814 1909 927 1974 crimen
949 1908 1073 1974 admisit
1118 1909 1207 1976 chri·

190 2029 256 2090 stus
284 2021 315 2086 in
347 2021 516 2104 praeceptis
546 2020 610 2085 suis
644 2018 714 2084 dicit
727 2014 771 2098 ⁴)=
834 2017 895 2096 Oui
930 2022 1080 2102 confusus
1095 2019 1124 2102 ὁ)
1160 2043 1208 2088 me
1245 1997 1250 2014 “

190 2183 400 2196 —m

259 2274 346 2334 xxtlt.
376 2274 404 2345 l)
431 2277 533 2347 quondo
557 2274 612 2328 tet.
637 2287 733 2327 omnes.
777 2269 878 2326 Deinde
903 2275 1004 2329 maiore
1028 2303 1059 2316 -·
1085 2278 1207 2332 meliores

192 2369 240 2426 tto.
256 2365 321 2423 Bab.
339 2367 364 2421 lt
382 2374 408 2420 et
431 2363 561 2417 sexdecim
579 2359 681 2428 Belum,
704 2364 820 2418 maiores
844 2365 952 2418 meliore
974 2371 1093 2432 quattuor
1110 2363 1208 2432 Bolum,

190 2463 291 2515 ..aim
308 2489 341 2502 ..
360 2456 469 2512 mutere
486 2452 526 2506 W.
546 2449 588 2504 tlt
606 2458 633 2504 et
657 2467 689 2504 cx
712 2465 777 2504 corr.
796 2449 843 2504 lllc.
880 2449 1012 2503 Accedunt
1036 2451 1126 2504 decem
1151 2453 1208 2506 libri

188 2545 278 2601 Belus.
297 2553 322 2597 et
346 2558 392 2598 sex
413 2540 505 2612 Aegl,
531 2541 594 2594 item
618 2539 677 2594 edd.
696 2547 757 2592 vett.
776 2537 898 2607 (excepto
915 2537 1050 2606 Davcotr.)
1070 2555 1092 2591 c.
1112 2538 1207 2593 manue.

189 2644 268 2707 otqtm
286 2631 394 2698 llorell.‚
411 2635 527 2687 mulereo
547 2658 578 2670 -
596 2631 721 2685 meliores
737 2627 794 2694 tto,
817 2643 924 2697 quocum
943 2625 1039 2680 iaciunt
1056 2627 1208 2696 exemplario

190 2722 313 2778 Dewntr.
331 2719 408 2774 Grec.
424 2716 519 2773 Pemel.
538 2717 595 2788 llig.
615 2714 695 2787 Orco.
712 2715 800 2770 Belus.
820 2715 909 2769 Goldte
945 2714 983 2768 lte
1006 2732 1044 2785 pr.
1063 2717 1139 2768 etiem
1160 2715 1208 2770 lic.

190 2849 251 2904 rex
267 2861 345 2919 quau
362 2825 413 2900 ils
432 2840 493 2910 (m)
509 2837 557 2893 tto.
593 2839 659 2892 netu
677 2839 822 2906 ,uersuum
840 2865 874 2878 -
892 2839 990 2893 tolero,
1008 2835 1057 2890 ns.
1088 2835 1116 2889 m
1136 2853 1207 2908 seqq.

188 2939 272 3008 ipeurl
291 2929 338 2986 Bo.
378 2927 459 2984 Peolo
482 2937 541 2999 post
565 2933 720 3000 confitentur
742 2925 821 2994 lleop.
847 2925 872 2977 t.
917 2924 980 2977 Tum
1003 2927 1210 3008 exomologesim

186 3039 236 3095 pro
261 3021 460 3090 exomologesin
482 3015 521 3082 tt,
545 3017 726 3085 exomologeses·
752 3011 815 3082 (sic)
833 3010 885 3078 Be,
909 3015 1133 3082 eelemoloneeim
1156 3010 1208 3077 tlt,

187 3110 399 3181 exomologesim
417 3101 469 3172 lte,
488 3105 705 3172 eoetcmolceece'u
722 3099 754 3153 W
772 3117 795 3155 c.
813 3099 863 3167 lte,
881 3109 909 3152 ut
926 3099 984 3153 edd.
1002 3106 1063 3152 vett
1085 3105 1110 3150 et
1128 3097 1207 3152 liem-

186 3199 251 3254 ltolt
285 3197 354 3252 loire
379 3197 514 3251 medellam
531 3189 564 3242 W
583 3199 608 3242 el
625 3189 682 3242 ltro
707 3205 730 3242 c,
749 3187 791 3242 ed.
810 3185 903 3242 Menut.
947 3185 988 3239 Dc
1011 3203 1061 3258 que
1085 3189 1208 3256 scriptore

188 3291 243 3346 vid.
260 3281 398 3342 Freund.
418 3281 449 3334 ed
469 3277 552 3333 Cicer.
571 3275 640 3331 Oret.
659 3293 705 3345 pro
724 3275 810 3330 ldilon.
827 3293 852 3345 p.
871 3274 913 3329 36.
942 3272 1092 3346 Wagner.
1112 3271 1207 3328 Ortho-

188 3375 279 3450 grepl'r.
294 3371 390 3442 Vergil.
407 3385 432 3440 p.
451 3367 502 3422 tot
520 3383 545 3420 v.
563 3369 686 3437 querella.
723 3364 783 3418 Tum
801 3368 898 3436 parete
918 3373 1020 3416 emotum
1038 3371 1078 3415 est
1096 3379 1111 3416 e
1128 3367 1207 3433 petuo

76 3473 79 3480 '
189 3470 214 3522 in
233 3465 282 3520 llo.
313 3460 404 3515 Pertic.
423 3467 447 3513 et
465 3464 523 3525 post
540 3457 599 3510 licet
617 3469 667 3508 om.
681 3451 713 3505 W
727 3461 754 3505 et
770 3452 818 3505 llo.
853 3450 921 3503 llein
939 3452 1105 3520 snodicieqoe
1121 3447 1208 3502 scribit

190 3555 238 3608 lte
281 3549 310 3617 2)
330 3547 385 3602 Gel.
404 3546 430 3613 6,
449 3543 474 3599 7.
519 3542 547 3609 3)
567 3546 620 3597 inec
645 3545 751 3611 deliquit
768 3540 815 3593 lle.
850 3536 899 3591 Pro
923 3543 1041 3610 comitans
1059 3537 1099 3588 W.
1116 3535 1156 3588 llo
1181 3543 1207 3586 et

190 3640 228 3696 tta
253 3636 376 3694 exhibent
399 3638 502 3704 coellet
539 3629 628 3684 stetim
652 3647 683 3685 ee
703 3631 814 3684 evadere
831 3625 906 3679 onem
924 3625 975 3691 lid,
993 3643 1024 3679 ee
1041 3622 1073 3676 ob
1090 3637 1111 3672 r.
1130 3637 1163 3674 m.
1181 3622 1207 3674 in

191 3745 241 3783 ros.
260 3726 370 3797 positum
389 3725 415 3775 in
432 3719 473 3773 W.
509 3717 627 3775 Proxime
643 3721 703 3773 eive
719 3731 767 3784 pro
784 3717 812 3770 ei
828 3731 882 3769 nott
904 3714 947 3766 dol
964 3711 1020 3775 llld;
1045 3709 1207 3778 negationem

192 3833 242 3871 om.
259 3814 291 3870 tt.
333 3813 363 3882 4)
386 3807 464 3864 llere.
486 3807 519 3874 8,
545 3805 587 3862 38.
629 3808 658 3873 5)
684 3805 737 3873 „lta
760 3811 863 3858 veteres
888 3800 1011 3855 editiones
1036 3803 1063 3848 ct
1085 3792 1206 3846 tredecim

190 3901 248 3958 libri
265 3909 376 3957 veteres.
412 3897 474 3953 Tres
492 3897 536 3950 elii
554 3895 671 3957 habenta
688 3897 743 3964 Qui
760 3896 891 3961 eorrfueue
909 3907 951 3944 ene
971 3885 1068 3956 suerit,
1092 3886 1206 3954 consuu-

193 3993 253 4047 dm
269 4000 295 4047 et
311 4007 358 4064 coc
377 4003 469 4044 coram
486 3994 562 4058 patre
578 4001 652 4052 oreo,
677 3986 724 4054 qui
746 3983 775 4034 tu
794 3982 877 4034 coelte
894 3987 943 4032 est.
979 3969 1129 4026 Bccceosis:
1153 3971 1207 4038 out
