2904 4692
727 399 772 468 at
867 457 869 463 .

240 560 326 624 attari
348 565 550 624 revertentem
574 558 656 640 psius
681 557 765 622 irstni
788 558 976 624 seconetttsri
998 558 1094 638 iubet,
1118 566 1150 622 nt
1172 559 1258 640 paci-

239 673 303 738 ficis
332 675 473 756 precibus
505 678 534 736 et
565 669 639 732 deus
671 673 766 752 possit
798 687 867 748 esse
898 679 1029 752 pacatos.
1075 671 1257 736 Sacrificium

239 788 298 852 deo
321 788 414 852 mains
431 782 459 862 ²)
484 790 530 848 est
551 783 610 864 {tax
633 789 735 847 nostra
758 792 789 848 et
813 784 942 848 fraterna
966 785 1129 850 concordia
1160 793 1191 848 et
1220 785 1257 850 de

238 903 349 964 sanitate
384 901 476 983 patris
510 905 540 960 et
575 897 626 960 otii
661 904 690 960 et
723 899 844 980 spiritus
875 899 969 962 sancti
1003 898 1089 980 plebs
1122 898 1256 963 adunata.

237 1013 343 1096 Neque
366 1009 485 1089 enim³i
508 1013 538 1074 in
562 1011 715 1076 sacrificiis
740 1031 817 1094 qaae
842 1013 917 1076 Abel
941 1019 971 1076 et
992 1012 1063 1076 Gaio
1089 1012 1174 1093 primi
1198 1029 1255 1092 op-

239 1128 387 1204 tulerunt,
418 1143 540 1190 munena
564 1143 668 1189 eorum
692 1125 786 1205 dens,
817 1125 870 1188 sed
895 1125 986 1189 corda
1009 1125 1194 1203 intuebatur,
1225 1131 1256 1188 nt

237 1241 288 1304 nto
309 1241 443 1321 ptnceres
465 1241 493 1303 in
518 1257 643 1303 manere
666 1241 715 1321 qdi
737 1240 873 1321 placebat
889 1240 918 1303 in
934 1238 1037 1302 eorde.
1076 1238 1153 1302 Abel
1168 1241 1256 1320 paci·

238 1353 313 1416 ficus
336 1359 366 1416 et
389 1355 486 1416 iustas
509 1349 618 1428 dunt)
642 1353 700 1416 deo
724 1354 870 1416 sacrificat
892 1355 1078 1432 innocenter,
1101 1353 1203 1416 docuit
1226 1359 1255 1417 et

208 1474 368 1546 ·ceteros‚
392 1467 511 1548 quando
535 1467 571 1528 ad
596 1467 688 1530 attare
712 1483 818 1530 manas
842 1465 982 1545 offerant,
997 1467 1049 1528 ‘sic
1068 1467 1171 1529 venire
1188 1485 1255 1528 cnm

237 1579 287 1642 dei
311 1580 435 1659 timone,
459 1597 525 1642 cum
548 1579 672 1660 simplici
696 1579 807 1657 corde,
830 1597 896 1643 enm
920 1580 991 1662 tege
1014 1580 1160 1658 institisse,
1187 1597 1253 1642 cnm

237 1691 418 1755 concordiae
437 1711 519 1774 paee.
558 1693 664 1754 Merito
687 1689 776 1768 ille⁵)
800 1692 867 1756 dum
892 1694 920 1757 in
945 1693 1092 1756 sacrificio
1116 1691 1253 1756 deitatis

237 1813 293 1883 est,
316 1806 382 1888 ipse
404 1805 593 1888 postmodum
616 1805 792 1868 sacrificium
817 1807 875 1868 deo
900 1805 994 1869 iactus
1018 1814 1083 1884 est,
1117 1812 1148 1870 ut
1170 1825 1251 1868 mar·

236 1919 342 1999 tyrium
375 1920 486 2000 primus
519 1917 681 1981 ostendens
712 1913 854 1997 iniitiaret
886 1920 1041 2002 sanguinis
1076 1921 1121 1981 sui
1155 1920 1250 2002 gioria
1266 1934 1305 1974 2¹²

236 2029 411 2095 dominicam
434 2032 604 2114 passionem
628 2033 678 2112 qui
702 2030 893 2094 et'iustitism
923 2031 1033 2094 domini
1057 2033 1199 2094 habuerat
1222 2039 1251 2093 et

234 2245 253 2278 s.
274 2245 305 2279 m.
327 2239 469 2281 consectum
489 2245 504 2282 e
522 2234 621 2300 recepit
640 2231 663 2280 tn
678 2227 742 2280 ttne.
780 2227 841 2279 Tum
862 2207 1023 2282 discedentis
1042 2227 1069 2278 G.
1107 2229 1154 2280 Pro
1173 2241 1196 2283 et
1216 2229 1249 2282 Ba

233 2315 320 2366 scribit
344 2321 399 2372 sed·
438 2315 498 2368 Tum
524 2321 554 2371 ad
581 2321 664 2370 attare
689 2315 753 2384 (sic)
779 2313 825 2366 tta.
864 2315 927 2366 Dein
954 2320 1113 2370 recedentem
1139 2318 1175 2382 (in
1200 2333 1248 2386 mg.

233 2401 282 2466 „ai
296 2406 484 2457 revertentem“
503 2419 516 2454 a
537 2419 555 2454 r.
571 2403 617 2471 m.)
630 2403 679 2454 Me.
711 2400 738 2453 ln
751 2419 822 2470 seqq.
838 2400 872 2452 ac
885 2410 911 2453 et
924 2399 979 2453 ttet
993 2417 1041 2467 tent¹
1056 2413 1086 2456 et.
1124 2405 1154 2469 2}
1166 2409 1249 2474 snaqs's

232 2489 272 2538 ed.
294 2487 356 2540 Dav.
395 2489 452 2541 Mox
470 2493 508 2557 fita·
526 2489 553 2541 C.
592 2490 655 2540 Dein
677 2494 754 2559 pleps
774 2488 821 2539 Ma.
859 2488 895 2539 ita
921 2489 986 2540 idem
1012 2489 1076 2540 iiber
1101 2505 1155 2555 cap.
1175 2489 1248 2541 xxti.

233 2583 285 2625 not.
307 2575 331 2625 3.
370 2575 408 2626 De
427 2575 475 2626 hac
494 2576 615 2642 scriptura
636 2576 686 2626 vid.
706 2578 806 2630 Osattn.
827 2558 858 2627 ad
879 2574 931 2627 Cic.
952 2577 985 2627 de
1005 2575 1120 2643 republ.
1146 2594 1170 2645 p.
1191 2577 1249 2629 att.

233 2661 263 2724 3)
287 2665 357 2714 e-s'm
383 2676 431 2712 om.
453 2661 499 2713 dia.
537 2662 598 2713 item
625 2662 692 2731 qaod
717 2664 830 2730 sequitur
846 2655 885 2718 's'n
909 2663 935 2715 C.
975 2663 1036 2714 Tum
1056 2667 1117 2716 Atat
1140 2675 1164 2717 et
1185 2667 1250 2718 Cos'ss

233 2765 299 2814 qssae
315 2751 397 2814 prisns‘
418 2747 464 2798 Me.
503 2749 638 2816 Antiquam
658 2750 806 2814 scripturam
832 2753 985 2818 spissiorem
1008 2765 1054 2817 pso
1079 2748 1176 2817 vulgari
1201 2753 1248 2802 od-

233 2835 349 2887 tuterunt
370 2836 457 2901 recepi
478 2852 509 2886 ex
529 2835 585 2886 cod.
607 2834 633 2886 G.
671 2835 727 2886 Vid.
747 2850 812 2903 qaae
833 2835 953 2886 adnotavi
975 2835 1006 2886 ad
1026 2835 1142 2887 Ambros.
1161 2850 1185 2902 p.
1199 2833 1250 2884 268

233 2926 260 2968 et
278 2919 337 2972 270,
375 2920 490 2974 Proxime
509 2922 577 2974 idem
599 2923 661 2974 iiber
679 2921 801 2973 mendose
820 2926 985 2985 induebatur,
1006 2919 1185 2975 associatur.
1224 2919 1249 2970 in

232 3021 303 3074 seqq.
322 3011 440 3076 placebat
458 3019 600 3062 correctum
620 3019 658 3062 est
676 3027 690 3060 a
709 3025 729 3060 r.
750 3027 781 3061 m.
801 3012 825 3061 in
846 3009 919 3060 atne
938 3013 1055 3080 placebit.
1084 3007 1123 3073 d)
1142 3025 1201 3061 cum
1216 3003 1250 3056 Be
1312 3005 1316 3012 '

232 3099 258 3141 et
279 3091 334 3156 did,
360 3099 406 3148 deo
424 3100 486 3151 dssm
505 3097 560 3162 dib,
586 3101 689 3152 dosns'sso
710 3095 770 3148 Bab.
809 3097 887 3149 Panto
906 3105 964 3164 post
981 3094 1192 3157 adulteretis,
1218 3097 1251 3147 ad

232 3179 307 3230 sitas*
323 3178 372 3230 Me.
412 3180 654 3248 Ci.supranot.1.
694 3183 794 3234 Deinde
814 3202 873 3237 enm
892 3179 1168 3245 admonitiunculis,
1190 3197 1250 3234 enm

232 3266 325 3317 timore
344 3268 386 3318 dei
404 3269 448 3330 (ita
469 3272 545 3321 etism
565 3270 599 3320 dli
620 3279 646 3321 et
664 3269 722 3320 edd.
743 3278 804 3322 vett.
825 3286 847 3321 c.
865 3269 961 3322 Erasm.
983 3277 1059 3337 atque
1072 3267 1170 3336 Gran),
1190 3285 1250 3321 essm

231 3353 286 3419 teqe
310 3355 444 3418 institiae,
473 3375 532 3410 essm
556 3351 674 3425 ss'snpds'es'
699 3358 777 3409 eorde
800 3355 834 3408 Bc
859 3365 884 3407 et
903 3355 966 3408 diod.
1004 3356 1069 3407 Ante
1094 3357 1251 3408 emsecrds'os

232 3435 306 3489 deest
323 3442 427 3494 cumin
446 3441 466 3493 G
485 3452 511 3493 et
531 3443 579 3495 Me.
625 3445 652 3503 5)
672 3446 717 3496 tto
735 3459 783 3493 om.
804 3442 848 3494 Bb.
887 3441 948 3494 Tum
969 3447 998 3496 s'n
1019 3445 1154 3512 soecsdfies'o
1171 3439 1250 3492 habet

232 3523 275 3577 Bc.
315 3532 364 3581 Des·
381 3529 448 3580 idem
468 3538 492 3580 et
506 3529 561 3580 ttct
581 3544 630 3581 om.
668 3528 715 3580 Pro
735 3540 783 3594 est,
801 3534 859 3599 ipse
875 3534 1042 3598 postmodam
1060 3530 1085 3578 io
1100 3527 1136 3578 nt
1151 3535 1177 3577 et
1190 3525 1249 3578 edd.

228 3613 399 3667 dianatianam
414 3614 631 3680 antecedentibus,
650 3617 709 3666 item
724 3617 748 3666 in
763 3615 858 3668 Maseli.
873 3615 1056 3684 tegimenue,
1073 3616 1249 3684 postmodnm:

231 3697 296 3750 Dein
314 3704 419 3755 domino
436 3708 528 3772 fastos
546 3711 588 3756 est
605 3702 719 3754 scribant
733 3702 752 3754 C
766 3710 791 3753 et
805 3700 851 3752 Bb.
889 3700 976 3752 Statim
995 3711 1018 3754 et
1036 3716 1082 3768 pso
1098 3699 1187 3754 sst‘dst
1200 3698 1249 3750 dib.

232 3783 315 3837 Verba
339 3802 398 3838 mox
423 3791 555 3856 aequantia
581 3793 727 3858 canonisis
751 3792 797 3843 ssss'
819 3792 906 3858 qtors'o
924 3790 1080 3842 dominicata
1097 3789 1250 3856 μυίσκαι

231 3873 255 3922 in
275 3873 365 3926 ecdem
384 3874 450 3927 libro
470 3891 489 3926 s.
509 3891 540 3926 m.
559 3877 592 3926 ita
612 3877 739 3943 concupita
757 3877 889 3945 sanquine
906 3891 958 3928 sao
976 3877 1089 3944 qtors'asss
1103 3873 1250 3925 dominicos

230 3963 377 4028 passionis.
416 3963 536 4015 Gloriam
560 3961 655 4014 habent
673 3965 748 4014 stiam
769 3961 806 4013 dia
829 3968 855 4012 et
873 3957 925 4024 as,
954 3959 1012 4011 dein
1034 3949 1166 4013 dominico
1185 3951 1205 4006 C
1223 3963 1250 4007 et
