2882 4692
722 373 765 438 38

235 534 376 598 mandans
407 539 439 596 ut
467 537 590 612 paretur
620 529 751 592 venienti
782 529 847 610 via,
879 529 934 594 sed
957 530 1023 612 ipse
1046 529 1190 608 ueniens,
1223 538 1254 594 et

235 649 311 710 viam
343 643 429 709 nobis
460 641 599 724 aperiens
633 647 663 703 et
697 640 879 722 ostendens,
912 648 944 706 ut
976 641 1025 724 qui
1057 642 1087 704 in
1120 644 1253 708 tenebris

235 759 339 824 mortis
362 761 496 820 errantes
520 754 669 836 inprovidi
692 761 722 817 et
744 756 827 818 oaeoi
849 755 931 837 prius
954 755 1071 834 fuimus,
1094 755 1160 818 tuoe
1175 776 1251 840 gra-

235 875 294 938 tiae
316 871 447 935 inminuti
471 871 527 932 iter
550 869 628 932 vitae
653 867 729 931 duoe
753 876 782 931 et
798 875 919 932 rectore
935 868 1055 932 dornino
1070 875 1252 949 teneremus,

234 987 284 1068 qui
309 985 386 1048 inter
407 989 507 1047 cetera
530 982 670 1045 salutaria
695 999 747 1044 aua
772 983 881 1044 monita
909 988 940 1043 ei
962 986 1121 1064 praecepta
1145 981 1254 1060 divina,

235 1096 340 1178 quibus
364 1094 475 1176 populo
500 1110 555 1155 suo
580 1092 708 1156 consulit
730 1091 766 1153 ad
790 1093 925 1168 salutern,
950 1093 1036 1154 etiam
1060 1093 1166 1156 orandi
1189 1095 1253 1178 ipse

234 1210 357 1272 iorrnaru
381 1204 479 1284 dedii,
503 1205 568 1286 ipse
591 1203 660 1285 quid
683 1219 875 1284 precaremur
899 1205 1012 1267 nronuit
1035 1211 1064 1266 et
1087 1203 1253 1266 instruxit?

235 1321 292 1396 (tui
316 1319 386 1382 iecit
409 1317 530 1394 vivere,
563 1313 664 1377 docuit
686 1299 847 1400 eiurare,
879 1299 1062 1395 benignitate
1085 1334 1121 1378 ea
1138 1312 1166 1393 ⁴)
1189 1317 1253 1378 soi-

234 1435 321 1511 iioei‚
357 1449 414 1514 qua
445 1435 476 1493 ei
505 1434 604 1491 cetera
635 1427 708 1490 dare
739 1432 769 1488 et
791 1426 932 1489 conferre
954 1426 1092 1509 dignatus
1115 1434 1177 1508 est,
1211 1435 1253 1506 ui,

235 1547 303 1610 durn
326 1561 418 1628 praee
442 1549 471 1606 ei
495 1543 648 1618 oratione,
680 1559 766 1621 quarn
789 1539 865 1602 iiiios
889 1539 1007 1618 docuit,
1038 1540 1114 1622 apud
1138 1546 1252 1622 patrem

234 1659 401 1741 loquimur,
435 1654 552 1718 iaciiius
583 1653 744 1717 audiamur.
797 1652 855 1714 ianr
886 1651 1075 1733 praedixerat
1087 1643 1118 1729 ⁵)
1150 1653 1251 1716 irorarn

125 1841 130 1851 1
236 1773 358 1849 venire,
385 1766 504 1850 quando
528 1767 593 1828 veri
617 1765 793 1829 adoratores
816 1763 975 1828 adorarent
997 1772 1110 1846 patrem
1134 1767 1162 1828 in
1186 1767 1251 1848 spi-

228 2035 297 2091 'van
321 2039 417 2092 saort&
440 2050 490 2088 om.
515 2033 558 2086 Be.
587 2031 651 2084 diod.
696 2031 783 2083 Statim
808 2034 913 2102 fuimns
940 2033 1013 2084 deest
1038 2035 1063 2085 in
1089 2031 1124 2086 ue
1151 2044 1177 2088 et
1201 2035 1252 2101 did,

235 2160 338 2230 aaran
362 2160 421 2211 rua
438 2145 581 2210 aeramnae
599 2152 713 2205 acarnani
731 2152 808 2202 runem
827 2168 849 2204 c.
869 2151 922 2218 uc,
948 2116 1098 2208 '‘”rnmnnr
1123 2158 1163 2221 re·
1180 2156 1213 2209 au
1231 2173 1251 2210 r.

236 2297 268 2332 rn.
288 2295 364 2347 supra
383 2277 482 2346 addito)
502 2278 579 2330 habet
597 2275 653 2340 uu,
676 2241 819 2328 '‘luminan'
838 2276 883 2334 (ex
901 2274 1084 2342 depravatione
1104 2279 1253 2330 recentioris

236 2370 338 2428 manus)
358 2364 414 2430 tta,
441 2368 586 2420 attaminari·
610 2364 657 2429 (ita
677 2370 703 2412 et
722 2361 769 2427 tii)
794 2360 928 2429 iegebatur
952 2361 1181 2428 nundinantium,
1210 2366 1252 2432 qui

236 2455 331 2520 prirnua
350 2454 458 2504 restituit
476 2453 605 2507 inminuti.
643 2447 696 2498 Vid.
717 2447 770 2498 ldb·
790 2447 821 2497 td
841 2446 932 2497 Donat.
953 2463 974 2497 c.
988 2446 1089 2516 XHU.
1109 2458 1135 2501 et
1151 2449 1214 2502 xiv,
1228 2453 1252 2502 7.

236 2540 267 2590 da
286 2554 366 2605 opere
386 2546 412 2589 et
430 2539 552 2590 eieernos.
572 2551 594 2586 o.
609 2532 695 2584 xxw.
711 2535 735 2583 7.
755 2541 781 2584 et
800 2533 833 2583 de
852 2532 900 2584 aei.
921 2541 947 2583 et
965 2533 1039 2584 iivor.
1059 2535 1149 2586 eviii
1165 2537 1253 2606 ibique

236 2628 349 2678 adnotat.
370 2627 410 2678 12.
445 2625 601 2680 dninminari
618 2619 689 2670 dedit
706 2618 844 2671 dioreiiius.
883 2619 947 2670 Maio
966 2620 1025 2674 aias?
1048 2633 1095 2688 pro
1119 2625 1189 2676 vitae
1207 2623 1253 2688 Ba,

235 2717 328 2768 dueern
353 2722 376 2766 et
400 2721 530 2766 reatorem
549 2709 684 2762 deminum
701 2715 823 2758 nostruin
842 2715 989 2760 terreremur
1008 2704 1065 2771 uu,
1091 2711 1252 2761 rectoriae.

236 2817 346 2856 manias
365 2803 395 2852 Α.
432 2797 490 2849 iios
514 2797 646 2850 salmaria
669 2807 720 2844 orn.
740 2790 775 2842 Be
800 2800 826 2843 ei
845 2790 910 2842 uico.
949 2795 1089 2857 emutat,
1116 2792 1185 2860 quod
1206 2809 1254 2861 pro

236 2889 372 2941 eonsuirrii
395 2886 443 2952 (ita
467 2881 521 2934 Bbe
545 2889 572 2932 et
596 2878 670 2930 Mede
696 2896 718 2930 c.
744 2879 802 2930 edd.
827 2879 919 2930 Manui.
937 2878 1035 2947 ⁸Purrrei.
1057 2877 1149 2946 ungria.
1171 2876 1252 2931 Oxou.

236 2979 313 3042 atque
333 2970 484 3033 Goldhoru.)
503 2965 620 3018 Boionius
638 2966 752 3035 recepit,
771 2972 875 3019 tuentur
894 2963 932 3048 W.
953 2962 1027 3016 uati.
1046 2964 1091 3016 Ba.
1109 2964 1132 3017 Α
1151 2973 1176 3016 et
1194 2966 1252 3017 edd.

236 3121 295 3165 ante
315 3111 407 3163 dieunt.
432 3109 544 3177 itemque
565 3104 722 3158 Moreiiiaua.
757 3106 785 3157 iu
812 3107 863 3156 uuo
889 3103 983 3156 italico
1002 3111 1085 3156 exstat
1109 3053 1250 3158 emittat.

236 3201 325 3251 Stadia
349 3199 382 3249 ed
404 3211 461 3248 usa
484 3181 603 3257 satutem'
623 3192 700 3243 habet
724 3192 754 3243 Δ.
794 3189 867 3254 Quod
892 3191 1055 3259 subsequitur
1079 3193 1157 3244 etiam
1180 3203 1200 3240 r.
1221 3204 1252 3238 nr.

236 3297 311 3350 supra
331 3281 428 3335 addidit
447 3281 471 3332 in
490 3280 531 3330 W.
568 3278 629 3330 Turn
647 3282 836 3348 formum-ipse
859 3276 972 3330 seribmn
991 3276 1026 3328 ec
1043 3284 1069 3327 et
1086 3274 1151 3327 died.
1188 3273 1253 3326 Dein

235 3426 404 3495 {idiomatae
422 3419 478 3473 utcu
498 3428 523 3472 at
542 3436 581 3490 pr.
599 3416 635 3471 Bc
653 3432 761 3486 moxque
780 3370 913 3472 reomago
932 3415 977 3480 (ab
996 3415 1052 3466 aad.
1072 3414 1117 3472 in.)
1137 3413 1186 3478 ud,
1205 3416 1252 3469 in-

236 3513 317 3568 rtrnit
337 3509 383 3564 ido.
430 3507 460 3577 4)
478 3525 509 3564 ee
527 3523 577 3560 our.
598 3506 656 3560 edd.
675 3512 735 3557 vett.
773 3500 821 3556 Pro
841 3506 963 3570 rorifer-re
983 3502 1074 3571 iegitur
1086 3505 1255 3572 μ,οιηιρνιηιινο

237 3600 261 3654 in
280 3597 311 3650 Α.
347 3595 463 3651 Proxime
488 3613 548 3658 eum
572 3610 618 3664 pro
643 3598 704 3649 dum
728 3591 848 3644 exhibent
866 3590 903 3642 ui
920 3597 1073 3658 veteresque
1093 3587 1151 3640 edd.
1188 3583 1253 3638 Dein

236 3701 341 3754 praem
358 3693 382 3736 ei
399 3685 544 3737 mationem
562 3678 625 3730 Dar.
662 3680 690 3744 5)
711 3678 798 3730 ieiuni.¹
817 3677 843 3742 4,
862 3675 904 3728 23.
946 3679 1100 3738 Venturam,
1121 3672 1187 3742 quod
1207 3688 1252 3723 re-

238 3773 334 3838 peritur
353 3771 377 3820 in
397 3765 432 3820 uc
451 3767 569 3831 studeri,
590 3759 627 3819 'ex
644 3767 871 3834 interpretamento
894 3762 997 3816 duxisse
1022 3760 1180 3814 manifestum
1206 3768 1253 3812 esi.

237 3853 375 3908 Praesente
401 3854 518 3908 infinitivi
544 3867 590 3920 pro
616 3852 700 3905 futuro
726 3860 828 3907 utuntur
855 3851 943 3922 aptiori
968 3857 1095 3901 auowres.
1130 3845 1187 3898 vid.
1213 3850 1253 3900 ie.

239 3943 314 3994 uren.
335 3933 616 3994 oroaoa'ousemu.
641 3939 666 3990 iu
691 3938 860 4008 Scriptoribus
885 3935 977 3992 aeoles.
1002 3952 1026 4003 p.
1046 3933 1098 3984 677
1116 3949 1153 4002 aq.
1190 3930 1253 3984 Tana
