2882 4692
703 481 767 548 160

229 634 310 698 scire
333 653 393 717 quo
416 637 493 702 malo
516 644 617 704 careat
641 641 763 722 etquid
785 641 857 706 honi
878 647 978 706 teneat
993 641 1021 723 ³)
1043 647 1241 712 continentiae

229 749 348 814 virtuts?
371 839 374 844 Ι
398 751 631 832 Multiplicubo,
663 755 757 836 inquit
784 757 900 820 mulieri
930 756 1004 821 deus
1020 755 1062 840 ⁴),
1096 764 1242 827 tristitias

228 872 300 926 tuus
321 872 352 926 et
371 868 501 946 pemitus
525 875 605 949 tuos,
629 877 659 932 et
680 871 714 930 in
734 870 864 934 tristitia
878 874 987 952 paries
999 874 1093 955 illias,
1117 884 1148 939 et
1161 897 1241 941 cou-

226 980 331 1042 oersia
366 989 421 1045 tua
452 985 495 1046 ad
525 985 627 1046 airum
661 993 745 1048 tuum
778 995 808 1049 et
840 988 907 1068 ipse
941 991 986 1051 tui
1020 991 1241 1072 dominabitur.

120 1100 125 1110 ⁴
201 1093 291 1158 ellos
314 1095 350 1157 ab
373 1095 428 1158 hac
450 1100 597 1162 sententie
618 1099 731 1163 liberae
754 1102 835 1182 estis,
858 1119 914 1166 vos
938 1105 1093 1168 mulierum
1108 1105 1242 1168 tristitias

230 1215 259 1271 et
280 1211 408 1292 gemitus
429 1231 490 1277 non
513 1215 628 1277 timetis.
665 1216 769 1280 Nullus
785 1218 872 1282 vobis
896 1218 933 1281 de
956 1226 1042 1302 partu
1065 1219 1143 1282 circa
1167 1219 1243 1282 tilios

228 1330 323 1388 metus
340 1323 366 1404 5)
398 1335 460 1407 est,
490 1347 548 1392 nec
570 1332 691 1394 maritus
715 1339 762 1395 est
788 1332 942 1412 dominus3
975 1335 1111 1398 dominus
1142 1341 1244 1398 vester

230 1443 259 1500 et
279 1447 366 1521 caput
390 1439 522 1505 Christus
552 1449 599 1506 est
628 1441 665 1506 ad
694 1445 786 1508 instar
818 1453 848 1508 et
878 1448 975 1510 vicem
1006 1450 1128 1513 masculi
1135 1469 1145 1526 3
1175 1467 1244 1512 sors

137 1600 141 1608 -
229 1555 317 1619 vobis
347 1560 377 1616 et
405 1556 542 1621 condicio
572 1561 735 1622 communis
766 1567 821 1623 est.
873 1561 991 1626 Domini
1022 1581 1084 1626 vox
1116 1570 1163 1626 est
1196 1563 1245 1626 illa

192 1689 218 1733 ro
231 1667 356 1732 dicentis
367 1665 409 1748 ⁶):
431 1669 508 1734 Filii
529 1673 648 1734 saeculi
669 1673 763 1735 huius
775 1667 800 1751 ⁷)
823 1682 976 1755 perierunt
996 1683 1026 1738 et
1044 1685 1244 1758 uenerantur.

233 1782 294 1858 Qut
326 1791 426 1848 autem
459 1785 624 1850 tabuerint
656 1788 865 1869 dipuatiauem
896 1793 1016 1854 soeculi
1052 1793 1139 1856 illius
1154 1788 1183 1870 ⁸)
1218 1798 1248 1854 et

229 1902 468 1966 resurrectionis
490 1923 511 1966 a
533 1903 679 1981 mortms,
702 1922 767 1967 uon
791 1904 926 1984 nubunt,
958 1925 1055 1988 neque
1081 1907 1245 1970 matrimo-

230 2017 315 2079 nium
341 2015 482 2095 faunum
514 2033 613 2098 neque
645 2018 725 2080 euim
759 2018 913 2098 incipient
942 2021 1035 2096 mori.
1090 2019 1246 2101 Aequales

230 2131 312 2192 euim
333 2138 406 2195 sunt
427 2133 548 2212 annalis
572 2132 639 2209 dci,
662 2149 735 2196 oum
766 2134 833 2196 sint
858 2135 918 2216 fitia·
934 2129 961 2209 9)
992 2134 1241 2197 resurrectionis.

192 2261 217 2305 rs
231 2245 318 2322 Quod
347 2245 438 2310 futuri
466 2246 654 2322 sumusliam
684 2263 740 2309 vos
768 2263 837 2309 csse
861 2247 1011 2329 coepistis.
1056 2245 1116 2307 Vos
1138 2261 1245 2306 resur-

231 2361 373 2426 rectionis
395 2361 523 2444 gloriam
545 2360 575 2422 iu
598 2361 656 2425 isto
680 2361 801 2424 saeculo
825 2361 882 2423 iam
905 2361 1032 2437 tenetiS,
1059 2377 1113 2440 per
1136 2376 1245 2421 saecu-

231 2476 289 2538 lum
306 2471 346 2553 ¹⁰)
385 2476 450 2567 sine
488 2475 601 2539 saeculi
633 2477 814 2558 contagione
847 2474 986 2540 transitis.
1041 2470 1113 2534 Cum
1146 2478 1245 2536 castae

236 2667 442 2676 ...m-—

301 2773 330 2840 3)
350 2757 478 2828 contineat
497 2771 547 2824 ttb.
582 2770 648 2826 Dein
667 2775 824 2828 continentia
840 2773 949 2826 virtutis
964 2769 1011 2822 Ma.
1048 2769 1077 2836 i)
1097 2772 1162 2823 duras
1180 2787 1244 2822 mu-

231 2865 293 2917 lieri
309 2860 350 2914 Fr.
369 2861 450 2914 Emm.
470 2861 493 2914 1.
520 2861 586 2931 Did.
606 2859 698 2913 Geues.
717 2860 743 2926 3,
764 2860 804 2912 16.
840 2858 918 2910 Paulo
936 2866 995 2926 post
1012 2866 1036 2910 et
1053 2873 1112 2910 oum
1138 2858 1247 2909 tristitia

232 2951 291 3003 Ver.
328 2948 389 3000 Tum
413 2953 580 3004 conuersatio
599 2947 640 3000 rr.
658 2947 741 3000 Emm.
760 2946 784 2998 1.
829 2947 857 3014 5)
876 2944 970 2996 Deleto
988 2944 1014 2995 h.
1032 2960 1058 2995 v.
1076 2944 1103 2994 in
1121 2941 1162 2993 lib
1181 2958 1195 2992 a
1214 2957 1246 2993 m.

233 3057 301 3094 suec.
319 3038 381 3092 Xlll.
400 3039 597 3108 superscriptum
615 3040 736 3108 pemitus.
780 3033 843 3085 Tum
860 3041 917 3101 post
935 3036 1050 3086 mumius
1068 3029 1109 3080 utu
1129 3045 1179 3081 orn.
1198 3037 1247 3082 est.

234 3133 295 3196 Sed,
315 3127 384 3197 quod
403 3135 462 3180 aute
480 3129 601 3180 dominus
618 3133 706 3178 cester
723 3121 817 3188 primus
834 3118 940 3170 inseruit
954 3117 1089 3182 Pantilius,
1109 3131 1159 3167 orn.
1173 3113 1248 3166 codd.

235 3219 314 3270 nostri
339 3231 435 3268 omues.
480 3214 564 3278 Quare
586 3211 701 3280 expunxi.
744 3207 863 3261 Ceterum
881 3210 948 3260 dans
965 3221 1012 3274 pro
1031 3207 1154 3259 dominus
1171 3200 1249 3252 hebet

234 3305 293 3358 Ver.
328 3301 657 3356 diminutiomem.
692 3294 809 3347 Boletum
829 3297 862 3347 ad
879 3294 906 3344 in
923 3293 969 3345 Mc.
1008 3290 1109 3344 Deinde
1128 3290 1247 3344 condicio

235 3402 305 3448 recte
329 3393 384 3445 Mod
412 3389 481 3444 etti
507 3406 528 3440 c.
548 3387 588 3438 ed.
608 3385 700 3436 Manat.
745 3381 802 3434 vid.
828 3381 947 3451 Wagu.
967 3381 1000 3432 de
1018 3378 1131 3446 orthogr.
1149 3374 1248 3445 Vergil.

235 3500 260 3552 p.
279 3483 339 3534 422.
385 3480 416 3550 6)
432 3477 492 3530 Luc.
513 3475 560 3541 20,
579 3470 701 3525 34-36.
728 3469 776 3540 ’7)
802 3472 882 3526 huius
906 3471 1009 3524 sucendi
1025 3465 1094 3518 Mbd.
1137 3463 1200 3516 Tum
1225 3473 1249 3516 et

234 3579 358 3644 ornarant
375 3568 404 3621 Α.
440 3566 517 3618 Vcrb.
536 3571 661 3635 peneraut
683 3559 722 3613 bis
747 3560 866 3628 seriptum
886 3560 911 3610 in
930 3555 978 3608 Ma.
1023 3555 1052 3620 8)
1071 3553 1191 3607 noluerit
1207 3549 1247 3601 W.

236 3659 301 3714 stad.
319 3658 360 3711 Fr.
374 3657 456 3709 Emm.
471 3655 495 3707 1.
514 3662 540 3706 et
557 3668 595 3722 pr.
608 3651 649 3704 Mb
669 3669 690 3704 c.
711 3651 769 3704 odd.
788 3658 850 3704 vett.
868 3646 992 3701 Rembolt.
1011 3654 1037 3698 et
1054 3643 1151 3697 Erasm.
1182 3640 1248 3693 Dein

236 3752 341 3808 saeculi
362 3749 441 3801 illius
465 3746 638 3814 dissentionem
660 3740 702 3793 Fr.
720 3737 801 3791 Emm.
822 3735 860 3802 1.‚
886 3737 1036 3806 alienitatem
1059 3731 1099 3786 ed.
1124 3729 1247 3782 Deventr.

238 3839 296 3907 Seq.
315 3845 339 3890 et
355 3852 375 3887 r.
396 3847 429 3884 m.
449 3845 523 3899 supra
547 3829 640 3882 adiecit
663 3831 688 3881 in
707 3827 754 3880 Mc.
790 3825 848 3878 Mox
871 3840 924 3877 nou
947 3825 1058 3889 nuiaut,
1083 3837 1165 3890 reaque
1190 3835 1246 3870 nu-

237 3930 329 3980 dentur
355 3921 411 3974 cod.
436 3918 559 3980 saxeum
585 3916 698 3987 Segnior.
725 3923 751 3968 et
775 3930 838 3966 unus
863 3912 926 3964 elius
947 3919 1019 3962 vetus
1037 3927 1090 3963 non
1108 3909 1245 3961 uniuntur

235 4021 332 4066 tantum
350 4017 416 4062 teste
429 4005 542 4059 Baluzio.
572 4004 637 4058 Ante
655 4005 758 4074 faciunt
776 4003 802 4054 iu
815 4001 837 4052 Α
850 4007 1003 4069 expunctum
1023 4005 1061 4048 est
1079 3991 1247 4048 assenciunt.

238 4097 339 4154 Deinde
361 4095 403 4150 lib
427 4103 453 4148 et
476 4110 515 4163 pr.
532 4091 565 4145 W
581 4095 719 4162 incipiunt.
764 4089 794 4159 9)
818 4105 878 4143 aum
900 4089 950 4157 stit
974 4089 1030 4141 siant
1053 4081 1084 4136 A.
1131 4078 1178 4149 to)
1200 4094 1250 4148 per·
