2858 4688
421 289 431 322 t

710 354 773 418 152

230 516 345 582 sentiro
375 515 479 577 brutus
509 513 623 596 possit,
654 529 711 573 nec
733 501 842 573 caecus
866 507 966 572 lumen
990 507 1163 588 admittere,
1193 527 1252 574 nec

232 629 342 694 surdus
364 626 477 690 audire.
523 623 604 688 llaec
631 622 827 687 considerans
858 639 951 702 saepe
981 619 1111 683 conticui
1142 627 1172 684 et
1200 621 1251 684 in·

232 734 391 827 patientem
415 737 555 821 patientia
578 735 655 814 vici,
688 755 755 798 corn
778 753 836 796 nec
859 733 971 798 docere
994 731 1152 796 indocilem
1174 751 1269 816 pos·=

233 873 297 920 sem
314 850 366 933 ¹²),
389 870 447 916 nec
469 853 588 934 impium
612 851 761 932 religione
785 851 999 930 comprimere,
1024 867 1081 910 nec
1104 847 1252 912 furentem

232 969 354 1032 lenitate
378 965 529 1029 cohibere.
577 963 636 1029 Sed
659 965 737 1026 enim
761 981 827 1026 cum
852 961 932 1024 dicas
948 961 1092 1045 plurimos
1108 964 1253 1044 conqueri

234 1079 313 1163 quod
334 1075 373 1159 ¹³)
397 1077 475 1141 bello
499 1075 633 1139 crebrius
656 1081 797 1156 surgant,
833 1075 912 1155 quod
938 1073 1021 1152 lues,
1055 1071 1135 1154 quod
1158 1073 1253 1137 lomes

231 1193 371 1258 'saeviant
393 1187 535 1271 quodque
558 1187 669 1250 imbres
692 1191 721 1248 et
744 1187 861 1266 pluvias
884 1203 992 1248 serena
1012 1183 1104 1268 longa
1120 1193 1254 1268 suspen'-

236 1305 305 1370 dant
327 1303 422 1367 nobis·
437 1301 576 1381 inputari,
600 1305 701 1360 tacere
724 1297 797 1359 ultra
821 1313 882 1359 uon
906 1301 1036 1377 oportet,
1058 1314 1096 1358 nc
1119 1297 1176 1359 iam
1192 1315 1253 1360 non

236 1415 455 1493 verecundiae,
476 1411 542 1476 ‘sed
574 1381 755 1474 diffidentiae
782 1427 851 1472 esse
873 1410 994 1491 incipiat
1016 1409 1096 1490 quod
1122 1417 1253 1472 tacemus

186 1592 191 1600 ,
236 1537 267 1594 ct
289 1529 357 1593 dum
381 1525 602 1591 criminationes
626 1520 717 1584 ialsas
740 1523 956 1585 contemnimus
979 1519 1122 1601 refutare,
1145 1521 1251 1585 videa-

231 1645 302 1704 mur
337 1635 449 1700 crimen
483 1633 680 1716 adgnoscere.
732 1631 914 1714 llespondeo
934 1627 972 1711 ¹⁴)
1006 1633 1096 1715 igitur
1130 1642 1160 1698 et
1192 1635 1253 1712 tibi,

238 1749 437 1827 Demetriaco,
459 1747 570 1829 pariter
593 1750 623 1807 et
644 1745 773 1841 ceteris?
796 1763 872 1826 quos
895 1753 925 1809 tu
949 1746 1074 1811 lorsitan
1098 1749 1253 1811 concitasti

238 1874 268 1932 et
290 1865 448 1931 adversum
471 1878 528 1924 nos
554 1859 622 1931 odia
654 1860 711 1922 tuis
741 1858 892 1922 maledicis
921 1861 1048 1924 vocibus
1078 1859 1253 1924 seminando

238 1980 362 2048 comites
385 1976 438 2039 tibi
460 1971 562 2057 plures
584 1970 693 2034 radicis
716 1977 806 2051 atque
820 1970 961 2052 originis
985 1972 1031 2034 tui
1061 1971 1256 2053 pullulatione

208 2096 211 2100 '
238 2091 354 2168 iecisti,
387 2103 463 2169 quos
486 2093 583 2146 tamen
606 2082 756 2146 sermonis
779 2081 874 2144 nostri
897 2081 1051 2146 admittere
1079 2083 1172 2146 credo
1202 2101 1256 2146 ra-

232 2204 359 2270 tionem.
403 2199 477 2262 'Nam
502 2199 552 2281 qui
574 2197 610 2260 od
635 2196 741 2260 mulum
764 2202 862 2258 notus
886 2201 932 2258 est
950 2191 990 2276 Ι5)
1017 2197 1174 2262 mendacio
1197 2197 1257 2263 iol·

227 2317 322 2384 leste
344 2315 436 2378 multo
460 2313 555 2394 magis
578 2311 614 2374 ad
637 2311 750 2375 bonum
771 2311 939 2375 movebitur
962 2311 1087 2376 veritate
1118 2319 1257 2395 cogente.

239 2443 457 2472 ἰι-ιι-ιΠ--ὺ-ΙἾ

238 2525 340 2579 sendra
356 2523 443 2590 meets
460 2505 528 2571 idem
545 2517 621 2582 liber,
640 2521 741 2573 antire
755 2521 843 2586 presb
860 2521 956 2573 tratas
975 2517 1032 2584 ills,
1049 2531 1142 2590 poaeet
1160 2517 1214 2574 Bab
1232 2529 1259 2573 et

239 2624 279 2677 pr.
295 2607 337 2671 W3
354 2610 444 2660 cidere
461 2620 508 2674 pro
527 2609 616 2658 tramea
635 2607 769 2658 admittere
789 2604 838 2656 lib.
877 2605 922 2673 ¹2)
939 2623 1020 2674 pocae
1038 2605 1069 2657 A.
1106 2605 1171 2660 lleiu
1191 2623 1257 2660 eoa-

239 2698 356 2766 primere
377 2691 433 2756 Μῦς
453 2695 643 2760 conprimerent
661 2719 695 2729 -
714 2695 858 2746 eobilmeas
876 2692 918 2758 tt,
937 2698 1161 2763 comprimere-
1181 2697 1258 2748 eote·-

241 2784 327 2835 taceas
340 2778 388 2830 lla.
425 2777 471 2841 13)
490 2787 515 2832 et
532 2781 601 2847 quod
610 2776 650 2829 W.
669 2777 750 2830 blacd.
768 2777 804 2830 Be
823 2785 850 2830 et
869 2778 901 2844 A,
919 2780 979 2831 item
998 2779 1056 2833 edd.
1075 2787 1148 2845 vett,
1167 2783 1261 2834 mirra

241 2865 280 2932 A,
306 2869 431 2920 saeviatst
448 2863 479 2915 W
500 2872 526 2916 et
545 2863 592 2915 bia.
629 2861 728 2917 Omissa
746 2869 864 2936 quodque
882 2870 1005 2937 (paactpae
1022 2866 1111 2920 scribit
1129 2865 1177 2932 lla)
1202 2875 1262 2935 post

241 2956 340 3007 a'ttrlrea
358 2951 399 3003 bib
418 2950 487 3003 addit
509 2967 615 3021 qaoque.
651 2951 713 3003 luna
729 2955 837 3021 pluviae
856 2950 906 3003 Alb.
943 2951 970 3006 lu
989 2967 1060 3022 seqq.
1079 2963 1216 3010 taeecraas
1234 2963 1262 3006 et

240 3057 302 3094 cam
326 3053 373 3106 pro
397 3041 459 3093 duas
485 3046 566 3090 exstat
589 3040 614 3090 in
638 3037 688 3090 bid.
724 3037 841 3090 Proxime
862 3037 924 3090 Bab.
947 3038 1036 3093 lld.A
1062 3048 1089 3092 et
1113 3043 1171 3094 add.
1196 3051 1259 3095 vott.

231 3126 363 3178 exbibeut
382 3127 600 3194 contetnprrs‘auta·
636 3125 724 3176 Statim
743 3129 882 3180 videamus
901 3125 950 3191 tta,
970 3131 1110 3183 videantur
1127 3132 1158 3180 A.
1196 3129 1260 3182 Dein

243 3215 403 3280 adpooacere
421 3213 518 3278 optime
537 3211 584 3263 lla.
621 3211 676 3261 illd.
698 3227 764 3280 quae
782 3211 909 3264 'adnotavi
935 3214 967 3265 ed
992 3214 1084 3267 librum
1110 3217 1143 3268 de
1162 3218 1259 3269 mortal.

243 3307 299 3364 cap.
319 3297 338 3349 1.
361 3305 413 3348 not.
434 3297 458 3350 3.
506 3299 551 3364 14)
576 3301 776 3368 lteeyuaalemaa
800 3300 858 3352 cod.
878 3299 903 3352 S.
924 3301 1048 3370 Amulpbi
1069 3319 1110 3371 sp.
1132 3301 1263 3355 balneet

244 3385 284 3437 ild
309 3393 461 3453 veteresque
486 3386 546 3438 edd.
573 3401 595 3438 e.
616 3384 712 3437 Essem.
734 3383 811 3438 Grau.
837 3395 863 3439 et
883 3388 980 3442 llorell.
1016 3389 1081 3442 l'art.
1100 3401 1123 3446 et
1143 3405 1193 3443 om.
1212 3391 1262 3456 lla,

243 3484 357 3540 prunum.
384 3475 431 3528 titt
454 3471 502 3524 ttc.
546 3472 603 3524 llos
629 3475 762 3527 aduersus
787 3488 839 3530 stoa
864 3475 984 3529 exhibent
1009 3477 1048 3528 bld
1076 3485 1102 3529 et
1128 3481 1158 3530 A.
1199 3477 1262 3529 Tuus

244 3560 391 3612 maledictis
414 3561 470 3612 tesia
495 3562 604 3614 vocibus
630 3560 718 3612 ordine
742 3563 843 3614 inverso
867 3563 956 3616 scribit
975 3565 1005 3617 A.
1043 3564 1147 3617 surrexi
1167 3565 1263 3618 deinde

230 3660 277 3696 ea
295 3645 370 3696 codd.
390 3643 449 3695 blbd
474 3648 575 3700 radicis
601 3657 624 3700 et
649 3651 763 3718 criptula
787 3652 828 3703 taa'
847 3649 907 3718 (pro
926 3650 1008 3716 tuce).
1045 3648 1083 3702 Cl.
1102 3651 1133 3702 ad
1152 3650 1209 3703 libr.
1230 3651 1263 3703 de

245 3730 364 3794 mortalit.
384 3745 439 3797 cap.
454 3730 529 3782 lll'll.
550 3741 601 3784 not.
619 3735 659 3786 11.
679 3733 741 3800 ’15)
759 3745 799 3790 eat
818 3752 868 3788 our.
886 3738 916 3788 A.
954 3736 1043 3788 Statim
1061 3742 1166 3808 fauente
1184 3756 1262 3792 meaa-

244 3820 321 3872 tacto
338 3816 432 3885 legitur
451 3819 475 3870 in
494 3819 534 3874 ed.
554 3819 647 3872 Manet.
684 3821 734 3874 Sed
760 3823 920 3892 refragantur
944 3825 1020 3876 codd.
1039 3840 1127 3876 omues
1152 3831 1178 3875 et
1202 3824 1264 3876 cdd.
1313 3836 1318 3847 ¹

232 3895 306 3953 ·⁴reli.·
321 3910 348 3953 et
365 3903 422 3972 ipse
439 3901 532 3958 lloeter
550 3919 606 3974 esp.
624 3903 681 3972 lll.·‚'
705 3901 750 3960 ubi
768 3908 856 3962 itidem
874 3910 975 3978 scripsit
992 3895 1129 3966 mendacio
1147 3911 1263 3979 falleste.
