2868 4700
219 623 250 680 et
278 616 454 680 inconeussa
484 617 618 680 firmitate
648 615 799 680 solidatos.
844 615 904 693 Oui
931 617 1033 696 aedit,
1064 616 1157 698 inquil
1172 614 1226 698 ²⁴),

218 730 313 794 verba
334 751 401 794 meo
424 739 454 794 ei
477 732 556 812 facil
583 751 637 810 eo,
669 730 808 794 similabo
838 750 904 794 eam
933 733 1001 794 oiro
1028 732 1160 811 sapienti
1176 727 1228 809 ⁹⁵),

218 845 271 926 qai
301 843 473 924 aedificavit
501 843 619 906 domam
650 861 735 905 snam
766 861 862 923 supro
888 850 1015 924 petram.
1068 844 1232 908 Descendit

216 959 332 1038 pluvia,
356 962 503 1020 venerant
513 949 555 1030 ²⁶)
571 951 707 1030 damino,
727 951 879 1030 doverant
892 955 985 1031 senti,
1009 962 1039 1016 ei
1052 955 1232 1036 inpeqerani

192 1073 252 1135 sin
274 1071 393 1134 domam
415 1070 515 1146 illam,
547 1077 577 1130 et
603 1087 664 1130 noa
693 1068 818 1142 cecidit3
844 1068 977 1149 fandata
1007 1069 1085 1130 enim
1110 1070 1173 1150 fail
1187 1064 1228 1146 Ἡ)

219 1203 311 1264 saper
329 1191 459 1264 petrem.
504 1182 611 1244 Verbis
633 1183 724 1264 igilur
739 1176 781 1259 ²⁸)
805 1183 869 1244 eius
892 1183 1040 1260 insistere,
1065 1201 1230 1263 quaecum-

220 1315 278 1377 que
301 1304 330 1359 el
354 1295 454 1360 docuit
471 1303 502 1358 ei
524 1296 594 1360 fecii
610 1295 727 1358 discere
743 1303 772 1358 ei
788 1295 889 1358 faeere
906 1294 1055 1358 debemus.
1093 1294 1230 1380 Celerum

220 1409 346 1472 eredere
368 1427 402 1472 se
425 1411 455 1472 in
478 1410 623 1472 Christum
639 1403 680 1486 ²⁹)
712 1409 863 1489 quomodo
894 1409 964 1472 dieii
992 1410 1042 1490 qui
1071 1427 1132 1472 non
1162 1409 1231 1472 lacit

221 1523 302 1604 quod
324 1524 457 1586 Christus
480 1523 580 1586 locere
603 1524 779 1606 praesepii?
823 1525 883 1588 Aul
899 1521 941 1602 3ο)
969 1525 1048 1587 unde
1075 1526 1232 1605 perveniet

182 1636 259 1701 med
281 1639 444 1719 praemium
467 1639 535 1702 fidei
558 1641 608 1721 qui
631 1639 719 1702 fidem
747 1659 807 1703 non
835 1641 897 1704 vuli
926 1657 1049 1702 servare
1079 1639 1230 1702 mandati?

221 1749 311 1816 Nuiet
327 1747 368 1829 31)
390 1770 516 1816 neeesse
539 1759 585 1816 esi
613 1760 642 1816 ei
664 1761 807 1836 vagetur,
838 1761 868 1816 et
896 1755 1001 1835 spiritu
1031 1755 1143 1816 erroris
1173 1755 1230 1816 ab·

222 1870 335 1946 repius,
357 1865 438 1929 velui
461 1868 568 1948 pulvis,
592 1887 678 1950 quern
701 1877 809 1932 venius
833 1870 953 1948 examii,
976 1869 1133 1931 ventiletur
1141 1888 1151 1944 3
1173 1885 1230 1929 nee

224 1978 399 2043 ambulando
422 1982 556 2063 proficiet
577 1983 614 2044 ed
633 1983 757 2047 salutem
776 1985 826 2065 qui
842 1984 979 2047 salurnis
993 1983 1060 2045 vioe
1075 2000 1134 2044 non
1149 1987 1231 2045 tenet

223 2093 385 2156 veritatem.

705 2291 749 2359 ΙΙ.

186 2447 211 2490 m
312 2432 451 2497 Cavenda
474 2441 541 2498 suni
563 2441 660 2498 aulem
679 2433 702 2514 ¹)
725 2454 785 2499 non
808 2435 903 2499 solnm
934 2453 1010 2518 quae
1039 2440 1107 2498 suni
1132 2440 1233 2516 aperio

224 2566 431 2577 ——..

294 2631 340 2697 24)
369 2634 452 2702 inquii
478 2647 493 2682 a
516 2648 536 2684 r.
561 2649 592 2684 m.
618 2635 644 2684 in
671 2648 747 2701 marg.
775 2632 852 2684 babet
877 2631 924 2684 Mc.
960 2631 1017 2683 vid.
1042 2631 1126 2682 blallh.
1147 2631 1172 2696 7,
1192 2630 1233 2680 24.

225 2718 270 2783 25)
295 2721 354 2772 viro
379 2721 516 2787 prudente,
543 2722 612 2772 alias
636 2721 752 2787 sapienti
774 2717 804 2768 A.
840 2717 897 2769 Mox
922 2721 1040 2785 aedificas
1059 2717 1097 2770 W.
1134 2716 1233 2769 Deinde

225 2827 328 2880 domam
346 2806 423 2842 mm
441 2840 523 2894 smper
540 2833 640 2892 petram
658 2823 714 2888 blb,
742 2840 824 2891 saper·
842 2833 943 2891 perram
967 2825 1040 2872 etiem
1067 2821 1113 2873 blo.
1142 2821 1233 2873 Manui.

225 2919 251 2962 et
269 2908 365 2976 Onon,
390 2920 527 2981 sepseram
550 2910 612 2977 (sie)
639 2911 685 2962 bla.
739 2909 785 2977 26)
810 2913 971 2963 ads-eaerum
994 2909 1053 2961 Ver.
1072 2909 1111 2960 W.
1136 2908 1233 2961 blebcd.

224 2996 286 3049 Bob.
304 2997 327 3048 A
345 3014 367 3049 c.
387 2997 445 3050 edd.
463 3006 522 3048 ante
540 2998 633 3050 bionut.
653 3007 677 3049 et
699 3006 757 3065 post
781 2997 845 3048 bane
863 2997 1018 3048 blorelliana.
1055 2997 1105 3049 Sed
1124 2989 1235 3065 praestat

224 3085 330 3152 simplex
340 3084 453 3136 verbnm.
477 3084 534 3136 Vid.
545 3084 684 3136 Gronov.
696 3083 839 3136 Observare.
851 3086 876 3134 in
884 3083 984 3150 Scripsi.
995 3084 1085 3136 eccles.
1098 3083 1232 3136 monobibl.

209 3187 248 3223 -ο,
262 3171 286 3223 3.
305 3188 329 3240 p.
343 3171 401 3224 570.
438 3171 498 3223 Turn
518 3182 646 3227 veneram
662 3187 709 3239 pro
726 3174 858 3240 flaverant
876 3171 916 3222 W.
934 3169 996 3223 Bab.
1015 3172 1073 3224 Ver.
1087 3171 1110 3224 3.
1130 3154 1156 3224 et
1173 3170 1233 3224 Rab.

225 3257 437 3326 Praepositionem
456 3268 514 3311 ante
533 3263 636 3312 domam
655 3273 704 3309 om.
717 3257 748 3309 A.
786 3258 829 3322 27)
850 3268 906 3312 oroi
921 3257 959 3309 Bb
977 3267 1003 3310 et
1015 3258 1046 3312 A.
1078 3259 1138 3311 Tura
1151 3277 1236 3328 supro

224 3366 251 3417 p.
270 3345 301 3396 W
321 3355 346 3398 et
365 3364 401 3414 pr.
420 3346 465 3400 Bo.
501 3348 548 3417 28)
567 3363 628 3418 erqo
648 3345 679 3398 A.
709 3347 775 3398 Ante
794 3350 882 3402 deensis
900 3363 948 3401 orn.
968 3358 991 3402 ei
1009 3348 1050 3400 blb
1069 3367 1091 3402 e.
1110 3349 1153 3402 Ba.
1183 3347 1234 3400 Sed

227 3434 294 3486 coni.
319 3434 398 3504 Epist.
418 3435 466 3488 Lll.
489 3453 514 3503 p.
534 3435 576 3500 72,
594 3435 619 3486 4.
662 3439 698 3490 lli
722 3439 786 3505 feeit
812 3445 836 3490 al
862 3439 949 3490 doceis
975 3453 1083 3506 moxque
1109 3443 1166 3496 aeri
1190 3454 1235 3504 pro

225 3528 315 3591 faeere
332 3522 408 3574 babet
425 3523 484 3574 Ver.
529 3522 576 3590 29)
594 3543 620 3576 re
639 3525 666 3575 ia
687 3526 823 3576 Obrimum
841 3527 946 3578 eredere
964 3523 1010 3588 Bh,
1030 3552 1060 3562 -
1082 3529 1111 3578 ia
1131 3529 1235 3579 Obrisio

227 3609 277 3663 blb.
313 3610 359 3677 30)
377 3613 409 3664 m
427 3607 457 3660 A.
493 3608 539 3672 31)
559 3612 615 3663 lllsi
633 3626 672 3677 pr.
690 3609 745 3674 bib,
770 3613 847 3664 aliter
864 3625 910 3678 pro
929 3622 1014 3680 malet,
1035 3614 1059 3662 in
1078 3611 1112 3663 Ba
1132 3613 1234 3676 omisso,

227 3696 306 3749 babet
320 3698 350 3750 Α,
372 3696 445 3758 ΙΒιεὶιι
464 3706 588 3766 svaqelar
605 3712 651 3763 pro
670 3709 694 3751 ei
711 3706 821 3768 vayeiur
832 3696 877 3752 Ba.
908 3699 965 3750 blox
983 3710 1090 3770 areptus
1109 3698 1171 3766 (sic)
1184 3697 1235 3762 rib,

228 3795 353 3854 arreptas
371 3783 408 3834 Β)
426 3791 453 3834 et
471 3782 544 3847 edd,
564 3800 628 3852 quae
647 3783 815 3836 blorelliananr
834 3793 1040 3850 antecesserunt,
1065 3788 1124 3837 item
1143 3785 1235 3836 Parael.

228 3871 319 3938 Rigalt.
340 3868 464 3942 aionon.
499 3869 526 3920 ln
553 3887 621 3941 seqq.
647 3877 764 3942 proficiat
780 3871 818 3925 Bb
843 3881 868 3924 et
887 3873 935 3926 bld.
971 3873 1087 3926 Proxime
1111 3879 1164 3927 vile
1189 3890 1235 3942 pro

228 3963 288 4014 aiae
305 3956 349 4009 Ba.
1012 3967 1014 3974 ¹

298 4045 328 4099 Π.
348 4045 376 4113 1)
395 4046 475 4100 Voce.
492 4053 592 4119 fraires
610 4051 786 4120 dilectissimi,
807 4064 872 4119 quae
886 4065 918 4101 ex
930 4049 1061 4104 cambron.
1075 4049 1131 4102 cod.
1144 4049 1237 4102 adiecit
