2904 4692
675 387 717 454 89

186 547 304 628 petitor,
327 545 419 627 ipsius
442 547 554 628 pietate
574 551 753 626 praestetur.
799 545 869 609 Post
887 548 942 610 ista
963 549 1060 611 omnia
1078 549 1107 610 in
1125 565 1204 612 oon-

187 658 383 722 surnrnatione
413 658 558 722 orationis
590 657 668 720 venit
699 657 830 720 clausula
859 659 1016 722 universas
1044 660 1204 741 petitiones

187 777 217 832 et
246 787 353 851 preoes
385 777 504 833 nostras
521 766 563 844 ²²)
594 768 718 832 collecta
750 768 895 831 brevitate
927 770 1118 834 concludens.
1171 773 1204 835 in

187 882 350 944 novissimo
384 884 461 944 enirn
495 883 631 963 ponimus
648 877 708 954 ἢ);
742 880 805 942 Sed
835 881 937 943 tibere
968 901 1025 945 nos
1060 903 1080 944 a
1109 885 1203 961 molo,

188 992 467 1074 oonprebendantes
490 992 618 1056 adversa
641 997 764 1070 eunota,
787 1009 866 1072 quas
888 999 991 1056 eontra
1014 1012 1070 1058 nos
1093 997 1123 1056 in
1147 995 1205 1058 boo

188 1104 297 1168 mundo
320 1105 438 1168 motitur
460 1105 606 1182 inimicus,
630 1121 646 1165 a
670 1102 776 1183 quibus
798 1111 898 1186 potest
917 1121 988 1168 esse
1005 1105 1062 1168 ridu
1079 1113 1109 1170 et
1122 1107 1204 1170 bruta

187 1217 295 1295 tutela,
318 1217 344 1280 si
368 1234 424 1279 nos
449 1216 522 1279 deus
546 1215 669 1292 iiberet,
692 1216 718 1276 si
741 1214 969 1296 deprecantibus
992 1225 1080 1300 utque
1103 1220 1205 1301 inplo-

186 1329 319 1391 rantibus
353 1346 441 1409 opem
473 1345 556 1390 suarn
589 1332 729 1408 praestet.
776 1327 900 1400 Quando
933 1309 1029 1391 auteur
1063 1330 1204 1394 otuinus:

187 1441 303 1504 Libero
324 1459 384 1503 nur
407 1459 428 1502 u
448 1441 549 1514 muto,
584 1439 655 1502 nibil
679 1419 811 1500 remanet
841 1440 920 1520 quod
950 1440 1025 1504 ultra
1048 1443 1145 1506 adbuc
1161 1440 1204 1519 ²⁴)

188 1554 295 1616 debeat
315 1553 469 1635 postulari,
493 1550 612 1633 quando
633 1551 727 1614 semel
749 1553 965 1631 protectionem
988 1554 1036 1618 dei
1059 1555 1205 1620 adversus

71 1739 73 1745 ¹
188 1667 294 1730 nuatum
316 1671 461 1748 petamus,
484 1682 542 1746 qua
565 1665 710 1744 inpetrata
734 1669 837 1726 contra
860 1665 957 1728 ornnia
978 1683 1055 1747 quae
1071 1666 1205 1732 diabotus

188 1787 218 1843 et
248 1777 374 1842 mundus
405 1785 568 1860 operantur
598 1779 697 1840 securi
726 1785 838 1841 stamus
868 1787 897 1841 et
923 1781 985 1842 tuti.
1031 1781 1104 1854 Quis
1126 1783 1205 1844 eninr

188 1892 216 1952 ei
228 1888 270 1966 ²⁶)
293 1891 331 1954 de
352 1891 475 1964 saeouto
498 1896 592 1954 metus
617 1896 671 1967 est,
695 1891 745 1952 eui
763 1889 793 1952 iu
809 1891 931 1953 sarorio
948 1893 1022 1954 dous
1038 1897 1118 1956 tutor
1132 1893 1205 1977 est?

665 2085 725 2156 XX.

276 2228 351 2302 Quid
375 2215 495 2305 mirum,
528 2187 635 2289 iratres
659 2225 858 2303 diteotbsini,
892 2226 917 2288 si
941 2227 1037 2290 oratio
1061 2228 1204 2304 ortissu,

147 2349 152 2360 ‘
188 2361 274 2424 quam
296 2341 318 2418 ¹)
346 2341 419 2406 deus
443 2341 561 2420 docuit,
593 2342 643 2420 qni
667 2341 839 2422 magisterio
862 2357 917 2402 suo
942 2358 1059 2402 omnent
1083 2358 1204 2423 precem
1255 2326 1259 2333 “

187 2462 319 2518 nostram
352 2455 473 2518 satutari
501 2470 642 2516 sermone
672 2453 844 2516 breviavit?
888 2453 953 2516 Hoo
981 2455 1038 2518 iarn
1062 2473 1118 2536 per
1140 2455 1204 2518 He-

151 2569 277 2630 .saiaru
293 2563 323 2641 9)
352 2567 526 2649 prophetam
558 2567 656 2629 tuerat
684 2572 753 2629 aute
776 2565 976 2647 praedictum,
1008 2586 1074 2632 oum
1097 2569 1203 2650 plenus

187 2681 292 2761 spiritu
326 2686 430 2742 sancto
465 2679 503 2740 de
537 2679 585 2740 dei
619 2680 771 2742 maiestate
806 2696 840 2739 ao
873 2681 983 2760 pietate
1020 2680 1204 2761 toqueretur.

188 2925 255 2959 arn.
273 2925 311 2975 pr.
330 2893 442 2958 babebat
459 2909 619 2974 protentione
636 2916 767 2959 aarum.
805 2903 902 2967 Quibus
921 2906 1054 2958 uocabulis
1072 2907 1165 2959 dsistis
1183 2924 1204 2959 r.
1238 2917 1244 2933 ’
1271 2949 1273 2954 ,

188 3011 219 3045 nr.
240 2994 417 3061 superscripsit
442 2996 534 3061 pietate
550 3001 709 3062 praestetur.
755 2991 848 3068 22)Ιιι
868 2990 907 3041 bib
927 3007 958 3042 tu.
977 3007 1015 3058 pr.
1034 2993 1154 3044 omiserat
1171 3003 1204 3047 st.

188 3115 261 3168 Unde
279 3087 410 3166 recentior
429 3113 501 3165 dedit
517 3087 661 3182 βαθέῃ,
682 3109 716 3162 Br
737 3109 814 3162 babet
830 3122 938 3166 nastros
955 3128 1056 3181 paru.
1094 3113 1141 3180 23)
1159 3116 1204 3167 st.

188 3207 273 3258 rimus
294 3201 336 3253 ba.
373 3200 439 3252 iutra
457 3217 511 3254 sou
528 3209 613 3269 poisat
631 3199 671 3251 ed.
692 3197 788 3263 Oxon.;
811 3203 860 3269 fids
878 3198 933 3264 bia,
951 3204 1028 3269 [ιω
1046 3210 1070 3253 st
1087 3203 1138 3266 pua
1158 3210 1204 3254 m.

187 3294 238 3344 tsts
256 3287 276 3340 C
296 3297 322 3340 et
336 3287 377 3339 bii.
413 3287 471 3339 dios
489 3297 512 3340 st
529 3291 557 3340 ss'
575 3290 792 3356 &mussantibus
805 3285 855 3352 ttb,
873 3289 932 3342 nisi
948 3301 995 3356 pro
1014 3289 1041 3340 ai
1058 3285 1204 3351 od.010n.‚

187 3379 215 3429 si
230 3377 402 3446 preeuntibus
423 3373 468 3426 sb.
511 3374 556 3438 24)
577 3377 662 3428 aditur
680 3377 752 3446 uitro
772 3371 817 3426 bb.
854 3371 910 3426 ttox
927 3377 1087 3444 prutsstians
1105 3373 1145 3436 W.
1166 3373 1205 3427 bis

189 3471 215 3514 at
233 3462 278 3514 ba.
314 3461 375 3514 Tum
395 3465 494 3515 domiai
512 3458 558 3513 db.
595 3461 642 3528 25]
661 3471 685 3516 at
703 3460 758 3526 bib,
777 3465 819 3516 ost
837 3459 865 3512 G.

258 3566 308 3619 XX.
332 3568 357 3628 1)
378 3570 479 3637 quatern
491 3564 537 3618 tta.
571 3565 632 3618 Tum
646 3583 719 3620 amns
730 3577 899 3636 praeseptum
910 3577 1032 3622 auam
1045 3565 1086 3630 W,
1105 3558 1205 3623 otum

186 3681 356 3740 praereptum
373 3658 433 3726 naa-n
452 3672 515 3740 (sio)
533 3672 572 3724 bia
593 3679 619 3723 et
637 3669 683 3734 Ba,
702 3687 803 3725 oasam
818 3689 910 3740 passm
927 3681 1047 3728 mass
1064 3667 1101 3721 db
1120 3684 1143 3720 a.
1164 3668 1204 3720 sd.

189 3755 282 3808 Manat.
318 3757 384 3809 Dsiu
410 3762 538 3814 basiabit
557 3756 592 3810 ua
617 3765 644 3808 st
667 3772 706 3824 pr.
726 3755 774 3808 tta.
818 3756 848 3824 2)
867 3761 980 3812 idum
998 3756 1037 3807 W.
1056 3753 1121 3807 dau.
1141 3751 1204 3817 sat,

186 3841 351 3916 tissimi),
378 3847 477 3900 tsuiasr
497 3845 552 3909 bis,
580 3843 692 3904 Ystsn
710 3842 752 3894 ut.
790 3842 817 3896 tn
839 3859 911 3912 seqq.
930 3852 1073 3911 mynters
1091 3838 1146 3906 Hs,
1172 3857 1204 3892 ss

185 3931 280 3995 pietate
298 3944 348 3980 orn.
368 3929 415 3982 Bb.
890 3964 893 3970 ·
