2858 4688
606 319 609 323 ’
643 332 705 398 tte

162 499 193 556 et
216 488 323 572 dedat,
355 493 381 556 si
409 493 466 557 sibi
497 492 572 556 mele
602 493 640 556 sit
656 488 684 568 ³)
713 493 744 556 in
775 493 914 574 saeculo,
945 495 993 558 aui
1016 495 1095 560 bene
1116 514 1177 562 non

160 611 261 686 petest
285 623 355 668 essa
376 614 445 688 post
472 606 641 685 saeculum,
673 607 757 670 euius
787 607 908 672 vivendi
939 608 1052 672 fructus
1083 611 1179 690 omnis

161 715 209 778 bia
232 716 355 798 eapitur,
379 719 463 781 cuius
485 717 533 782 hie
556 717 699 794 solacium
723 734 811 783 omne
833 717 940 798 finitur,
964 702 1048 784 euius
1065 722 1179 784 caduca

162 837 192 892 et
215 831 315 894 brevis
337 831 397 893 vita
420 831 468 893 bie
491 831 617 912 aliquam
643 830 829 894 dulcedinem
859 839 1000 914 conputat
1029 841 1059 896 et
1086 835 1178 897 voiu-

160 949 282 1027 ptatem,
306 944 426 1026 quanda
448 945 535 1006 istinc
558 947 735 1024 excesserit,
760 963 854 1026 paene
879 945 935 1008 iam
958 947 1023 1010 sela
1039 955 1178 1029 superest

161 1057 197 1118 ad
221 1039 365 1120 dolerem.
410 1056 548 1120 Ceterum
572 1058 669 1121 nuilus
692 1059 737 1121 bis
755 1055 782 1136 ⁴)
812 1059 898 1122 dolor
926 1065 972 1122 est
1003 1058 1041 1122 de
1071 1062 1177 1124 braur-

158 1170 247 1235 sione
271 1171 413 1236 malorum
437 1172 654 1252 praesentium,
683 1173 790 1252 quibus
813 1173 920 1236 fiducia
943 1181 990 1238 est
1011 1174 1177 1240 suturarum

160 1283 317 1347 benorum.
370 1284 506 1366 Denique
536 1303 593 1348 nee
609 1283 637 1363 ⁵)
671 1291 897 1349 consternamur
931 1287 1086 1367 adversis,
1121 1307 1178 1352 nee

160 1392 340 1478 frangimur,
371 1414 429 1460 nec
458 1395 612 1476 dolemus,
642 1373 741 1480 ndque
763 1399 792 1460 in
815 1396 872 1460 uile
896 1407 947 1462 aut
968 1418 1069 1464 rerum
1093 1400 1177 1465 clade

159 1513 209 1572 aut
240 1526 401 1608 carporum
435 1509 597 1572 valitudine
629 1511 827 1574 mussitamus.
880 1511 989 1594 Spiritu
1008 1509 1036 1589 6)
1070 1515 1175 1600 magis,

229 1741 258 1812 3)
277 1748 314 1798 eit
332 1759 382 1796 om.
395 1741 448 1806 Bb;
466 1745 518 1811 eie,
539 1743 598 1796 dein
617 1760 677 1798 ease
694 1761 747 1798 etan
764 1753 848 1815 pataet
866 1744 944 1798 babet
963 1743 994 1811 t,
1013 1761 1074 1802 me
1093 1747 1124 1800 ab
1144 1749 1176 1802 ai.

160 1846 192 1880 m.
212 1829 254 1882 W.
288 1828 336 1882 Pro
355 1834 465 1900 fruetur
484 1829 523 1881 bia
541 1839 566 1882 et
585 1832 646 1882 editi
664 1839 727 1882 vett.
748 1831 809 1882 dant
826 1836 897 1900 fissis.
935 1831 1023 1884 Statim
1044 1838 1177 1904 accipitur

159 1913 247 1966 scribit
266 1914 315 1982 bie,
337 1921 466 1971 calneium
485 1915 566 1985 (vulg.
586 1917 726 1984 solatium)
744 1917 916 1984 praebuerunt
936 1917 975 1975 W.
993 1917 1076 1969 biabd'.
1096 1917 1132 1970 Ba
1151 1929 1177 1972 et

159 2001 189 2052 A.
228 2002 283 2054 Vid.
306 2006 427 2074 Wayner.
445 2004 463 2055 l.
484 2021 507 2056 a.
527 2020 552 2071 p.
571 2003 630 2055 472.
668 2003 695 2054 iu
721 2020 792 2072 seqq.
818 2004 910 2072 emissa
935 2006 1023 2070 partie.
1043 2015 1066 2058 et
1085 2005 1125 2056 bid
1150 2015 1176 2057 et

159 2087 216 2139 edd.
238 2098 300 2142 vett.
321 2107 342 2143 e.
362 2089 460 2142 Erasm.
480 2099 507 2141 et
525 2089 600 2142 Grau.
626 2088 747 2142 exhibent
770 2093 951 2160 voluptatum,
979 2092 1005 2142 in
1023 2089 1060 2143 Ba
1084 2091 1196 2161 legitur*

157 2179 294 2247 volumtate.
333 2177 398 2229 Ante
424 2180 525 2247 quanda
552 2173 661 2244 (Eresm.
688 2175 769 2226 edidit
794 2182 865 2240 eum)
892 2176 933 2227 ed.
959 2175 1022 2228 Dav.
1048 2179 1176 2230 interserit

158 2267 212 2328 eni,
233 2263 308 2315 Grau.
327 2253 379 2334 'qui
417 2263 465 2316 Pro
482 2267 565 2318 iatine
585 2263 625 2314 bib
644 2271 670 2314 et
687 2261 760 2317 Grau.
780 2263 874 2314 babeat
892 2267 962 2317 bine.
999 2263 1061 2315 Tum
1079 2282 1174 2318 reeen-

157 2341 224 2403 aa'rt't
241 2352 300 2403 edd.
321 2359 383 2404 vett.
403 2349 500 2402 Eresm.
522 2359 548 2402 et
566 2349 676 2413 biauut.;
696 2352 807 2402 correxit
824 2358 908 2400 temen
925 2351 967 2400 uir
986 2350 1050 2401 doct.
1072 2352 1097 2402 in
1110 2351 1174 2402 Gat-

158 2438 267 2504 tingensi
286 2439 423 2507 exemplari
442 2443 599 2505 ease-rearis,
621 2438 687 2507 qnod
703 2440 787 2505 reperi
801 2440 825 2488 in
839 2437 891 2502 Bb;
910 2440 1174 2505 deterserint-prime

157 2521 290 2591 legebatur
314 2529 339 2578 in
363 2527 410 2578 bib.
454 2526 541 2578 Statim
566 2526 657 2577 ordine
682 2527 782 2576 inverse
809 2529 868 2578 eota
894 2527 948 2578 inm
971 2524 1086 2576 scribunt
1109 2524 1173 2577 ttbc.
1239 2590 1246 2597 ¹

156 2612 185 2678 4)
205 2615 249 2665 bia
261 2609 301 2664 W.
315 2613 378 2666 biae.
393 2611 446 2665 Bab
466 2622 491 2666 et
509 2614 560 2664 duo
573 2612 672 2681 Angiici
692 2627 713 2664 e.
728 2612 768 2662 ed.
783 2611 868 2676 Gran,
887 2615 942 2664 trita
961 2611 1089 2678 exemptar
1101 2611 1173 2678 Dae,

156 2703 199 2752 bie
213 2699 270 2750 idbd
289 2708 315 2751 et
328 2700 359 2767 A,
378 2703 439 2752 item
459 2701 509 2752 duo
522 2701 623 2769 Angliei
641 2709 793 2767 veteresque
810 2698 868 2750 edd.
882 2714 904 2749 e.
918 2697 1053 2749 breomet
1067 2698 1173 2763 bioreii„

77 2797 81 2810 ·
157 2789 196 2837 iia
220 2783 312 2838 manus.
338 2787 432 2838 Pamei.
459 2797 485 2839 et
507 2791 671 2839 recentiores.
708 2786 764 2836 Vid.
790 2801 866 2850 supra
891 2795 943 2838 nat.
964 2786 988 2836 1.
1025 2789 1075 2839 Est
1099 2802 1118 2836 r.
1141 2801 1172 2836 m.

157 2871 308 2938 interpeauit
334 2873 359 2922 in
387 2871 426 2922 W.
469 2871 530 2922 Tum
555 2874 739 2924 incursatione
766 2853 848 2920 codd.r
866 2869 906 2919 W.
935 2855 982 2921 bib.
1010 2870 1062 2920 Bnb
1089 2879 1115 2921 et
1140 2871 1172 2935 A,

157 2955 306 3024 quibuscum
324 2957 421 3010 iaciunt
439 2959 497 3010 edd.
515 2958 607 3010 bianut.
628 2956 723 3007 bioreli.
743 2955 838 3006 Pamel.
860 2955 953 3022 urgan.
973 2964 999 3006 et
1011 2956 1107 3020 Oxon.;
1127 2959 1173 3008 aad

155 3047 312 3116 inerereimta
330 3055 431 3098 tuentur
450 3047 530 3097 ceteri
548 3045 606 3096 iibri
625 3044 712 3109 scripti
732 3051 759 3093 et
777 3041 847 3092 editi.
892 3043 920 3104 5)
940 3059 1022 3110 neque
1042 3041 1072 3093 A:
1110 3041 1172 3094 Dein

156 3141 358 3187 eartaternemer
376 3133 416 3184 W.
438 3133 476 3184 tta
501 3141 526 3183 et
547 3131 585 3183 bb
610 3133 721 3198 itemque
746 3129 805 3181 edd.
831 3137 893 3180 vett.
920 3137 1022 3196 praeter
1039 3128 1103 3180 Dav.
1125 3145 1172 3182 une

156 3233 213 3268 cum
233 3217 325 3270 Manat.
345 3219 442 3271 bioreii.
461 3218 529 3270 Pam.
549 3217 638 3286 Rigalt.
657 3224 684 3268 et
703 3214 801 3280 Onon,
823 3224 1029 3268 eonetemaatur
1048 3217 1084 3280 A,
1105 3233 1171 3270 eorr-

156 3309 304 3360 sternimur
322 3307 379 3359 bibd
398 3316 425 3359 et
443 3307 488 3372 ba,
508 3307 599 3376 quibus
617 3305 803 3373 adstipulantur
821 3303 880 3354 edd.
896 3301 960 3355 Dav.
981 3302 1077 3354 Eresm.
1098 3303 1171 3356 Grau.

156 3435 232 3494 atque
251 3427 355 3496 Belum,
382 3405 582 3484 ennaterndmur
600 3427 646 3479 bic.
682 3427 743 3479 Post
762 3429 888 3480 adversis
908 3424 943 3476 Ba
963 3425 1033 3476 addit
1058 3429 1170 3478 oramina.

154 3513 272 3568 Proxima
297 3523 326 3571 in
349 3522 424 3573 nulla
448 3518 542 3570 babent
560 3517 598 3568 dia
620 3524 646 3569 et
664 3515 718 3582 Bt,
744 3519 773 3568 in
791 3518 867 3568 nulla
884 3533 975 3568 rarum
994 3517 1067 3566 elude
1084 3512 1172 3563 scribit

156 3601 199 3654 Ba.
240 3607 385 3660 Valitudine
410 3623 457 3675 pro
483 3611 558 3661 valet.
584 3612 714 3670 receptum
733 3619 748 3652 e
767 3602 843 3654 codd.
863 3600 901 3653 W.
920 3600 1002 3652 biaed.
1023 3599 1074 3652 Bab
1095 3605 1121 3648 et
1140 3598 1170 3650 Α.

155 3691 316 3778 Concordem
340 3729 399 3780 edd.
423 3735 485 3780 vett.
506 3727 598 3779 Manat.
618 3734 643 3776 et
662 3723 772 3788 Parasi,
800 3687 948 3778 eatitudtse
973 3730 1054 3785 exstat
1077 3721 1100 3770 in
1121 3717 1170 3772 bib.

154 3810 219 3864 Dein
243 3819 404 3870 maceramus
422 3815 462 3868 W.
489 3813 571 3864 biebd.
597 3811 650 3874 Bab
676 3820 702 3864 et
727 3811 749 3861 Α
774 3827 796 3863 a.
819 3810 877 3863 edd.
896 3819 959 3862 vett.
997 3809 1032 3860 ita
1057 3809 1171 3876 primitus

154 3901 230 3954 atiena
250 3902 297 3968 bie,
317 3919 330 3956 e
350 3920 370 3955 s.
391 3920 422 3956 ru.
442 3911 583 3958 mittamur.
620 3899 648 3960 6)
668 3901 788 3967 Spiritus
800 3897 843 3964 W,
862 3901 989 3968 spiritum
1005 3895 1051 3946 bia.
1088 3892 1170 3945 Primo

889 3983 964 4048 12*
1004 4050 1010 4060 ,
