2880 4696
688 295 731 366 6¹!

682 545 739 610 vt.

288 681 472 748 Exciderunt
501 686 693 768 quibusdam,
728 707 785 769 pro
818 688 903 754 nefas
918 687 960 770 ¹)t
992 691 1088 756 omnia
1117 701 1147 758 et
1176 689 1214 758 de

199 798 342 860 memoria
374 807 575 864 recesserunt
627 801 696 866 Non
725 811 975 886 exspectaverunt
999 804 1160 888 saltom²)‚
1182 814 1216 871 ut
1317 787 1332 810 ⁵

200 910 398 974 ascenderent
428 911 624 994 adprehensi,
659 920 690 976 ut
720 917 897 1001 interrogati
926 927 1080 1002 negarent
1133 922 1214 985 Ante

201 1025 296 1087 eciem
317 1025 400 1088 multi
421 1026 509 1105 victi,
531 1029 598 1090 sine
611 1024 638 1104 ³)
662 1031 879 1112 congressione
901 1034 1052 1114 prostrati,
1077 1051 1135 1097 nee
1156 1035 1215 1098 hoc

159 1138 257 1202 ssibi
293 1139 493 1220 reliquerunt,
527 1146 559 1204 ut
596 1142 765 1206 sacrificare
798 1144 884 1208 idolis
921 1145 1093 1210 viderentur
1123 1149 1214 1212 inviti.

200 1253 285 1317 Ultro
314 1252 351 1316 ad
382 1252 480 1317 iorum
510 1235 650 1335 currere,
681 1256 718 1318 ad
750 1266 875 1321 mortem
906 1268 1013 1342 sponte
1042 1280 1216 1344 properare,

201 1369 287 1448 quasi
309 1367 368 1430 hoc
391 1367 461 1430 olim
485 1375 637 1450 cuperent,
661 1371 745 1450 quasi
760 1371 1008 1455 amplecterentur
1025 1376 1215 1438 occasionem

202 1479 314 1560 datam,
346 1499 432 1563 quam
455 1499 574 1563 semper
592 1479 620 1560 ⁴)
644 1489 803 1565 optassent.
848 1485 927 1560 Quot
939 1485 966 1566 ⁵)
997 1488 1056 1550 iilic
1078 1508 1095 1580 a
1117 1490 1215 1573 magi-

202 1595 343 1658 stratibus
367 1614 493 1678 vespera
516 1603 644 1680 urgente
667 1599 747 1663 dilati
768 1607 852 1680 sunt,
881 1609 953 1684 quot
965 1599 1012 1683 ⁶),
1043 1623 1081 1668 ne
1111 1623 1216 1672 eorum

162 1725 189 1768 ro
202 1708 371 1774 differretur
403 1711 556 1791 interitus,
594 1719 624 1774 et
654 1714 861 1796 rogaverunt?
906 1715 999 1790 Quam
1029 1717 1088 1780 vim
1118 1724 1218 1800 potest

200 1823 269 1887 talis
299 1824 465 1890 obtendere
480 1820 525 1905 ⁷),
562 1845 619 1908 qua
652 1829 764 1890 crimen
795 1845 881 1893 sunm
910 1836 1033 1928 purget,
1064 1850 1129 1896 cnm
1158 1833 1217 1894 vim

202 1977 412 1990 *un——

174 2070 176 2074 ’
273 2069 315 2121 W.
344 2068 371 2134 i)
396 2067 433 2121 lta
457 2069 496 2122 W.
521 2069 595 2123 Mnbd
621 2079 647 2122 et
671 2069 726 2122 Bab
750 2088 774 2122 c.
801 2071 859 2123 edd.
884 2071 977 2125 Manat.
1000 2073 1095 2126 norell.
1121 2071 1215 2125 Penei.

200 2155 291 2226 aspele
304 2155 397 2223 Onon,
409 2176 458 2227 pro
470 2162 569 2227 nephar
581 2157 604 2209 A
616 2166 641 2210 et
658 2158 684 2209 in
703 2173 754 2226 qno
773 2158 839 2210 haec
858 2173 930 2212 voco.
949 2159 1141 2228 parenthesibus
1159 2166 1218 2212 sunt

201 2243 315 2311 inclusa,
340 2244 396 2310 bic,
416 2249 482 2315 proh
500 2250 577 2315 sessa
595 2243 685 2298 Bemh.
703 2243 777 2298 Grov.
796 2243 895 2312 Ratun,
919 2251 1095 2317 prohnefas!
1117 2244 1216 2312 dorsu,
1274 2231 1278 2240 ¹

203 2336 269 2400 proh
285 2333 387 2400 nephas
405 2332 463 2384 edd.
477 2349 514 2400 pr.
528 2341 553 2386 ot
564 2331 662 2386 Erosm.
693 2329 928 2400 censemini.
946 2350 970 2386 n.
992 2334 1014 2386 1.
1033 2334 1108 2386 etad
1126 2333 1216 2385 librum

1103 2441 1114 2474 s

203 2489 235 2544 de
252 2489 340 2542 habitu
357 2491 420 2561 virg.
441 2489 503 2560 Gap.
521 2490 584 2544 ΧΙΙΙ.
604 2509 628 2544 u.
647 2491 671 2542 6.
693 2495 833 2548 -omnio
855 2508 904 2546 om.
922 2492 953 2546 A.
996 2494 1026 2563 2)
1050 2497 1143 2549 sutton
1165 2491 1217 2558 tto,

202 2582 293 2634 sattim
311 2579 344 2629 W
362 2579 455 2644 ethio,
475 2579 603 2648 utsupra
641 2579 706 2633 Dein
725 2590 754 2634 nt
777 2583 935 2652 interropoti
956 2592 1080 2653 separent
1085 2619 1095 2650 ,
1121 2589 1150 2634 nt
1173 2589 1217 2636 tos

202 2671 372 2722 accenderent
391 2672 546 2738 apprehensi
563 2668 647 2720 invitis
666 2665 739 2719 codd.
758 2670 866 2734 nostris,
891 2669 950 2721 item
968 2669 1026 2721 Ver.
1046 2677 1072 2720 et
1089 2684 1139 2720 nno
1157 2666 1212 2720 Vnt

201 2755 383 2823 veteribusque
407 2756 478 2808 libris
503 2755 576 2807 editis
597 2755 717 2808 exhibent
736 2755 830 2808 Erasm.
851 2755 928 2809 Gran.
946 2755 1038 2808 Manui.
1055 2753 1149 2806 Pamel.
1169 2753 1215 2804 Bi·

202 2843 263 2913 gain
307 2841 378 2896 Goni.
406 2842 544 2895 Gronov.
570 2841 713 2896 Observatt.
743 2861 768 2912 p.
793 2845 852 2897 264.
898 2843 963 2895 Male
991 2852 1036 2897 cut
1062 2843 1218 2911 interrupisti

203 2928 285 2983 Oxou.
329 2929 359 2996 3)
376 2928 592 2998 Praepositiouem
612 2947 633 2982 r.
652 2947 684 2983 m.
704 2931 884 2998 superscripsit
902 2932 927 2982 in
946 2928 994 2982 bic.
1037 2930 1067 2991 t)
1085 2927 1155 2980 Hanc
1173 2927 1215 2978 ie-

113 3065 120 3070 .
202 3019 311 3070 mtrem
330 3033 376 3085 pro
394 3017 460 3086 vulg.
480 3033 585 3080 somnes·
601 3017 773 3085 praebuerunt
791 3016 866 3068 codd.
880 3016 947 3080 Ver.³
966 3024 1016 3068 tres
1031 3015 1084 3067 Vnt.
1097 3015 1137 3066 W.
1149 3013 1215 3068 biab.

201 3103 263 3160 Bab.
289 3108 329 3173 A,
356 3106 417 3158 item
442 3104 571 3158 sexdecim
601 3122 615 3156 a
638 3103 742 3158 Belusio
768 3103 852 3156 colisti
875 3123 896 3157 c.
921 3104 961 3156 ed.
985 3102 1082 3154 hiorell.
1129 3101 1217 3154 Statim

202 3197 335 3249 stimant
351 3192 401 3246 Md.
447 3194 477 3258 5)
501 3198 577 3260 Quod
594 3194 633 3246 W.
652 3193 717 3245 hisd.
736 3191 796 3244 Bab.
816 3192 839 3245 A
857 3201 882 3245 et
902 3209 939 3260 pr.
959 3191 1007 3243 bib.
1043 3191 1181 3260 Praeposit.
1201 3212 1218 3246 a

203 3291 261 3334 ante
284 3285 484 3351 inoptata-otiien
509 3298 557 3334 om.
576 3281 624 3334 bia.
661 3281 722 3332 Tum
740 3299 849 3348 coepero
866 3280 955 3333 scribit
974 3278 1005 3334 A.
1041 3278 1141 3332 Deinde
1160 3299 1213 3336 or·

204 3379 296 3438 pnente
307 3367 354 3420 Mc.
383 3367 443 3421 Mox
456 3384 501 3436 pro
520 3380 592 3436 suros,
611 3370 679 3439 quod
699 3384 751 3422 om.
771 3369 839 3420 idem
856 3367 929 3434 liber,
948 3371 973 3421 in
991 3367 1028 3420 Bb
1046 3369 1138 3442 iegitur
1154 3372 1216 3424 sint.

205 3455 236 3520 6)
255 3459 322 3526 qnod
340 3455 381 3509 W.
399 3455 463 3508 biad.
482 3454 544 3508 Bab.
563 3455 754 3524 Aetpr.h1b‚
774 3466 801 3507 ut
820 3472 912 3524 snpra3
932 3459 998 3527 qnod
1017 3467 1046 3512 nt
1064 3458 1218 3524 thimoque·

204 3552 342 3612 separent,
366 3560 399 3596 ne
423 3561 514 3598 eornm
537 3546 690 3614 differretur
706 3547 849 3611 interitus,
876 3554 900 3597 et
921 3553 1081 3614 reponerent
1098 3544 1141 3593 dat
1159 3540 1216 3593 cod.

205 3627 320 3697 Segnior.
354 3628 402 3681 Pro
423 3647 455 3682 ne
472 3629 512 3681 bia
529 3629 607 3681 habet
630 3647 685 3682 nec.
721 3628 787 3684 Dein
812 3633 950 3701 differetur
967 3629 1004 3682 Bb
1030 3647 1052 3681 c.
1070 3632 1107 3694 A,
1133 3635 1159 3678 et
1181 3627 1216 3678 ito

205 3717 285 3784 primo
306 3717 425 3784 scriptum
443 3716 490 3768 suit
507 3717 532 3766 in
551 3717 591 3769 W.
627 3715 742 3768 Proxime
760 3726 784 3771 et
801 3732 847 3784 pro
866 3721 958 3782 etiam,
983 3725 1010 3767 nt
1029 3715 1158 3783 Segnior„
1177 3711 1215 3766 W.

205 3802 272 3856 bibd.
290 3801 335 3855 Ba.
353 3801 376 3854 A
394 3813 419 3856 et
438 3821 474 3872 pr.
494 3803 542 3857 Mc.
578 3803 667 3872 Neque
693 3816 731 3872 et,
756 3823 839 3874 neque
862 3809 940 3859 ctiam
963 3810 1045 3856 exstet
1067 3803 1093 3853 in
1111 3799 1164 3866 Bb,
1191 3803 1216 3852 in

206 3905 256 3958 qno
280 3889 402 3958 deinceps
426 3891 544 3944 scribitur
565 3895 723 3962 ropaoesint.
766 3892 793 3957 7)
814 3897 949 3947 ostendere
973 3889 1014 3941 bib
1039 3895 1064 3940 et
1081 3888 1111 3940 A.
1153 3886 1215 3939 Tum

957 3984 1008 4051 δῦ
