2858 4688
621 411 706 480 223Ὶ

144 585 222 652 quae
245 567 312 635 telin
339 584 392 649 ee,
426 586 483 632 nee
513 570 633 652 opernri
663 569 692 632 in
725 569 853 634 eooletie
883 575 988 650 potes;
1021 577 1161 655 egentem

144 683 222 746 enim
253 686 285 778 et
313 699 475 763 pauperem
508 699 569 744 non
603 681 705 746 vident
736 681 815 746 oculi
848 681 999 764 superfusi
1031 685 1162 767 nigroris
1209 733 1220 748 .
1264 693 1267 698 '

145 793 278 859 tenebris
301 801 331 858 et
354 800 443 860 noete
466 796 605 860 ooutooti.
650 795 801 877 Locuples
825 803 855 860 et
878 794 963 860 dives
979 793 1006 871 ⁶)
1032 795 1161 860 domini·

145 924 211 970 oum
234 907 389 970 celebrere
412 911 441 967 te
464 905 581 986 eredis,
614 922 692 987 queo
723 905 834 970 corben
864 907 985 970 omuino
1016 923 1077 970 nun
1109 927 1164 972 re-

145 1020 246 1102 spicis,
266 1037 343 1100 quae
359 1020 389 1080 in
406 1017 584 1082 dominicum
599 1018 665 1082 sine
680 1018 826 1083 seorifioio
842 1021 937 1097 verris,
958 1035 1036 1100 oure
1051 1026 1163 1102 partem

146 1131 184 1194 de
214 1131 379 1211 secritieio,
413 1130 492 1212 quod
522 1147 636 1212 peuper
667 1130 789 1209 obtulit,
822 1132 940 1196 sumis?
973 1132 1105 1198 tntuere
1134 1134 1163 1198 iu

147 1244 307 1328 evangelio
331 1243 450 1307 viduum
472 1248 701 1325 praeceptorum
723 1243 894 1308 coelestium
910 1262 1070 1309 memorem
1086 1247 1166 1310 inter

52 1349 59 1356 ’
146 1351 226 1440 iperi
249 1375 409 1440 pressores
432 1362 463 1421 et
484 1357 638 1439 angustias
657 1358 799 1440 egestatis
816 1365 996 1438 operantem,
1020 1361 1050 1422 in
1066 1377 1165 1442 gero-

147 1472 314 1554 phytueium
325 1467 353 1548 6)
374 1471 444 1551 duo,
468 1489 547 1552 quoe
561 1471 626 1536 sole
642 1471 698 1535 sibi
715 1471 843 1553 tuerent,
866 1474 976 1538 minute
993 1475 1164 1538 mittentem.

147 1585 240 1660 Quem
272 1603 338 1648 curn
370 1582 621 1646 animadverteret
649 1582 785 1646 deminus
816 1591 846 1646 et
874 1584 1008 1664 videret,
1044 1602 1104 1648 non
1128 1584 1165 1650 de

146 1698 334 1780 patrimonio,
356 1697 411 1761 sed
436 1696 473 1760 de
496 1697 594 1759 animo
618 1712 693 1776 opus
717 1696 782 1758 eius
806 1696 979 1760 examinans
1002 1701 1032 1760 et
1045 1692 1071 1775 7)
1087 1715 1166 1762 con·

148 1812 285 1876 sidereus
308 1828 369 1874 non
392 1815 542 1891 quantum,
567 1809 620 1872 sed
643 1829 683 1872 ex
705 1815 815 1892 quanto
839 1808 988 1891 dedisset,
1010 1812 1167 1893 respondit

149 1929 179 1986 e't
202 1922 273 1986 dixit
284 1915 329 1999 8);
354 1916 490 1998 Amen⁹t
514 1921 587 1985 dieo
610 1920 710 1999 vobis,
734 1923 880 2002 quonium
901 1923 1002 1986 viduo
1019 1925 1082 1988 into
1092 1926 1167 2005 pter

146 2079 205 2133 edd.
226 2076 383 2144 antiquiores
402 2081 480 2144 etque
499 2075 665 2128 recentiores.
702 2073 752 2126 Sed
771 2075 823 2126 vid.
843 2074 874 2126 ed
892 2074 984 2127 librum
1000 2078 1033 2129 de
1046 2078 1164 2130 mortalit.

146 2182 200 2232 cap.
219 2164 250 2216 V.
274 2171 327 2214 not.
347 2162 372 2214 8.
411 2160 475 2214 Dein
499 2179 553 2216 nott
577 2179 608 2216 ee
632 2161 674 2214 ed.
701 2161 783 2229 Dum,
812 2173 852 2216 eet
875 2178 985 2232 moxque
1007 2174 1094 2234 potert
1118 2162 1165 2218 Bt.
1189 2181 1195 2192 ⁸

147 2251 298 2319 conspirent
317 2247 375 2301 edd.
395 2247 440 2301 st.
459 2248 549 2301 venet.
570 2247 649 2302 Konn.
669 2247 758 2302 flemb.
796 2247 876 2301 Deest
896 2250 987 2318 copule
1012 2259 1070 2305 ente
1090 2272 1164 2323 pau-

145 2357 234 2411 perem
253 2340 278 2388 iu
297 2336 328 2387 A.
364 2333 412 2388 Pro
436 2339 526 2400 vident
550 2335 608 2387 edd.
628 2344 708 2402 vett,
733 2335 831 2389 Eremn.
852 2345 877 2388 et
896 2335 958 2387 Mor.
978 2336 1098 2389 exhibent
1116 2356 1165 2392 re·

147 2434 310 2496 opomerum,
336 2431 396 2492 poet
418 2425 490 2476 oculi
514 2423 586 2473 omisi
606 2425 647 2476 tui
664 2421 845 2488 praeeuntibus
864 2439 922 2474 mse.
942 2424 1065 2475 omnibus.
1104 2421 1165 2476 Tum

145 2519 255 2584 etprore
273 2509 329 2576 Mb,
355 2513 486 2582 nigrioris
510 2507 550 2561 Mo
575 2508 751 2578 editioneeque
777 2508 821 2561 st.
844 2507 935 2562 venet.
959 2509 1040 2561 liunu.
1066 2507 1165 2577 Remu,

145 2601 309 2669 euertuntur
328 2596 419 2662 (ineu,
438 2600 542 2668 viperio
560 2596 591 2647 Δ.
629 2594 677 2648 Pro
696 2600 820 2662 contenti,
840 2596 908 2665 quoti
928 2597 952 2648 in
971 2597 1011 2650 ed.
1032 2596 1095 2648 Dav.
1116 2598 1166 2648 de·
1230 2591 1234 2602 “

147 2695 194 2752 eet,
215 2693 316 2738 ceterae
335 2683 394 2736 edd.
413 2692 487 2747 vett,
506 2681 602 2734 Ereem.
623 2681 697 2735 Grau.
717 2691 744 2737 et
761 2683 823 2736 Mor.
842 2683 937 2735 hebent
955 2688 1063 2749 caecati,
1083 2687 1167 2738 oeentt'

147 2773 171 2822 in
191 2788 240 2838 mg.
261 2789 274 2822 e
295 2787 327 2820 m.
347 2786 366 2821 r.
381 2769 429 2822 Mo.
465 2770 494 2836 5)
513 2770 584 2832 Quae
604 2769 730 2822 adduntur
746 2770 855 2822 uoculae
874 2789 903 2825 ee
920 2781 944 2824 et
957 2770 1047 2822 obeunt
1061 2787 1075 2821 e
1089 2759 1165 2821 codd.

147 2855 188 2908 W.
207 2856 287 2908 Meod.
308 2855 351 2906 Be.
373 2854 394 2904 Α
414 2862 440 2904 et
458 2862 520 2906 vett.
542 2854 616 2918 edd.‚
636 2854 733 2905 Ereem.
752 2853 826 2907 Grau.
846 2864 923 2923 utque
941 2854 1004 2904 Mor.
1041 2845 1166 2914 Quoeiree
1226 2875 1229 2886 ¹

148 2941 272 2994 toiiemdee
297 2957 354 2992 esse
380 2941 475 2994 censui.
514 2937 609 3005 Copuin
636 2941 695 2991 item
722 2941 812 2991 omieee
837 2941 864 2991 in
887 2937 943 3004 Bb,
970 2955 1043 2991 enne
1067 2941 1092 2990 iu
1118 2939 1166 2990 Mo.

150 3029 213 3080 Dein
236 3041 260 3083 te
281 3033 412 3082 celebrare
430 3026 519 3078 scribit
539 3025 586 3077 uta.
624 3024 681 3076 Mox
699 3042 810 3079 eaerum
829 3031 985 3080 thesaurum
1005 3028 1100 3078 eertum
1119 3024 1167 3090 Bb,

150 3119 256 3179 eertum,
276 3122 303 3166 ut
316 3113 442 3178 Batonius,
461 3112 584 3165 Boethius
605 3122 630 3164 et
643 3112 821 3177 Goidhorniue,
841 3111 962 3163 exhibent
974 3127 1077 3180 quoque
1090 3111 1167 3164 codd.

150 3198 268 3253 Versw.
290 3202 327 3253 tin
347 3209 373 3252 et
393 3198 437 3266 ea,
457 3203 596 3254 cortonam
616 3201 660 3264 (itu
680 3217 695 3250 e
715 3203 812 3253 eortnu
829 3216 844 3252 ι
863 3214 882 3250 r.
902 3215 935 3249 rn.
956 3198 1008 3265 ito)
1026 3198 1085 3250 edd.
1105 3206 1166 3250 vett.

149 3291 263 3354 (praeter
284 3285 357 3354 Dum,
376 3290 400 3340 in
420 3305 467 3356 qun
487 3296 569 3339 exstet
590 3290 733 3352 corbonan)
753 3304 775 3340 o.
795 3286 910 3352 Erotem,
930 3291 1070 3341 eorbouum
1088 3303 1166 3354 repe-

150 3377 211 3427 ritur
229 3377 253 3426 in
267 3375 316 3439 Md,
337 3390 445 3442 quocum
462 3377 605 3442 conspirent
622 3375 679 3427 eid.
693 3373 767 3426 Grau.
783 3371 874 3426 Menut.
889 3373 950 3425 Mor.
964 3373 1056 3425 Pemei.
1071 3370 1167 3436 Oxon.;
1204 3407 1207 3416 ι

149 3466 260 3515 utorio
279 3462 306 3526 (e
325 3478 344 3512 r.
364 3477 396 3511 m.
417 3461 590 3527 superscripto
610 3459 753 3524 corbonan)
781 3461 804 3510 in
826 3459 883 3525 ott,
909 3464 999 3513 ortum
1018 3461 1042 3510 in
1062 3458 1091 3510 Λ.
1129 3458 1167 3511 Cf.

151 3551 261 3613 Bulupe'r'
277 3535 361 3598 noto.¹
381 3545 497 3597 Proxime
509 3549 537 3599 in
551 3550 680 3600 dontinioo
695 3544 724 3597 A.
760 3544 809 3596 Pro
821 3556 924 3614 purtem
936 3546 1003 3597 idern
1016 3545 1079 3596 iiber
1091 3543 1168 3595 hebet

148 3639 256 3704 pariter.
295 3633 392 3685 Deinde
406 3651 510 3688 eumue.
547 3633 576 3700 6)
595 3637 809 3704 gazophilacium
824 3633 872 3697 Mc,
891 3636 1097 3702 panophitatium
1111 3629 1168 3682 otae

150 3731 177 3772 et
190 3721 225 3772 Bb
239 3738 262 3773 e.
276 3722 317 3772 ed.
331 3720 406 3786 Dum,
424 3723 610 3792 punopiteeium
623 3719 669 3783 Be,
687 3722 872 3792 panopkt'laot'o
884 3717 925 3769 Md
939 3727 965 3770 et
976 3720 1006 3769 Α.
1043 3716 1104 3768 'ium
1117 3721 1168 3770 duo

149 3812 253 3862 mittente
264 3806 351 3871 Grau,
359 3810 470 3876 ‘quoque
482 3822 528 3874 pro
541 3824 608 3876 quoe
621 3806 669 3870 tta,
687 3811 747 3860 eote
759 3822 825 3874 quoe
836 3803 882 3869 Be,
900 3809 1001 3858 minuta
1012 3809 1120 3872 fuerunt
1136 3803 1168 3855 ni.

150 3895 205 3946 ord.
219 3893 276 3946 edd.
291 3901 353 3945 vett.
368 3901 393 3944 et
406 3891 521 3956 Ernem.;
539 3893 613 3946 deest
631 3896 733 3948 remum
749 3893 775 3942 in
789 3891 836 3942 ite.
874 3891 904 3956 ⁷)
923 3889 1044 3957 Copuiun
1057 3905 1106 3940 om.
1121 3889 1168 3940 tin.

151 3979 180 4042 8)
201 3979 260 4032 Luc.
280 3980 323 4042 21,
343 3979 368 4032 3.
405 3980 432 4042 9)
453 3985 542 4045 Am,
561 3997 636 4034 mett
655 3979 698 4031 Βι.
734 3975 795 4030 Tu'm
813 3978 935 4032 unnim
952 3979 1015 4045 plur
1035 3975 1073 4025 W.
1095 3975 1169 4028 nabo
