2868 4700
722 371 766 438 64

243 527 419 596 voluntates.
463 528 593 615 iungere
615 548 682 596 eum
705 529 872 596 infidelibus
894 529 1044 596 vinculum
1070 530 1260 612 matrimonii,

242 647 423 728 prostituere
452 647 613 731 gentilibus
625 641 653 725 9)
683 648 814 710 membra
842 646 958 710 Christi.
1004 647 1073 710 Non
1102 647 1203 710 iurare
1219 641 1260 726 ¹⁰)

241 766 353 824 tantum
382 767 511 840 temere,
544 760 600 824 sed
634 759 730 823 adbuc
765 760 851 822 etiam
884 740 1037 842 peierare,
1071 759 1260 841 praepositos

242 875 374 956 superbo
397 867 514 939 tumore
530 882 733 954 contemnere,
755 879 904 938 venenato
920 873 976 937 sibi
992 892 1047 937 ore
1069 872 1261 953 maledicere,

214 988 320 1052 sonas
354 990 555 1072 pertinacibus
587 990 715 1054 invicem
749 987 905 1052 dissidere.
958 969 1100 1070 episcopt
1133 989 1262 1070 plurimi,

245 1120 322 1184 quos
346 1110 375 1166 et
397 1103 584 1168 hortamento
601 1101 638 1183 ¹¹)
661 1121 730 1168 csse
761 1111 882 1186 oportet
912 1105 1021 1166 ceteris
1054 1109 1084 1165 et
1112 1101 1262 1184 exemplo,

182 1190 189 1208 ⁹
246 1216 345 1290 divina
367 1218 578 1300 procuratione
601 1224 769 1299 contempta
787 1225 1000 1299 procuratores
1016 1235 1116 1281 rerum
1132 1213 1170 1292 ¹²)
1189 1232 1263 1278 sae-

246 1328 389 1392 cularium
412 1328 486 1409 fieri,
509 1329 651 1393 derelicta
670 1329 820 1408 cathedra,
844 1330 932 1412 plebe
947 1329 1067 1393 deserta
1081 1349 1136 1412 per
1151 1329 1264 1394 alienas

246 1443 414 1525 provincias
438 1442 631 1520 oberrantes,
660 1442 872 1524 negotiationis
895 1421 1095 1522 quaestuosae
1116 1440 1264 1504 nundinas

211 1567 236 1610 ¹⁰
250 1557 400 1641 aucupari,
425 1535 624 1620 esurientibus
647 1556 677 1618 in
701 1555 829 1618 ecclesia
851 1555 991 1618 iratribus
1014 1555 1126 1618 habere
1149 1573 1265 1637 argen-

247 1676 308 1732 tum
341 1669 465 1752 largiter
498 1670 595 1749 velle,
630 1669 740 1734 londos
776 1670 927 1734 insidiosis
962 1669 1113 1733 fraudibus
1146 1686 1265 1749 rapere,

249 1783 347 1846 usuris
377 1781 636 1864 multiplicantibus
669 1780 756 1845 lenus
788 1800 910 1864 augere.
957 1780 1034 1856 Ouid
1064 1800 1125 1846 non
1150 1782 1266 1864 perpeti

249 1897 323 1960 tales
346 1915 400 1979 pro
424 1899 553 1978 peccatis
577 1896 723 1962 eiusmodi
746 1915 930 1961 mereremur
947 1893 1002 1977 ¹³),
1032 1916 1099 1960 cum
1120 1898 1178 1960 iam
1199 1897 1289 1979 pri-¹

233 2009 319 2072 dem
348 2010 573 2092 praemonuerit
603 2029 638 2072 ac
658 2006 695 2087 ¹⁴)
712 2003 714 2010 ’
729 2009 839 2072 dixerit
868 2027 995 2072 censura
1026 2008 1124 2091 divina
1145 2009 1201 2090 ¹⁵):
1232 2011 1268 2074 st

212 2139 237 2184 15
250 2123 470 2205 dereliquerint
488 2119 529 2202 16)
544 2103 546 2108 ⁸
562 2125 657 2204 tepent
686 2143 784 2185 meam
818 2131 847 2185 et
877 2124 911 2186 ia
942 2123 1068 2185 iudiciis
1100 2125 1175 2186 meis
1205 2143 1268 2186 noa

96 2215 104 2226 ⁶
248 2235 490 2312 ambotooertm,
517 2236 546 2298 si
568 2235 800 2316 iustificationes
815 2229 853 2312 17)
876 2254 959 2298 meas
975 2237 1218 2317 profanaverint
1239 2245 1270 2300 et
1369 2311 1375 2321 1

319 2433 350 2502 9)
368 2437 487 2504 pectitur
505 2451 543 2502 pr.
557 2433 608 2499 llb,
628 2436 778 2501 infidelibus
797 2432 857 2484 edd.
876 2441 937 2486 vett.
957 2451 978 2486 e.
994 2432 1120 2486 llembolt.
1158 2435 1203 2502 10)
1222 2439 1268 2490 ci·

250 2532 306 2575 tore
318 2520 348 2572 Α.
380 2519 441 2572 Tum
459 2521 527 2573 idem
546 2539 568 2574 c.
582 2521 622 2572 llic
633 2525 763 2591 peiorare,
782 2520 823 2573 lllb
836 2525 983 2588 periurare.
1013 2521 1079 2573 Deio
1096 2527 1270 2594 praepositos

251 2625 299 2661 om.
319 2607 371 2673 Bu,
394 2614 550 2678 propositos
575 2608 652 2660 habet
670 2607 700 2659 Α.
737 2608 825 2660 Statim
852 2613 945 2663 timore
962 2607 1019 2674 Md,
1039 2618 1141 2663 tumore
1165 2626 1197 2662 ex
1220 2627 1269 2662 em.

250 2695 298 2748 blo.
333 2695 362 2746 lu
387 2695 500 2747 clausula
522 2695 704 2751 decateron.
743 2694 788 2764 11)
808 2705 959 2750 ornamento
977 2693 1024 2760 Bu,
1044 2705 1188 2750 ortameato
1209 2715 1271 2751 eoae

251 2779 382 2852 oporteret
400 2781 428 2834 tt.
466 2782 510 2846 12)
529 2800 621 2852 repam
641 2781 680 2833 W.
700 2779 744 2833 Ba.
763 2781 811 2834 ltle.
848 2781 898 2833 Sed
918 2782 950 2832 W
968 2783 992 2832 in
1010 2797 1060 2850 mg.
1078 2801 1179 2836 reram.
1213 2783 1271 2835 llox

252 2873 345 2925 delicto
362 2887 399 2938 pr.
419 2870 459 2923 W.
494 2868 521 2921 ln
539 2885 611 2938 seqq.
629 2888 661 2924 ae
681 2873 848 2941 capitationis
868 2870 930 2938 (sic)
949 2868 1001 2933 Bn,
1024 2874 1213 2941 nepotiatiortea
1231 2887 1270 2937 pr.

252 2975 305 3041 lllb,
323 2979 485 3046 repotiarioe
505 2963 615 3044 patuere
633 2973 682 3025 llld.
720 2973 819 3027 Deinde
844 2979 902 3042 po'st
924 2978 1055 3042 fratribus
1079 2961 1145 3026 male
1169 2977 1273 3027 inseruit

186 3065 190 3070 '
253 3061 378 3115 Pamelius
397 3080 449 3117 non
466 3065 609 3117 subvenire
627 3079 658 3113 ex
677 3062 794 3113 codano
808 3059 951 3126 Cambron,
970 3063 996 3112 iu
1015 3077 1064 3129 quo
1082 3063 1179 3113 invenit
1197 3063 1272 3113 etiam

153 3184 156 3188 ,
173 3141 177 3146 ’
254 3153 322 3203 stibii
339 3153 462 3216 tribuere,
482 3150 550 3218 quod
568 3151 592 3201 in
606 3149 646 3200 lllb
660 3165 679 3200 r.
693 3165 725 3200 m.
744 3165 812 3200 saec.
827 3147 890 3201 lllIl.
909 3150 972 3199 inter
984 3164 1050 3200 vers.
1064 3147 1166 3200 adiecit.
1199 3146 1273 3201 Coni.

256 3236 394 3291 Gronov.
413 3238 468 3289 libr.
487 3255 509 3290 c.
528 3255 552 3306 p.
567 3237 625 3289 572.
664 3235 709 3304 13)
729 3253 861 3290 meremor
873 3236 913 3288 llla
931 3253 954 3289 c.
973 3236 1031 3288 edd.
1050 3235 1146 3287 Erasm.
1166 3245 1274 3288 antece·

257 3324 385 3391 dentibus,
398 3337 560 3380 mererentur
573 3325 604 3376 Λ.
642 3323 688 3390 11)
701 3335 725 3377 at
738 3326 768 3374 A.
806 3323 852 3392 15)
864 3322 954 3375 Psalm.
968 3322 1134 3390 eam-33.
1167 3323 1211 3389 16)
1224 3327 1273 3377 da-

256 3415 412 3482 relt'querirtt
428 3417 477 3482 fitia·
494 3416 554 3466 eiua
573 3411 611 3475 A3
637 3413 661 3462 iu
680 3409 721 3462 Mb
745 3427 765 3462 r.
784 3427 816 3461 m.
836 3410 930 3461 adiecit
952 3413 1003 3478 pttt
1026 3414 1082 3474 tui3
1107 3414 1277 3480 dereliquerit

258 3499 336 3552 habet
359 3498 409 3552 lld.
445 3501 543 3552 Deinde
568 3502 593 3551 in
620 3503 675 3555 otia
700 3503 766 3554 meio
792 3499 840 3550 llo.
884 3499 929 3566 17)
953 3502 1074 3553 iustitiae
1098 3498 1172 3551 codd.
1192 3497 1229 3549 Bh
1250 3506 1276 3550 et

258 3588 300 3640 llld
319 3605 341 3640 c.
360 3603 452 3643 novem
471 3589 629 3654 baluzianis,
654 3605 698 3640 sex
717 3586 831 3656 anglicis
857 3594 933 3654 atque
959 3585 999 3638 ed.
1018 3585 1130 3650 llorell.;
1154 3605 1228 3640 oreas
1251 3588 1276 3638 in

258 3676 298 3728 blo
315 3691 335 3728 r.
355 3695 386 3729 m.
405 3677 591 3745 superscripsit.
626 3675 675 3728 Pro
693 3685 832 3746 praecepta
858 3675 880 3728 Α
906 3674 1009 3726 exhibet
1033 3678 1163 3728 maritata.
1201 3675 1276 3738 Quod

260 3753 374 3835 sequitur
397 3783 455 3820 meo
480 3780 529 3815 om.
552 3763 589 3814 W.
629 3762 690 3813 Tum
718 3763 887 3816 servaverint
911 3769 992 3813 exstat
1018 3761 1043 3811 in
1069 3761 1127 3812 edd.
1151 3760 1279 3814 Graviana

245 3851 443 3923 'antiquioribus
462 3859 488 3902 et
505 3852 532 3901 in
545 3849 697 3915 llauutiana,
715 3850 852 3901 lectionem
872 3857 956 3900 autem
974 3852 1183 3914 observaverint,
1202 3867 1280 3919 quam

261 3949 350 3994 teuent
369 3939 522 4008 exemplaria
539 3938 645 4006 posthac
664 3939 732 4006 typis
751 3954 851 4004 excusa,
870 3944 971 3989 tuentur
989 3937 1063 3989 codd.
1081 3938 1160 3992 nostri
1178 3953 1281 4006 omues,
