2880 4696
666 463 741 538 tls

618 713 783 784 xxviii.

281 856 344 918 Vos
367 873 440 918 vero
458 854 501 935 ¹),
529 855 652 935 iratres,
676 875 802 938 quorum
824 857 911 919 timor
933 856 962 919 in
987 856 1073 920 deum
1096 876 1208 938 pronus

192 978 239 1034 est
263 977 293 1034 et
316 973 347 1032 in
369 971 455 1033 ruina
477 971 549 1033 lieet
580 972 696 1033 animus
732 971 907 1033 constitutus
936 971 1004 1032 mali
1027 973 1074 1034 sui
1097 991 1210 1035 memor

192 1092 256 1164 est,
293 1086 482 1165 paenitentes
516 1103 552 1146 ao
586 1084 722 1148 dolentes
756 1091 878 1166 peccata
909 1092 1010 1148 vestra
1040 1087 1209 1167 perspicite,

192 1201 404 1284 gravissimum
420 1200 622 1262 conscientiae
645 1201 757 1263 crimen
780 1201 945 1280 agnoscite,
968 1200 1004 1262 ad
1028 1200 1210 1281 intellegen-

105 1300 113 1321 “
163 1317 264 1378 stiam
288 1314 387 1377 delicti
410 1315 504 1378 vestri
526 1315 631 1377 oeulos
655 1314 755 1378 cordis
778 1316 909 1394 aperite,
936 1333 993 1376 nee
1016 1313 1211 1394 desperantes

192 1426 429 1490 misericordiam
452 1427 572 1505 domini,
599 1445 656 1491 neo
679 1433 777 1490 tumen
799 1429 856 1489 iarn
879 1428 994 1490 veniam
1018 1427 1210 1491 vindicantes.

193 1542 277 1604 Deus
301 1513 441 1622 quantum
462 1540 555 1621 patris
568 1536 595 1616 Ἰ)
620 1539 731 1620 pietate
753 1539 911 1620 indulgens
935 1558 1054 1620 semper
1070 1548 1100 1604 et
1114 1542 1212 1604 bonus
1231 1521 1234 1529 ’

194 1662 251 1735 est,
274 1662 386 1718 tantum
410 1654 514 1717 iudicis
538 1654 689 1716 maiestate
711 1654 887 1718 metuendus
903 1662 958 1717 est.
997 1655 1089 1728 Quam
1106 1673 1213 1739 magns

196 1771 375 1851 deliquimus
389 1767 435 1849 ³),
458 1775 517 1832 tam
540 1768 694 1851 granditer
717 1768 887 1831 defleamus.
934 1769 1001 1831 Alto
1025 1769 1142 1833 vulneri
1165 1770 1214 1832 di-

152 1885 295 1969 roligens
319 1891 348 1947 et
370 1885 460 1965 longa
482 1883 628 1945 medicina
658 1901 719 1946 non
750 1882 835 1947 desit.
880 1884 1061 1948 Paenitentia
1093 1886 1214 1948 crimine

194 1999 294 2063 minor
307 1995 334 2076 4)
357 2017 418 2061 non
441 2000 487 2060 sit.
525 1998 654 2061 Putasne
677 2005 707 2060 tu
731 1997 880 2061 dominum
895 1997 920 2076 5)
945 2001 1003 2062 cito
1026 2017 1117 2080 posse
1147 2000 1214 2081 pla-

196 2115 268 2192 cari,
291 2131 380 2195 quern
403 2114 504 2176 verbis
527 2113 649 2195 perfidis
672 2111 810 2190 abnuisti,
834 2082 881 2174 cdi
901 2112 1106 2202 patrimonium
1121 2131 1215 2195 prae-

196 2246 312 2310 ponere
349 2228 494 2307 maluisti,
539 2228 624 2289 cuius
667 2227 806 2308 templum
847 2227 995 2308 sacrilega
1034 2231 1215 2310 contagione

198 2341 339 2405 violasti?
383 2341 471 2404 Putas
487 2337 514 2419 6)
547 2340 634 2404 facile
663 2360 730 2402 eum
759 2343 895 2403 misereri
923 2343 984 2420 tui,
1018 2359 1106 2422 quern
1133 2348 1213 2404 tuum

157 2470 185 2513 m
199 2474 259 2519 non
284 2473 353 2518 esse
376 2455 501 2519 dixisti?
547 2455 642 2520 Orare
666 2463 786 2539 oportet
799 2449 825 2530 ⁷)
848 2456 1000 2538 inpensius
1034 2464 1064 2519 et
1094 2475 1215 2542 rogare,

203 2611 407 2620 ————-——-

267 2689 377 2744 llllVlll.
416 2689 444 2756 l)
468 2691 526 2742 llos
550 2704 614 2741 osso
635 2685 681 2738 Bb.
718 2686 780 2738 Tum
803 2692 905 2755 fratres
929 2691 1097 2743 dilectissimi
1121 2690 1215 2756 primus

197 2778 300 2847 scripsit
312 2774 446 2828 samarius.
477 2773 528 2825 Sed
546 2789 571 2825 v.
592 2775 763 2827 dilectissimi
781 2772 854 2824 codd.
873 2775 953 2826 nostri
973 2791 1061 2826 omnes
1077 2793 1126 2828 om.
1157 2777 1215 2829 Vid.

198 2867 230 2918 sd
248 2864 341 2916 librum
361 2863 393 2914 de
412 2859 506 2914 cathol.
523 2858 585 2912 eccl.
599 2861 661 2911 unit.
676 2859 737 2928 Cap.
749 2860 780 2912 Il.
799 2877 822 2912 n.
838 2861 862 2912 l.
881 2869 907 2913 et
926 2862 958 2913 ad
977 2861 1069 2915 librum
1088 2864 1219 2932 delapsis

198 2953 260 3020 Cap.
281 2951 311 3003 ll.
336 2967 360 3003 n.
381 2949 421 3001 lo.
449 2957 474 3000 et
499 2947 530 3000 ad
557 2946 617 3014 Cap.
637 2946 722 2999 XXIV.
748 2964 772 2998 n.
794 2947 818 2997 l.
861 2947 950 2999 Statim
977 2957 1035 3016 post
1060 2954 1088 3004 in
1116 2955 1219 3007 demisso

195 3057 301 3111 ponus
319 3036 350 3088 A.
387 3035 451 3088 Exin
475 3038 535 3090 licat
560 3052 580 3086 r.
600 3051 632 3086 m.
658 3036 836 3103 superscripsit
861 3036 886 3085 in
904 3035 961 3101 lllb,
989 3039 1047 3089 item
1067 3041 1151 3093 estin
1171 3039 1220 3093 llc.

86 3153 91 3162 ·
197 3127 227 3180 ln
246 3141 318 3195 seqq.
337 3125 404 3176 idem
428 3123 495 3176 liber
519 3122 597 3174 babet
623 3126 781 3192 cognoscite.
817 3120 933 3174 Proxime
958 3126 1047 3178 delicit
1069 3129 1157 3180 nostri
1174 3124 1219 3178 Ba.

198 3214 261 3267 Tum
285 3230 318 3267 ue
344 3227 392 3279 pro
417 3229 465 3266 nec
489 3210 520 3262 ll.
557 3210 656 3261 Deinde
682 3213 884 3264 misericordias
907 3207 953 3262 Ba.
989 3211 1038 3264 Pro
1065 3223 1151 3267 tamen
1178 3214 1221 3267 bld

199 3311 301 3356 tantum
325 3299 473 3351 confusione
499 3298 632 3367 frequenti.
669 3295 708 3349 b‘d
735 3307 889 3366 postremum
914 3302 1083 3356 vendicantes
1106 3302 1172 3357 bled.
1197 3302 1220 3354 lt

200 3397 226 3440 et
250 3390 296 3454 (ex
320 3387 421 3455 mutat.)
441 3386 495 3452 lla,
523 3386 728 3454 conspirantibus
752 3386 810 3438 edd.
836 3393 895 3437 ante
914 3384 1007 3439 Manat.
1031 3390 1157 3442 omnibus.
1191 3389 1221 3440 ln
1289 3416 1293 3420 ·

199 3475 242 3528 blb
261 3478 430 3529 condicentes
450 3483 551 3526 enatum
570 3482 610 3525 est
628 3489 643 3526 e
661 3455 801 3529 sandicina.
848 3473 877 3540 2)
896 3478 982 3544 petris
1002 3489 1050 3527 om.
1072 3475 1122 3527 ltld.
1159 3475 1221 3527 Tum

200 3565 447 3632 intumescimus
465 3579 570 3632 semper
587 3571 629 3616 est
645 3561 735 3613 scribit
752 3560 800 3612 llc.
836 3559 865 3629 3)
883 3559 921 3611 lta
938 3561 986 3612 soli
1002 3562 1034 3613 W
1052 3570 1077 3614 et
1094 3561 1145 3627 lla,
1163 3561 1220 3614 rell.

199 3652 384 3718 delinquimus.
421 3648 522 3702 Verba:
551 3651 608 3704 Alto
633 3651 740 3702 volneri
765 3649 878 3718 ditiperrs
901 3658 924 3701 ct
949 3665 998 3700 orn.
1024 3649 1071 3699 ltla.
1111 3651 1222 3704 Vulnere

199 3734 334 3788 babetlia.
371 3735 400 3804 4)
418 3740 507 3790 minor
524 3739 634 3790 crimim
646 3735 694 3786 bld.
732 3733 761 3800 5)
781 3745 809 3789 tic
827 3738 903 3789 deum
915 3735 974 3788 llbc
993 3744 1019 3788 et
1031 3734 1078 3800 Bb,
1098 3737 1138 3800 (tu
1156 3737 1219 3802 orn.)

200 3825 278 3878 deum
296 3827 347 3877 cito
365 3826 470 3893 piscari
485 3841 569 3895 posse
586 3824 616 3875 Α.
651 3822 720 3874 lnlra
739 3829 900 3879 contractione
920 3840 966 3892 pr.,
987 3839 1017 3874 cx
1036 3821 1135 3874 emend.
1154 3838 1175 3875 r.
1189 3839 1221 3876 nr.

202 3917 356 3981 contagione
380 3911 428 3963 lle.
474 3912 504 3981 6)
529 3916 647 3967 Putasses
671 3910 718 3964 bb.
755 3909 811 3963 Vid.
837 3913 869 3963 ad
894 3910 954 3979 Cap.
972 3910 1002 3963 V.
1027 3926 1052 3962 n.
1073 3911 1112 3961 ld.
1139 3919 1165 3962 et
1190 3912 1223 3964 ad

202 3995 264 4067 Cap.
285 3997 326 4050 Vl.
346 4014 371 4052 n.
391 3998 415 4051 9.
452 3998 519 4051 Dein
536 4001 617 4069 facite
636 4017 696 4054 cum
712 4015 820 4069 possem
837 4002 962 4054 misereri
979 3997 1011 4063 A,
1029 4001 1155 4053 miserere
1173 3997 1222 4051 tte.

202 4084 260 4139 llox
283 4103 343 4142 esse
369 4089 546 4166 norrqdioeisti
563 4085 605 4138 blb
626 4095 652 4139 et
669 4087 701 4140 Α.
750 4085 779 4155 i)
800 4088 885 4142 Orare
910 4096 934 4140 ts
958 4081 1057 4158 oportet
1073 4083 1118 4141 Ba.
1154 4085 1224 4138 ldem

996 4172 1017 4239 8
