2868 4700
718 411 763 477 40

229 571 407 654 panderunt.
445 574 538 636 Terra
555 573 738 654 conpagibus
753 573 847 654 ruptis
857 569 890 655 ²]
913 573 943 634 in
959 569 1137 653 profondum
1153 571 1249 634 sinurn

231 686 338 766 patuit,
370 691 480 747 stantes
504 691 592 764 atquc
624 686 759 746 viventes
790 683 959 746 recedentis
982 683 1039 746 soli
1071 683 1167 747 hiatus
1191 685 1249 747 ab·

232 799 355 860 sorbuit.
400 799 463 859 Nec
491 804 599 860 tanturn
630 815 702 876 eos,
734 798 785 876 qui
819 793 1001 878 auctores³)
1032 794 1167 877 fuerant,
1201 797 1250 860 dei

232 909 413 992 indignantis
436 912 479 972 ira
503 912 666 990 percussit,
698 911 752 972 sed
776 917 806 972 ot
835 917 955 971 cetoros
989 908 1135 972 ducentos
1158 912 1250 990 quin-

207 1023 375 1103 5quaginta
398 1024 558 1103 participes
582 1025 715 1086 eiusdam
740 998 851 1084 suroris
875 1029 905 1083 et
928 1024 1070 1101 comites,
1101 1025 1152 1103 qui
1175 1042 1250 1086 coo-

232 1136 325 1217 guiati
348 1155 414 1198 curn
437 1137 531 1198 isdem
543 1133 570 1214 ⁴)
595 1138 681 1200 simul
704 1136 740 1198 ad
764 1138 916 1198 audaciam
941 1136 1075 1215 fuerunt,
1105 1137 1210 1198 oxion's
1234 1155 1250 1199 a

232 1247 352 1310 dornino
385 1249 463 1330 ignis
500 1258 659 1331 properata
698 1250 811 1312 ultione
851 1251 1048 1330 consumpsit,
1085 1249 1250 1313 admonens

233 1362 345 1423 scilicet
368 1369 397 1422 ct
428 1362 590 1425 ostendens
614 1368 716 1425 contra
746 1362 833 1424 deum
865 1362 928 1423 ireri
960 1362 1101 1443 quicquid
1134 1364 1251 1445 inprobi

232 1473 342 1535 fuerint
365 1475 402 1536 ad
425 1463 634 1539 destruendam
663 1476 880 1538 ordinationem
903 1473 952 1536 dei
980 1475 1107 1538 humana
1138 1477 1251 1540 volun-

196 1592 294 1655 rotate
318 1589 424 1649 conati.
470 1590 518 1654 Sic
541 1596 569 1650 et
593 1589 681 1651 Ozias
692 1587 719 1666 5)
742 1609 797 1651 rex
821 1608 886 1651 curn
918 1591 1076 1652 turibulum
1096 1589 1199 1653 ferens
1222 1597 1252 1655 et

236 1707 340 1761 contra
362 1701 459 1784 legern
483 1699 530 1761 dei
554 1700 729 1763 sacrificiunt
760 1701 816 1762 sibi
838 1700 987 1762 violenter
1010 1700 1173 1764 adsumens
1195 1721 1251 1764 re-

305 1881 334 1944 2)
354 1882 552 1949 compoqinibus
572 1880 630 1932 edd.
650 1887 710 1933 vett.
731 1895 753 1931 c.
773 1879 860 1931 Rcmb.
892 1880 954 1932 Turn
973 1885 1094 1951 abruptis
1112 1881 1162 1934 Mb.
1195 1881 1251 1933 De-

235 1969 296 2020 inde
314 1986 394 2020 cumo
412 1982 459 2035 pro
480 1971 571 2019 ciocum
583 1967 624 2017 tid
643 1984 666 2018 c.
685 1967 743 2018 cdd.
763 1976 821 2018 anto
836 1966 909 2020 Grau.
927 1971 992 2036 typis
1012 1971 1153 2036 exscriptis,
1172 1973 1253 2023 sinus

235 2052 285 2105 bib.
322 2052 384 2104 Turn
402 2071 449 2106 noo
467 2063 568 2107 stontcs
587 2055 618 2108 A.
657 2053 705 2105 Pro
724 2058 868 2110 recedentis
887 2053 933 2107 Bb.
953 2055 995 2106 Md
1014 2064 1040 2107 et
1059 2072 1095 2122 pr.
1116 2055 1156 2106 ttb
1174 2073 1251 2109 roco·
1357 2096 1367 2109 ,

235 2144 333 2208 dorotea,
347 2141 368 2190 A
381 2145 563 2195 recedentibus
577 2123 707 2195 omnibus.
734 2140 820 2192 Statirn
833 2145 903 2195 solis
913 2141 954 2193 W.
965 2141 1004 2192 bia
1017 2150 1043 2193 ot
1056 2141 1101 2193 ts.
1130 2141 1158 2206 3)
1173 2153 1251 2195 acto-

235 2245 280 2282 rcs
304 2244 340 2294 pr.
366 2226 414 2277 Mb,
465 2227 535 2278 idern
560 2231 680 2291 [uerunt.
724 2227 801 2278 Addit
826 2227 884 2279 Ver.
910 2232 969 2281 cius
998 2231 1148 2282 dementiae.
1195 2229 1253 2280 biox

235 2330 282 2381 pro
301 2324 324 2367 ει
342 2311 379 2365 Bb
398 2318 440 2372 od,
464 2317 588 2367 Actium.
619 2313 681 2364 Turn
700 2332 792 2368 corum
811 2330 858 2382 pro
877 2318 994 2368 ciusdem
1007 2314 1055 2367 Mb.
1087 2313 1126 2367 Pr.
1147 2320 1253 2370 comitis

236 2398 284 2450 Με.
320 2400 350 2462 d)
369 2399 406 2449 ita
426 2399 456 2449 W
475 2409 500 2450 ot
518 2400 575 2452 biab
593 2416 639 2468 pro
658 2405 762 2464 iisdem,
782 2406 882 2455 diodoro
900 2401 954 2453 Bab
974 2410 1000 2454 ει
1019 2403 1069 2467 Md,
1088 2405 1202 2470 bijsdcm
1221 2404 1252 2468 Α,

235 2489 334 2538 eisdem
358 2485 405 2536 Mc.
447 2486 474 2536 ln
502 2503 574 2554 seqq.
599 2498 708 2555 oporoto
731 2491 829 2541 ultione
854 2486 900 2540 Bb.
937 2488 1018 2541 Dcast
1041 2493 1147 2544 scilicet
1171 2494 1195 2541 in
1221 2492 1252 2543 A.

235 2570 364 2622 Proximo'
385 2580 477 2623 contro
510 2576 645 2626 dominum
676 2572 755 2624 habet
782 2572 828 2624 Bb.
880 2575 949 2626 idern
980 2578 1108 2643 quicquic.
1154 2575 1253 2628 Deinde

234 2663 344 2726 fuorunt
361 2657 383 2706 Α
403 2666 427 2707 ει
445 2674 482 2724 pr.
502 2656 552 2709 bib.
590 2658 617 2721 5)
637 2661 684 2711 Sic
703 2676 764 2728 erqo
784 2662 869 2713 Ozias
888 2659 936 2711 Mu.
971 2659 1066 2712 Vitiosa
1085 2665 1252 2726 turribulum,

236 2753 263 2796 ut
282 2744 340 2796 edd.
359 2762 396 2812 pr.
416 2753 442 2795 ει
460 2754 565 2812 utraque
587 2745 693 2809 Venet,
714 2744 767 2810 Bb,
787 2749 921 2799 turbulam
941 2743 987 2796 otc.
1025 2744 1083 2796 Mox
1102 2759 1194 2800 contro
1212 2752 1254 2819 dci

235 2835 316 2901 thcm
335 2832 422 2882 scribit
440 2832 489 2883 Mb.
528 2832 601 2896 Quod
625 2842 683 2899 post
708 2837 849 2886 rosictouto
869 2832 939 2899 vulg.
958 2831 1051 2898 legitur
1072 2838 1127 2887 sibi
1151 2844 1253 2886 auctore

236 2917 292 2968 cod.
306 2916 343 2969 Ba
362 2921 444 2970 omisi.
475 2917 540 2970 Part.
559 2930 582 2972 ct
602 2929 660 2986 post
678 2924 756 2972 nollet
774 2936 788 2970 a
808 2935 874 2970 corr.
894 2935 927 2969 nn.
946 2921 1144 2986 superscriptum
1163 2922 1189 2971 in
1203 2921 1252 2974 Mb.

236 3004 302 3054 Dein
326 3009 429 3070 corioro,
455 3007 523 3074 quod
543 3005 661 3057 Baiuzius
685 3008 780 3058 invonit
803 3009 827 3056 in
846 3005 907 3057 XXI.
928 3005 1002 3058 codd.
1021 3015 1084 3059 vett.
1103 3016 1129 3059 et
1151 3017 1254 3075 praetor
1276 3067 1279 3072 ⁸

236 3091 295 3143 odd.
314 3109 353 3159 pr.
372 3093 492 3144 exhibent
510 3093 599 3144 Remh.
620 3094 715 3145 Erasm.
735 3092 809 3156 Grau.
827 3093 924 3144 Moroii.
944 3101 970 3144 ct
987 3109 1061 3160 quarn
1086 3103 1189 3146 secutus
1214 3104 1253 3146 cst

237 3177 368 3244 Boionius,
388 3177 485 3245 Oxou,
507 3183 568 3232 item
586 3183 671 3249 reperi
690 3183 714 3230 in
733 3180 792 3230 Mbd
811 3189 836 3231 ct
855 3182 880 3230 in
899 3179 955 3244 Mc,
980 3182 1004 3230 in
1023 3196 1073 3249 quo
1093 3191 1194 3231 enatum
1214 3191 1253 3232 cst

238 3283 252 3317 ε
273 3271 385 3332 credero,
405 3270 473 3335 quod
493 3277 578 3320 tonent
598 3270 708 3337 quinque
728 3268 801 3319 codd.
816 3269 910 3335 antiqui
923 3266 1053 3318 Baiuzinni
1068 3275 1093 3317 et
1106 3267 1158 3319 rell.
1173 3269 1251 3318 nostri

237 3362 344 3420 excepto
372 3371 422 3405 uno
446 3355 547 3421 Bauio,
575 3359 600 3406 in
629 3371 679 3424 quo
706 3364 745 3405 est
767 3358 904 3418 accedero,
931 3371 979 3406 noc
1003 3369 1055 3405 non
1080 3352 1139 3407 edd.
1159 3354 1251 3407 Monut.

236 3436 330 3490 Punici.
344 3449 418 3508 atquo
431 3442 521 3511 Rigalt.
553 3441 665 3493 Alteram
681 3457 743 3493 vero
757 3439 893 3491 lectionem
913 3440 999 3491 haberi
1019 3442 1095 3491 etiarn
1114 3442 1141 3492 in
1159 3439 1252 3492 Italicis

236 3525 306 3576 libris
325 3543 383 3580 nrss.
404 3528 463 3578 inde
482 3537 561 3596 patet,
581 3529 649 3596 quod
667 3531 692 3578 in
705 3526 815 3594 Gotting.
835 3527 943 3594 exempl.
959 3528 999 3581 od.
1013 3527 1106 3581 Manui.
1124 3531 1165 3580 uir
1184 3527 1252 3580 doct.

237 3612 299 3664 nihil
318 3629 351 3663 ox
368 3615 399 3664 iis
417 3615 541 3666 adnotans
558 3617 688 3666 uarietatis
707 3615 813 3666 credero
833 3615 939 3664 mutavit
957 3616 983 3665 in
1002 3618 1099 3669 codorc.
1139 3615 1168 3667 ln
1179 3629 1251 3683 seqq.

238 3697 297 3748 Ver.
316 3700 406 3751 scribit
423 3719 453 3754 ca
472 3711 547 3762 parto
564 3703 685 3767 corporis
703 3701 812 3752 scilicet.
851 3699 915 3750 Dein
935 3710 1042 3755 notatos
1061 3713 1102 3756 cst
1127 3705 1179 3766 (oct
1197 3717 1212 3752 a
1229 3717 1249 3755 r.

237 3800 267 3834 rn.
288 3785 386 3854 addito)
408 3786 456 3838 tto.
488 3785 536 3837 Pro
554 3789 599 3838 ubi
617 3790 758 3855 siqnuntur
776 3789 821 3854 qui
839 3790 973 3841 dominum
990 3799 1173 3856 promerentur
1191 3791 1252 3840 iun

170 3916 175 3926 ,
236 3869 343 3938 iegitur:
362 3891 412 3942 qua
432 3875 537 3926 sulcari
554 3875 758 3940 obtemperamus
777 3877 908 3928 dominum
927 3895 1009 3946 prom.
1025 3906 1056 3916 -
1070 3881 1154 3932 Deum
1163 3893 1249 3948 prom.

237 3957 354 4012 exhibent
372 3958 439 4025 Mod,
459 3960 562 4011 donuino
581 3974 618 4027 pr.
637 3957 677 4013 orb
696 3967 722 4014 ει
740 3958 786 4026 Bb.
