2834 4686
754 391 818 458 236

277 557 335 620 iiiia
357 554 487 618 cseieete
510 553 660 638 promitto,
687 569 745 616 nec
766 549 803 614 ed
826 547 995 631 paradisum
1019 549 1154 612 reedtuta
1178 549 1292 612 innor-

276 669 388 733 tstitate
420 667 519 734 denuo
554 683 685 742 revooo;
720 671 751 727 ct
780 681 903 726 munem
933 659 1003 726 mitri
1034 679 1123 744 quam
1154 663 1293 744 pretiosa,

276 779 520 864 quamgrandis,
543 797 631 860 quarn
656 776 745 840 nimio
768 780 799 837 et
820 775 912 859 longo
935 774 1039 839 labore
1057 778 1193 860 quamdo
1208 795 1293 842 sun-

276 893 473 976 ptuoeiesirnis
495 892 683 975 apparatibus
707 895 880 971 conparant,
903 891 994 954 rebus
1010 892 1074 956 suis
1090 893 1140 957 vei
1155 892 1293 974 obligetis

276 1007 307 1070 in
329 1006 462 1069 muneris
485 1005 698 1088 conparatione
723 1004 940 1082 reineccius,
973 1021 1009 1068 ac
1031 1005 1089 1068 nisi
1118 1005 1209 1070 editio
1234 1006 1291 1070 Ιιο-

277 1125 360 1184 ncsta
383 1117 581 1196 successerit,
616 1115 753 1188 convitiis
782 1133 818 1178 ac
846 1115 940 1178 sibilis
968 1117 1116 1180 eiciuntur
1138 1123 1168 1180 et
1191 1116 1293 1182 furore

277 1232 413 1316 populari
436 1247 655 1312 nonnumquam
677 1246 775 1310 paene
798 1227 981 1309 lapidanturi

746 1426 822 1498 m.

365 1571 445 1634 Tuos
467 1539 542 1632 tates
565 1568 751 1632 munerarios
771 1566 814 1647 ¹),
842 1566 977 1648 Ghnete,
1007 1567 1197 1650 damasus,
1226 1571 1292 1634 ilios

277 1685 401 1762 divites,
432 1683 499 1746 ilios
530 1682 661 1763 copiosis
689 1681 796 1764 opibus
826 1681 1001 1761 affluentes,
1034 1700 1072 1745 an
1103 1685 1133 1746 in
1163 1685 1291 1748 ccclesia

276 1796 467 1881 praesidente
490 1802 520 1858 et
542 1801 695 1878 spectante
718 1801 748 1858 te
774 1797 920 1860 eiusmodi
949 1815 1055 1860 munus
1081 1797 1172 1860 edam
1202 1801 1291 1881 oppi-

276 1909 415 1992 gnoratis
434 1906 483 1971 vel
505 1905 656 1970 distractis
676 1907 768 1970 robus
791 1907 863 1986 suis,
886 1908 975 1970 immo
998 1909 1035 1970 ad
1055 1910 1203 1974 caelestes
1222 1913 1292 1976 tire-
1381 1975 1382 1978 ,

273 2007 381 2087 sauros
412 2027 519 2086 monte
551 2023 581 2084 in
608 2021 713 2084 rudius
744 2023 941 2102 possessione
970 2023 1127 2088 translatis.
1173 2025 1292 2090 inistis

274 2208 373 2259 crucis.
412 2203 490 2256 iidem
509 2201 565 2254 iibri
585 2211 611 2254 et
629 2219 667 2270 pr.
681 2201 721 2253 Mc
739 2202 829 2254 ordine
849 2204 950 2254 inverso
968 2220 1078 2272 repnum
1098 2207 1210 2258 caeleste
1228 2210 1293 2260 iltis.

273 2289 352 2344 Paulo
376 2299 435 2360 poet
458 2294 523 2346 nsiid
549 2297 607 2342 ente
632 2306 709 2360 puarn
732 2293 850 2358 pretiosa
874 2306 887 2340 a
914 2303 979 2341 corr.
1002 2303 1032 2342 m.
1057 2291 1134 2342 habet
1152 2291 1192 2342 W.
1232 2291 1292 2344 Turn
1380 2313 1381 2316 ¹

272 2383 355 2433 sissia
377 2387 403 2430 et
422 2380 589 2448 sumptuosis
608 2376 645 2441 Α,
673 2381 931 2446 sumptuosissime
951 2375 995 2428 ea.
1033 2379 1111 2431 Vocc.
1130 2383 1211 2434 radus
1231 2384 1294 2435 suis

272 2471 316 2522 aei
331 2481 352 2520 r.
372 2483 403 2518 ιιι.
423 2466 455 2518 ad
473 2481 524 2534 mg.
543 2463 679 2532 adscripsit
696 2464 721 2514 in
741 2463 789 2515 tlt.
826 2462 938 2516 Pessime
957 2468 1107 2520 inumeris
1126 2465 1184 2530 dd,
1205 2470 1292 2522 insu-

272 2557 339 2606 sscri
356 2555 512 2622 ciiipsticaee
531 2549 585 2617 tte,
604 2555 760 2621 aiiipatiane
779 2552 854 2603 etiarn
873 2551 914 2617 W,
933 2556 1105 2622 apparuisse
1122 2553 1163 2605 did
1182 2561 1209 2606 et
1230 2562 1294 2606 vett.

273 2639 334 2691 cdd:
358 2639 478 2706 (excepta
502 2637 586 2701 Itan,
612 2639 636 2688 iu
662 2654 710 2706 qua
735 2646 775 2689 cet
798 2628 974 2708 apparitione)
999 2655 1021 2690 c.
1046 2638 1144 2692 Essem.
1170 2639 1249 2693 Grev.
1270 2647 1295 2692 et

274 2725 371 2778 dicreli.
408 2725 469 2777 Voc.
495 2728 574 2780 editio
598 2725 693 2777 excidit
718 2727 742 2776 in
768 2727 798 2777 Α.
835 2725 1028 2793 corruptissime
1053 2727 1148 2780 ibidem
1172 2727 1294 2780 scribitur

271 2816 458 2867 successerint
476 2829 537 2867 cuns
554 2815 636 2867 cisiis
655 2824 679 2868 et
696 2817 794 2867 sititis
831 2813 893 2866 Tun
917 2817 1050 2869 eiciuntur
1075 2830 1123 2882 pro
1147 2818 1295 2872 edicimus

272 2898 393 2952 exhibent
411 2899 486 2950 codd.
507 2914 595 2950 ennaea
614 2907 641 2950 et
659 2900 789 2967 emptor
806 2899 870 2953 osv.
908 2899 1007 2952 lieiode
1031 2919 1085 2956 aare
1101 2919 1227 2972 uuquam
1247 2901 1294 2966 Be,

270 3004 415 3062 nussqussn
433 2984 486 3052 Bb,
510 3003 593 3056 paene
611 2995 683 3038 reete
702 2986 742 3038 W.
761 2987 856 3039 Manus.
876 2986 969 3040 Parcet.
990 2987 1100 3054 (toton,
1120 3007 1187 3059 pene
1205 2989 1249 3042 Ed
1270 2998 1296 3042 et

272 3073 303 3139 Α,
322 3082 349 3125 ot
369 3081 429 3125 cett.
449 3074 520 3140 edd,
539 3077 631 3126 vitiose
649 3093 749 3145 paenae
765 3075 845 3128 Mabc.
882 3076 939 3129 Vid.
959 3079 1054 3132 delier.
1075 3077 1108 3130 de
1127 3078 1294 3148 orthcgraph.

271 3161 323 3214 ist.
344 3178 367 3213 ιι.
386 3179 476 3232 paeane
516 3161 554 3214 Gi.
574 3163 605 3214 ds
624 3163 693 3214 bono
711 3172 763 3231 pat.
784 3180 837 3231 cap.
852 3164 880 3217 V.
900 3173 953 3216 not.
968 3165 1010 3218 13.

340 3247 404 3299 ΙΙΧΙ.
433 3248 459 3310 1)
478 3265 589 3302 musam
606 3248 638 3312 Α,
656 3253 825 3304 munerarios
838 3253 945 3306 Christo
965 3255 1115 3306 demmin
1128 3251 1173 3304 lib.
1206 3252 1294 3306 Verte

271 3337 334 3399 iste,
362 3349 428 3402 quae
451 3335 477 3384 iu
503 3333 542 3386 ed.
564 3334 656 3387 Manat.
683 3337 767 3387 addita
792 3345 865 3388 sunt:
891 3342 1041 3408 praeceptis
1061 3342 1118 3392 tuis
1134 3343 1252 3394 nendos
1271 3350 1296 3394 st
1379 3367 1380 3414 p

269 3439 317 3489 pro
336 3424 453 3475 temesis
470 3425 594 3476 antestis
611 3434 781 3491 recepturos,
792 3427 795 3433 '
808 3440 858 3476 one.
877 3424 934 3476 iibri
953 3425 1035 3477 Vetto.
1055 3439 1160 3491 ossan,
1186 3435 1295 3480 veterae

270 3508 382 3573 baluzii,
404 3525 496 3562 novera
515 3509 615 3579 Angtici
634 3514 745 3580 itemque
763 3513 821 3562 mei.
860 3511 933 3564 Unde
952 3529 982 3564 ea
1001 3515 1093 3565 merito
1112 3515 1296 3566 exterminavit

270 3593 396 3649 Baiuaiue.
433 3596 493 3649 'ium
513 3600 638 3666 operitus
650 3597 681 3650 A.
718 3597 783 3650 tiata
802 3607 832 3653 ut
850 3615 896 3666 pro
915 3619 948 3654 aa
962 3599 1009 3666 Bb,
1027 3603 1211 3670 praesidentes
1226 3601 1294 3664 (sic)

269 3691 293 3737 et
310 3693 446 3753 spectante
464 3684 560 3753 absque
580 3693 604 3738 te
622 3685 672 3749 did,
690 3688 910 3754 praesidentem,
929 3696 1061 3758 spectante
1079 3686 1119 3751 Α,
1137 3695 1296 3754 expectante

268 3769 323 3822 eise
343 3780 376 3835 ts,
395 3771 462 3839 qued
482 3773 542 3825 item
561 3788 611 3826 ons.
630 3772 679 3837 dia,
698 3771 743 3824 Bb.
780 3773 870 3826 Statim
888 3778 1072 3846 adpipnarstis
1090 3774 1142 3840 dib,
1161 3777 1293 3844 cipipaae-

268 3859 337 3909 ratis
356 3856 396 3910 W.
421 3856 460 3909 ita
486 3866 512 3910 st
536 3856 589 3924 Be,
618 3863 779 3930 moneretis
804 3860 857 3924 sc;
887 3866 1029 3918 inerms
1053 3879 1067 3916 a
1092 3878 1124 3914 m.
1146 3876 1201 3929 pn,
1230 3877 1247 3912 a
1273 3877 1294 3912 s.

268 3936 426 4016 tie⁸ssuras
445 3961 486 4027 W,
505 3966 665 4017 thensauros
686 3962 740 4027 Ιι;
763 3967 931 4034 posessione
950 3965 999 4018 dib.
