2882 4692
758 337 801 400 22

270 497 352 562 dicis·
389 495 466 560 Nolo
490 494 604 558 mireris
617 487 645 570 8)
669 510 745 575 quac
767 493 906 558 locuntur
929 493 1104 560 buiusuncdi.
1150 493 1211 558 Orc
1235 495 1287 558 illo

270 611 410 698 quidquid
434 611 489 672 ianr
511 625 588 670 voce
612 606 792 688 delinquitur
814 607 912 672 minus
936 614 990 672 cst.

751 803 797 872 ur.
894 781 896 788 '

356 950 414 1016 Sad
439 949 490 1012 tibi
512 956 580 1031 pust
603 947 761 1010 insidiosas
785 947 866 1025 vias,
900 954 967 1030 post
991 947 1140 1031 dispersas
1161 950 1184 1026 ¹)
1213 955 1287 1018 crbc

269 1075 331 1132 tntu
363 1063 538 1145 multiplices
569 1079 704 1144 pugnas,
735 1069 803 1144 pust
826 1063 995 1144 spectacula
1018 1063 1067 1128 vel
1091 1071 1213 1128 cruenta
1237 1067 1287 1130 vel

268 1179 381 1262 turpia,
412 1183 481 1259 post
511 1176 663 1240 libidinum
695 1176 803 1257 probra
835 1175 883 1238 vel
913 1175 1104 1258 lupanaribus
1129 1180 1286 1259 prostituta

267 1295 315 1358 vel
339 1292 507 1372 domesticis
530 1292 692 1374 parielibus
716 1291 878 1371 obsaepta,
909 1305 1033 1370 quorun
1057 1307 1117 1370 qun
1139 1293 1287 1358 secretior

267 1517 293 1560 ct
305 1506 389 1574 Gran,
409 1510 534 1561 cannitiis
555 1505 648 1556 babent
662 1489 750 1556 Vanct.
769 1505 848 1556 lluun.
867 1504 956 1556 Ramb.
994 1494 1043 1556 Pru
1061 1509 1165 1573 facicm
1179 1505 1286 1562 Gravius

267 1595 365 1660 recapit
381 1597 492 1662 facona,
514 1601 540 1643 ut
562 1595 654 1661 legitur
673 1591 738 1660 apud
758 1589 855 1644 Eraam.
875 1593 899 1642 iu
920 1608 987 1660 mg„
1012 1595 1111 1662 fallatia
1129 1594 1217 1647 scribit
1234 1593 1284 1647 bid.

384 1689 482 1730 argum
646 1687 659 1717 a

268 1733 333 1784 bain
360 1749 509 1802 conpunctas
528 1735 670 1799 impudicia
692 1733 735 1796 (cx
754 1737 839 1782 mutat.
860 1746 912 1781 rec.
933 1733 982 1798 m.)
1003 1731 1048 1783 blc.
1085 1729 1133 1783 Pro
1152 1735 1286 1802 inpudicis
1308 1703 1312 1714 .

268 1821 314 1884 (ita
333 1818 365 1869 W
390 1823 418 1880 (c
437 1817 526 1884 corr.).'
551 1817 591 1868 bib
616 1826 642 1867 ct
666 1816 719 1880 Bb,
749 1817 815 1884 vulg.
835 1819 992 1886 impudicia)
1016 1835 1048 1868 nr.
1069 1835 1105 1884 pr.
1126 1820 1150 1869 in
1171 1817 1200 1868 W
1220 1819 1285 1871 male

176 1965 182 1974 ¹
267 1907 366 1974 arripnit
383 1909 518 1972 inimicia,
548 1905 616 1972 quod
636 1911 717 1955 arctat
736 1905 811 1954 ctiam
831 1907 855 1955 in
876 1903 922 1957 lla.
969 1903 997 1968 8]
1016 1907 1127 1960 micaria
1146 1900 1190 1956 Ba.
1226 1909 1283 1960 bc.

267 2003 367 2048 cunina·
390 2007 437 2060 prc
456 1997 599 2062 loquuntur
616 1993 789 2060 praebuerunt
808 1992 847 2044 W.
868 1993 957 2045 blabcd
978 2001 1004 2043 ct
1022 1989 1066 2045 Ba.
1103 1992 1142 2044 Da
1160 1995 1285 2062 scriptura

164 2069 168 2075 ¹
268 2097 303 2133 cn
321 2093 367 2144 pro
386 2098 439 2149 pun
458 2079 509 2131 vid.
531 2080 656 2149 Wupnan
676 2079 690 2129 Ι.
711 2095 733 2130 c.
753 2095 776 2145 p.
796 2080 848 2130 tt9
867 2097 938 2147 seqq.
964 2089 990 2130 ct
1014 2095 1080 2147 quac
1106 2066 1227 2131 aduolavi
1252 2081 1283 2130 ad

267 2165 385 2232 Cyprinnv
404 2166 436 2217 dc
453 2166 544 2216 cathol.
561 2166 654 2216 eccles.
671 2168 766 2216 unitate
780 2185 803 2233 p,
818 2151 859 2217 48.
887 2165 930 2218 ‘ct
944 2167 976 2218 dc
990 2168 1082 2218 domin.
1098 2151 1160 2219 orat.
1174 2182 1230 2236 cap.
1243 2165 1285 2219 ΙΧ.

267 2262 321 2305 not.
335 2255 360 2304 u.
380 2247 468 2304 ccliii.
489 2271 513 2306 n.
526 2253 565 2316 9.;
588 2257 620 2304 da
639 2253 707 2304 buno
727 2257 830 2321 patient.
853 2273 874 2306 c.
889 2254 930 2307 ΙΙΙ.
950 2272 974 2307 n.
988 2257 1027 2318 3.;
1047 2255 1079 2306 dc
1098 2255 1154 2306 calo
1171 2263 1197 2305 ct
1212 2253 1284 2306 livor.

267 2357 288 2390 c.
309 2339 372 2391 Xlll.
398 2356 422 2390 n.
445 2341 468 2389 3.
507 2339 565 2390 Post
590 2345 742 2395 huiuamodi
762 2342 929 2393 dictinctionis
950 2351 1034 2394 notam
1054 2358 1102 2392 om.
1124 2341 1154 2391 W
1174 2350 1200 2393 at
1220 2340 1284 2402 blad.

268 2425 353 2478 Ueteri
380 2435 462 2476 autom
487 2425 545 2476 libri
571 2443 629 2477 mas.
656 2435 681 2478 ct
706 2426 762 2479 add.
785 2437 844 2480 autc
865 2427 950 2479 Baluz.
971 2443 1059 2480 omncs
1077 2426 1155 2478 verba
1175 2446 1220 2482 ora
1237 2431 1285 2483 illa

267 2529 323 2564 cunr
350 2512 563 2578 praecedentibus
589 2516 701 2584 iungunt.
749 2513 776 2566 ln
800 2514 897 2568 Eraam.
924 2513 997 2565 Grau.
1024 2512 1116 2564 blanut.
1141 2522 1166 2565 at
1191 2512 1284 2566 Pantul.

267 2615 401 2666 perperam
422 2599 522 2650 additur
538 2603 652 2670 pullulo,
673 2602 740 2670 quod
760 2603 843 2669 reperi
862 2603 886 2650 in
906 2614 955 2650 uno
975 2599 1018 2649 ba.
1058 2599 1196 2651 Adnotavit
1213 2603 1234 2653 1.
1255 2603 1285 2652 F.

160 2728 162 2738 .
269 2683 690 2762 GronoviucObscrvatt.lll.12.
710 2705 733 2756 p.
749 2688 809 2750 263,
829 2687 871 2736 ubi
891 2687 984 2751 primus
1003 2683 1069 2736 bunc
1088 2684 1172 2735 locum
1192 2700 1285 2736 emcn-

268 2772 350 2822 davit:
381 2771 514 2838 „Frustra‚
541 2776 621 2842 inquit
639 2773 821 2841 (Cyprianus),
850 2770 1003 2822 inhorrescit
1027 2771 1129 2822 nimium
1153 2769 1184 2820 ad
1204 2769 1286 2824 verba

269 2873 357 2909 corurn
377 2858 443 2909 talia.
481 2859 605 2914 Noniani
625 2861 747 2920 scelerata
767 2866 871 2924 poscunt
891 2873 948 2908 arsa
967 2859 1045 2910 varba
1067 2856 1182 2922 illorum,
1210 2875 1283 2927 quam

267 2947 346 3012 ipsum
365 2960 394 2995 os
414 2954 462 3010 cst,
481 2947 529 3000 boc
549 2949 678 2999 &testare
697 2947 789 3012 potius.
822 2947 860 2999 0a
879 2948 946 3000 illud
962 2961 1009 3013 pro
1028 2945 1116 2998 effreni
1135 2945 1238 2996 libidine
1258 2954 1285 2998 ct

268 3031 422 3099 impudentia
443 3032 543 3100 talium,
570 3036 611 3102 qui
636 3032 694 3101 quid
722 3032 807 3083 dicant
831 3031 975 3098 faciantve,
1002 3032 1062 3084 nibil
1086 3031 1181 3084 babent
1204 3033 1283 3099 peuri.

267 3117 309 3168 Sic
327 3117 431 3170 Cornicc
450 3119 565 3184 (reram.
587 3116 760 3170 unaucurt.
781 3120 806 3182 7,
826 3118 881 3188 36.)
906 3135 937 3174 aa
960 3123 1056 3176 aaran
1082 3128 1108 3169 ct
1133 3118 1205 3170 alteri
1231 3124 1283 3186 (ap.

266 3208 339 3257 Suet.
360 3205 392 3255 dc
412 3203 544 3257 Gramnrat.
565 3221 620 3272 cap.
641 3203 695 3266 22.)
721 3222 752 3256 ua
777 3208 873 3260 duram
897 3211 939 3260 ccl
960 3210 1051 3277 potina
1072 3209 1184 3276 pupilia·
1221 3203 1284 3256 lllud

267 3306 296 3342 oa
315 3291 377 3343 nibil
396 3303 435 3345 est
452 3293 531 3355 aliud,
550 3306 624 3359 quarn
645 3290 701 3342 four
720 3291 778 3344 rnali
797 3302 930 3360 corruptna
949 3295 1035 3357 animi,
1054 3294 1096 3361 qui
1113 3294 1200 3362 utiquc
1212 3293 1285 3359 peior

268 3386 293 3427 ct
312 3377 464 3449 flagitiosior,
479 3381 548 3430 uocis
567 3375 670 3442 delicto,
691 3387 784 3445 quanto
804 3379 907 3432 uberior
924 3382 1052 3448 scaturigo
1073 3388 1112 3431 cat
1127 3379 1209 3433 rivulo
1225 3377 1284 3430 inda

266 3467 449 3532 promananti.“
470 3494 502 3502 -
522 3465 646 3532 quidquid
667 3463 704 3514 bid
725 3474 750 3517 ct
771 3466 828 3517 cdd.
849 3465 893 3518 SP.
915 3467 1003 3518 Vanat.
1018 3466 1082 3518 llav.
1095 3465 1177 3518 burn.
1192 3465 1283 3516 blanut.

269 3546 378 3616 namet,
406 3553 528 3621 quicquid
552 3551 631 3602 catari
655 3551 710 3602 libri
736 3555 822 3621 scripti
849 3563 874 3604 ct
893 3555 959 3620 typis
978 3555 1100 3622 crprcaai.
1136 3553 1201 3604 Dein
1221 3569 1285 3606 acca

267 3654 316 3688 ona.
337 3637 385 3689 Ma.

338 3725 378 3776 tx.
418 3723 444 3789 l)
464 3721 499 3774 lta
520 3723 559 3774 W.
580 3725 658 3778 blabc.
680 3726 714 3778 ba
736 3737 759 3778 ct
781 3731 802 3779 a
824 3729 935 3795 itemque
954 3728 1012 3778 add.
1032 3735 1091 3780 ante
1111 3725 1214 3792 baluc,
1240 3727 1284 3794 qui

180 3857 182 3862 .
267 3813 343 3886 tacite
363 3812 459 3861 invexit
478 3814 618 3879 diuersas,
648 3814 716 3883 quod
736 3814 856 3868 exhibant
873 3813 921 3867 auli
939 3813 977 3866 lib
997 3823 1023 3864 ct
1042 3812 1090 3864 bid.
1129 3812 1216 3864 Statim
1239 3822 1284 3866 tuo

266 3911 313 3963 pro
333 3905 384 3949 tuta
401 3895 445 3949 bb.
483 3896 554 3950 ldcrn
571 3898 637 3952 libar
654 3905 697 3956 acl
716 3905 836 3956 crudelia
854 3905 897 3956 acl
914 3905 1002 3971 turpia
1023 3909 1049 3952 at
1064 3902 1219 3970 parantidna
1237 3913 1284 3971 pro

1424 2835 1433 3079 1
