2904 4692
734 326 777 398 88

244 497 367 558 Nullam
389 493 530 568 deberes,
555 491 646 571 inquit
662 485 712 568 ¹⁸),
732 495 917 567 potestatem
935 491 1101 552 adeersum
1116 509 1173 568 me,
1197 491 1259 554 misi

244 605 321 670 dota
343 615 424 670 esset
446 583 502 667 tibi
526 605 666 682 desuper.
713 599 837 676 Quando
861 608 959 664 autem
988 620 1130 684 rogamus
1161 622 1199 666 ne
1230 606 1259 668 in

243 721 464 801 temptationem
488 718 641 780 veniamus
663 710 717 792 ¹⁹),
743 713 936 778 admonemur
959 714 1133 780 infirmitatis
1157 725 1187 782 et
1209 718 1260 780 in·

244 831 407 896 becillitatis
431 836 561 906 nostrae,
586 828 654 891 dum
675 828 719 889 sio
736 845 887 908 rogamus,
909 847 948 888 ne
964 829 1030 908 quis
1046 847 1080 892 se
1096 829 1260 894 insolenter

244 945 383 1022 extollat,
416 961 454 1006 ue
484 942 550 1022 quis
582 941 636 1002 sibi
667 941 797 1022 superbe
826 947 915 1020 atque
946 949 1124 1024 arroganter
1151 943 1259 1023 aliquid

244 1056 394 1134 adsumat,
428 1073 467 1118 ne
498 1055 563 1134 quis
594 1060 642 1114 aut
670 1051 869 1114 consessionis
893 1059 942 1115 aut
965 1053 1112 1134 passionis
1134 1054 1259 1136 gloriam

243 1187 326 1230 stram
355 1168 451 1245 ducat,
478 1185 544 1228 uum
573 1166 709 1228 domiuus
733 1165 797 1246 ipse
822 1164 1009 1228 bumilitatem
1033 1166 1146 1230 doeens
1170 1167 1260 1230 dixe-

243 1284 281 1345 rit
297 1277 353 1358 ²⁰):
388 1281 519 1362 Vigilate
549 1289 579 1342 et
608 1286 696 1340 orote
728 1297 766 1338 me
793 1279 930 1340 venietis
961 1279 994 1339 in
1025 1281 1259 1358 temptationem.

127 1406 129 1415 ’
242 1396 380 1476 Spiritus
396 1385 591 1474 ⁸²¹)'paidem
612 1398 776 1469 promptas
799 1398 864 1466 eat,
901 1409 978 1454 earo
1002 1398 1105 1454 antem
1127 1393 1259 1472 infirmo,

239 1516 275 1571 ut
299 1509 367 1570 dum
389 1506 542 1587 praecedit
567 1503 682 1566 humilis
706 1510 736 1564 et
759 1503 1085 1592 submissamonlessio
1118 1510 1147 1566 et
1176 1503 1261 1600 dptur

243 1626 335 1683 toturn
359 1618 417 1680 deo
442 1615 583 1697 quidquid
606 1614 778 1696 suppliciter
802 1631 867 1678 oum
892 1615 997 1678 timore
1020 1622 1050 1678 et
1073 1616 1189 1680 bonore
1213 1617 1260 1680 dei

248 1773 454 1782 —nn—————---.-

244 1860 312 1930 quod
341 1873 436 1910 suerum
461 1865 499 1908 est
523 1856 658 1924 glossema.
697 1855 741 1924 18)
762 1855 809 1922 Ap.
829 1837 916 1907 lobnn.
940 1855 981 1920 19,
1002 1855 1041 1908 tt.
1080 1855 1161 1910 Abest
1177 1861 1262 1930 irtquit

130 1969 137 1982 ·
244 1945 331 2012 alib,
361 1949 476 2008 stultam,
502 1947 602 2013 inquit,
628 1947 738 1997 doleres
757 1952 911 2012 potestatem
930 1946 1073 1996 adeersum
1091 1962 1131 1998 me
1149 1945 1192 1996 dat
1209 1942 1260 2010 bib,

244 2037 310 2088 marii.
329 2036 386 2086 trab.
403 2041 508 2103 pateat,
532 2033 624 2099 inquid
643 2031 704 2094 (sic)
723 2033 782 2084 mie.
801 2047 841 2084 me
860 2027 904 2094 lli,
921 2039 1015 2098 potest.
1036 2033 1093 2084 ado.
1113 2048 1153 2084 me
1171 2031 1264 2100 legitur
1340 2101 1343 2105 ι

246 2121 320 2171 etiam
339 2119 363 2169 in
377 2116 404 2169 C.
418 2116 457 2168 tt.
473 2115 536 2167 llae.
551 2115 614 2181 Bab,
633 2120 661 2168 in
679 2111 719 2170 me
739 2119 763 2168 in
777 2115 835 2167 tter.
875 2119 941 2178 Doto
959 2125 1089 2184 praestant
1107 2116 1165 2168 libri
1179 2120 1263 2187 scripti

248 2214 272 2256 et
292 2205 351 2282 pditi
372 2211 460 2255 omues
481 2205 596 2269 exceptis
616 2201 699 2253 Belus.
721 2211 747 2253 et
765 2201 875 2266 Goldh.,
902 2202 1038 2270 inquibus
1063 2211 1143 2254 exstat
1167 2206 1263 2268 datum,

223 2359 225 2363 .
248 2292 317 2363 quod
337 2291 431 2350 habent
450 2291 582 2342 versiones
601 2289 653 2340 Lat.
691 2289 824 2358 Reperitun
843 2292 902 2342 dota
921 2291 981 2340 item
1001 2291 1025 2340 in
1045 2287 1147 2339 Testim.
1167 2285 1206 2340 ΙΙΙ.
1221 2289 1263 2338 80.

246 2396 271 2445 p.
286 2377 346 2442 325,
365 2378 408 2428 ubi
427 2377 496 2429 aolus
510 2376 548 2427 lle
567 2377 654 2428 scribit
673 2380 767 2430 dutum.
801 2375 873 2428 Conl.
887 2381 1015 2430 Soiotier.
1047 2376 1113 2427 [lein
1132 2379 1178 2429 tilii
1192 2387 1264 2429 esset

247 2463 284 2514 ub
304 2474 329 2517 et
349 2464 397 2529 ttt,
425 2467 485 2515 item
504 2463 560 2513 edd.
583 2472 643 2515 vett.
665 2481 686 2514 c.
707 2462 805 2514 Erasm.
826 2461 900 2514 Gran.
921 2473 996 2532 atque
1016 2463 1129 2526 llorell.‚
1156 2470 1183 2512 ut
1203 2461 1263 2512 editi

246 2551 272 2600 iu
292 2548 392 2600 Testim.
431 2548 481 2598 Sed
508 2551 556 2598 mei
582 2549 638 2600 libri
665 2549 731 2600 MSS.
757 2559 828 2603 esset
851 2554 905 2603 tibi.
944 2549 970 2600 ln
996 2551 1128 2617 superiore
1154 2548 1213 2599 loco
1233 2547 1264 2597 W

247 2639 294 2688 tibi
311 2639 370 2688 cloto
391 2645 461 2688 eaaet
479 2639 600 2703 desuper.
644 2634 687 2698 19)
706 2639 857 2690 insidemus
877 2635 917 2686 W.
938 2635 991 2686 bloi
1007 2637 1183 2704 editioneeque
1202 2641 1263 2686 vett.

247 2737 270 2788 e.
284 2719 382 2772 Erasm.
402 2719 475 2773 Grau.
495 2730 521 2773 et
540 2721 647 2787 blumii,
668 2726 828 2777 inducamur
843 2722 888 2787 tta,
907 2729 1046 2778 vestiamur
1059 2721 1087 2774 C.
1103 2721 1159 2775 llbe
1177 2731 1203 2774 st
1216 2720 1262 2785 Bb,

247 2805 356 2880 item'S.
384 2809 550 2876 dispostione
575 2816 654 2859 contr.
682 2809 743 2859 duas
769 2809 843 2875 epist.
871 2807 955 2876 Pelng.
977 2808 1012 2861 tt.
1033 2809 1055 2858 9.
1081 2811 1105 2874 ς.
1125 2809 1167 2860 25.
1193 2807 1221 2860 Τ.
1241 2826 1263 2860 o.

247 2909 271 2968 p.
291 2891 350 2943 484.
370 2889 396 2944 Β.
435 2891 506 2945 Cooi.
528 2898 611 2948 Mare.
633 2894 683 2947 loe.
705 2911 718 2945 a
738 2895 830 2946 Nostro
856 2894 930 2960 paulo
955 2903 1012 2962 post
1037 2897 1103 2947 citat.
1142 2894 1199 2946 llox
1222 2900 1265 2950 sie

247 2995 356 3034 oramus
371 2977 419 3031 tlt.
455 2979 482 3031 ln
502 2997 571 3050 seqq.
592 2981 658 3033 idem
674 2981 740 3034 liber
752 2986 783 3036 rle
796 2985 929 3050 superbia,
950 2980 990 3032 tte
1003 2985 1144 3052 superbiat.
1176 2981 1263 3034 Statim

247 3068 404 3138 adroganter
422 3063 450 3118 C.
472 3066 520 3118 ttb.
542 3065 583 3119 tte.
620 3067 680 3120 Post
703 3086 735 3122 me
759 3072 820 3137 quie
845 3068 911 3120 male
936 3070 1057 3136 repetitur
1080 3073 1135 3123 eibi
1158 3071 1182 3121 in
1205 3070 1262 3121 edd.

248 3201 332 3254 belua.
353 3202 597 3267 adstruente
622 3207 782 3274 subsequitur
806 3216 851 3260 out
876 3221 925 3256 om.
946 3205 973 3257 G.
1011 3205 1110 3259 Deinde
1128 3167 1199 3262 dieat
1218 3169 1263 3272 Bb,

248 3310 317 3360 dieat
329 3306 388 3360 Ver.
406 3316 432 3360 et
444 3307 472 3360 G.
510 3309 626 3364 Proxime
645 3314 741 3364 doeens
760 3313 933 3364 bumilitatem
946 3309 973 3361 C.
1011 3309 1057 3377 20)
1076 3279 1154 3362 Meros
1167 3312 1207 3377 ld,
1221 3311 1262 3364 38.
1292 3357 1299 3374 ,

247 3411 290 3472 21)
309 3397 363 3480 §pr-a
381 3397 428 3468 i'e}
446 3430 461 3465 a
480 3431 511 3467 m.
530 3433 568 3483 pr.
583 3416 631 3468 lle.
669 3415 730 3468 lieo.
749 3423 833 3467 tamen
854 3431 941 3470 manus
959 3431 1049 3468 vocem
1069 3399 1116 3470 ab}
1134 3417 1263 3485 expunxit.

248 3531 273 3586 ln
294 3550 358 3604 seqq
387 3534 422 3587 Ba
440 3540 568 3606 presedit,
588 3536 628 3588 ble
646 3539 734 3605 prodit
751 3553 765 3588 a
785 3553 816 3590 nr.
836 3553 889 3604 pn,
908 3552 922 3588 a
940 3554 960 3589 s.
980 3513 1098 3607 pr0⁰'‹ttt.
1135 3536 1198 3588 [lein
1217 3545 1263 3604 pro

247 3619 315 3688 vulg.
335 3627 484 3676 numeriano
502 3621 540 3674 tta
558 3630 584 3674 et
602 3625 744 3693 Angustia.
764 3623 780 3673 1.
801 3637 823 3673 o.
842 3626 988 3676 submissu.
1026 3621 1082 3673 blox
1102 3633 1126 3677 et
1147 3635 1197 3676 ortt.
1220 3623 1262 3675 tta.

248 3703 308 3756 Tum
332 3710 436 3760 domino
461 3723 506 3775 pro
531 3711 577 3762 deo
602 3707 722 3760 exhibent
738 3706 784 3776 *ut
809 3716 962 3776 veteresque
983 3708 1043 3765 edd.
1071 3726 1093 3759 c.
1113 3708 1211 3762 Erasm.
1239 3718 1264 3760 et

248 3788 345 3843 blorell.
383 3792 462 3844 Recte
486 3797 609 3865 quidquid
627 3792 646 3846 C
665 3794 765 3858 eettb,
791 3797 914 3864 quioquid
938 3795 1017 3846 ceteri
1043 3794 1100 3845 libri
1118 3795 1213 3862 scripti
1238 3801 1264 3845 et

248 3873 316 3926 editi.
355 3877 421 3930 Ante
440 3893 512 3931 voce.
533 3897 591 3934 eum
609 3886 702 3936 timore
727 3880 895 3946 interponitur
919 3890 943 3933 et
963 3882 987 3931 iu
1007 3880 1067 3933 Ver.
1104 3880 1202 3934 Deinde
1221 3879 1262 3932 blb
