2904 4692
622 424 660 488 61

135 587 323 666 servivimus
347 584 535 669 postmodum
552 583 669 646 Christo
692 580 861 669 dominante
881 599 1053 666 regnemus,
1076 581 1152 646 sicut

134 705 199 784 ipse
213 698 239 778 ⁵)
261 701 419 783 pollicetur
443 705 473 762 et
496 694 622 775 dioit⁶):
649 697 763 790 Venite,
788 696 942 758 benedieti
959 697 1062 774 patris
1076 695 1151 773 mei,

131 814 284 894 percipite
307 830 435 892 reyuum
459 809 544 890 quod
566 807 654 870 uobis
675 815 825 886 paralum
853 816 900 870 est
930 807 969 870 ob
997 806 1003 890 Ι
1033 809 1153 888 oriqins
1167 840 1205 880 ως

135 927 250 990 mundi.
296 926 398 988 Potest
420 941 495 986 voro
514 916 550 1000 ⁷),
574 921 682 983 irotres
706 919 897 999 dilectissimi,
923 922 1039 1004 etipse
1063 922 1151 986 Chri-

136 1048 200 1104 stos
224 1059 293 1102 esse
316 1055 442 1120 regnum
466 1037 523 1116 dei,
547 1047 634 1116 quem
653 1036 757 1099 venire
777 1035 886 1100 eolidie
902 1037 1045 1117 cupium,
1069 1037 1153 1099 euius
1196 1073 1219 1128 r·

137 1153 282 1216 adrentus
305 1157 337 1215 ul
360 1153 418 1214 nito
443 1151 528 1213 nobis
551 1155 795 1229 repraesentetur
815 1156 959 1230 optumos.
997 1149 1153 1213 Nemeum

136 1268 319 1331 resurreetio
342 1267 408 1347 ipse
424 1259 452 1341 8)
483 1263 536 1340 sil,
568 1263 635 1343 quio
667 1262 695 1322 in
726 1263 792 1343 ipso
823 1263 1026 1344 resurgimus,
1058 1265 1101 1325 sie
1125 1271 1154 1326 el

137 1393 264 1463 regnum
298 1380 345 1442 dei
374 1386 475 1461 potest
504 1381 569 1461 ipse
599 1377 749 1459 intellegi,
784 1375 852 1456 quia
874 1377 904 1436 in
928 1377 977 1440 illo
1003 1379 1155 1460 regnaturi

137 1511 247 1556 sumus.
293 1493 374 1556 Bene
397 1499 495 1556 sutem
518 1511 644 1576 regnum
669 1490 717 1552 dei
740 1490 875 1571 petimus,
899 1489 927 1552 id
949 1497 1004 1569 est,
1028 1510 1154 1586 regnum

138 1607 286 1684 caeleste,
320 1607 387 1686 quia
417 1612 463 1668 est
492 1612 522 1668 et
553 1606 698 1668 terrestre
721 1621 847 1687 reguum
863 1599 899 1676 ⁹).
945 1605 1004 1668 Sed
1028 1605 1078 1684 qui
1101 1623 1155 1666 re-

139 1719 283 1810 nuntiavit
312 1720 368 1781 iom
389 1715 427 1794 ¹⁰)
458 1719 579 1782 soeculo
610 1718 704 1780 maior
731 1725 775 1780 est
799 1725 829 1778 et
852 1717 1015 1780 honoribus
1039 1718 1103 1780 eius
1127 1725 1156 1780 et

139 1851 246 1916 regno.
284 1831 320 1894 lit
341 1831 420 1894 ideo·
435 1833 485 1911 qui
502 1829 538 1905 ¹¹)
561 1849 596 1892 se
620 1831 678 1893 deo
702 1839 732 1894 et
755 1829 872 1891 Christo
896 1828 983 1907 dicat,
1006 1848 1066 1892 non
1091 1838 1159 1892 ter-

139 1964 222 2024 reno,
247 1945 299 2008 sed
324 1944 465 2008 eoelestis
488 1961 582 2024 regno
608 1943 767 2004 desideret.
806 1941 951 2004 Continuo
968 1948 1064 2003 sutem
1082 1959 1156 2004 oru-
1236 1981 1240 1990 ·

90 2035 96 2042 ”
140 2061 221 2122 tione
245 2064 273 2119 et
296 2076 388 2140 prece
409 2055 446 2135 ΙἸ)
469 2074 543 2140 opus
566 2062 628 2134 est,
663 2075 701 2119 ne
725 2056 897 2118 excidamus
921 2075 937 2118 s
960 2073 1057 2138 regno
1082 2075 1157 2124 ose,-

139 2169 223 2250 lesli,
255 2171 331 2232 siout
352 2168 472 2254 ludaei,
502 2169 609 2248 quibus
639 2167 697 2229 boc
728 2168 810 2248 prius
840 2169 1019 2248 promissum
1051 2168 1158 2249 luerat,

139 2331 348 2342 -.-.-—-—-

140 2431 166 2482 in
180 2427 230 2494 lib,
249 2430 274 2478 in
288 2425 325 2479 Bb
344 2429 462 2479 omissum
481 2435 528 2478 est.
566 2426 632 2480 Dein
650 2431 785 2482 servimus
804 2428 896 2497 legitur
913 2430 939 2482 in
958 2428 1002 2481 uc.
1040 2431 1070 2499 5)
1087 2435 1159 2486 sieut

141 2527 165 2570 et
183 2519 242 2584 lose
261 2513 319 2564 bibl.
366 2512 395 2581 6)
415 2512 500 2564 listtb.
521 2513 569 2577 25,
589 2513 630 2564 34.
675 2513 703 2577 i)
725 2531 787 2568 ooro
807 2530 859 2568 orn.
880 2513 915 2567 be
934 2525 959 2568 et
979 2516 1042 2576 bled.
1080 2515 1159 2570 iidem

142 2603 255 2654 scribunt
280 2605 344 2669 frat.
369 2604 512 2654 karissimi
536 2608 562 2652 et
585 2610 674 2668 posteo
701 2601 751 2654 olio
775 2603 865 2654 ordine
890 2620 1000 2673 seorsum
1024 2607 1067 2661 dei
1091 2623 1159 2661 esse.

144 2688 225 2740 Verbo
243 2705 331 2758 seqq.:
351 2705 424 2756 quem
442 2692 533 2742 venire
552 2692 646 2742 cotidie
664 2694 786 2758 cupimus
806 2724 837 2732 -
860 2720 889 2728 -
910 2720 944 2728 -
963 2694 1026 2760 quia
1044 2703 1084 2747 est
1102 2705 1157 2748 ter·

142 2757 227 2828 rostro
245 2791 356 2844 runnu-m
376 2774 556 2826 desiderantur
575 2778 598 2826 in
612 2777 641 2826 Α.
680 2779 778 2831 Cotidie
798 2776 1066 2832 hisenimurbe&
1083 2783 1160 2832 item-

143 2876 193 2928 que
216 2860 274 2910 edd.
294 2859 339 2910 st’.
362 2868 387 2911 et
405 2859 487 2924 Dum,
519 2865 603 2914 eottid.
624 2859 695 2910 ttocd
721 2868 746 2912 et
764 2860 833 2926 Bbe,
861 2865 972 2930 quodtid.
992 2861 1027 2928 C,
1056 2872 1160 2934 quotlid.

106 2925 110 2936 ¹
144 2946 201 2998 edd.
223 2944 311 2996 Venet.
333 2953 359 2996 et
378 2944 474 3010 Kunn,
494 2949 589 3014 quotid.
609 2931 649 2996 ille
668 2962 690 2996 e.
710 2948 802 2997 ceteris
821 2947 878 2998 edd.
916 2949 945 3016 8)
963 2959 1074 3020 sios‘tru,
1092 2955 1160 3020 quod

144 3032 212 3100 vulg.
233 3032 342 3097 additur,
362 3034 450 3094 omisi;
469 3032 541 3084 abest
560 3033 659 3082 enims
681 3031 738 3083 Ver.
760 3030 787 3082 C.
809 3031 846 3082 W.
869 3032 943 3085 liubi.
964 3033 1027 3100 Bab,
1047 3038 1161 3090 omnibus

146 3119 286 3170 delusionis
311 3129 337 3171 et
360 3129 420 3172 octo
446 3119 572 3187 Anglicis3
600 3129 686 3170 contro
714 3117 749 3170 bc
774 3129 799 3170 el
818 3119 872 3171 lle-d
899 3119 1019 3173 exhibent
1043 3127 1102 3188 ipse
1126 3131 1162 3180 sit

144 3211 237 3273 nobis,
266 3212 311 3277 qui
335 3211 363 3260 in
387 3212 447 3278 ipso
470 3191 652 3277 resumimus.
689 3207 745 3258 Mox
770 3212 816 3277 qui
840 3225 886 3276 pro
910 3214 972 3278 quio
991 3207 1026 3260 Rc
1053 3219 1078 3262 et
1096 3211 1161 3263 lttcd.

145 3293 174 3360 9)
193 3311 303 3362 resisum
322 3293 345 3344 h.
366 3293 381 3345 Ι.
401 3310 449 3345 orn.
470 3293 520 3344 tte.
559 3294 602 3356 llll
621 3297 833 3348 renuntiavimus
854 3296 907 3346 sine
927 3297 979 3347 iom
1001 3297 1118 3350 scribitur
1138 3299 1162 3350 in

146 3379 182 3431 Bc
201 3389 227 3432 st
247 3379 319 3462 llled.⁸
348 3379 409 3431 Turn
433 3383 501 3448 prius
524 3392 547 3435 et
573 3397 682 3450 moxque
706 3386 765 3435 sius
786 3397 834 3432 om.
855 3384 885 3433 Α.
922 3380 970 3432 Pro
990 3393 1013 3435 el
1030 3402 1110 3454 remeo
1129 3384 1166 3436 bil

146 3467 223 3518 babet
241 3471 270 3519 iu
287 3486 376 3537 resno.
420 3469 460 3532 tt)
480 3473 534 3522 soli
551 3485 597 3536 pro
617 3473 662 3536 qui
681 3470 710 3520 Α.
750 3469 813 3520 Dein
833 3473 938 3522 domiuo
957 3481 980 3522 et
994 3473 1100 3524 Obrislo
1113 3458 1163 3522 bib.

150 3553 193 3605 lib.
215 3555 247 3604 A:
283 3560 359 3608 Dicat
377 3555 547 3622 praebuerunt
566 3557 639 3607 codd.
661 3572 765 3620 ornnes,
788 3559 812 3606 in
832 3558 922 3624 quibus
942 3565 981 3608 est
999 3560 1075 3607 etionr
1096 3557 1163 3621 Ver,

147 3650 172 3690 et
192 3641 250 3690 edd.
269 3649 331 3692 vett.
352 3659 374 3692 c.
394 3643 498 3707 Mersit,
518 3647 619 3697 dedicat
636 3645 729 3694 invexit
749 3645 892 3697 Erasmus.
929 3642 994 3694 Hine
1012 3655 1165 3711 occeperunt

148 3729 304 3795 posteriores
324 3729 382 3780 edd.
429 3733 471 3798 12)
490 3749 584 3801 praeco
603 3734 761 3784 moratione
780 3729 828 3779 Mb.
866 3729 925 3781 Tum
943 3748 990 3783 uec
1008 3734 1166 3784 excidamus

82 3878 88 3893 x
149 3813 183 3864 Re
204 3823 230 3864 et
244 3815 309 3882 Med,
328 3835 361 3871 ue
379 3823 539 3872 excedemus
558 3822 588 3872 de
605 3836 686 3888 reque
699 3815 727 3867 C.
760 3815 815 3867 Mox
832 3821 948 3886 primum
967 3834 1014 3882 pro
1027 3821 1074 3869 boo
1085 3822 1165 3885 prius

149 3901 195 3966 Bu,
214 3909 262 3961 boe
280 3909 395 3974 primum
416 3901 443 3956 C.
464 3903 499 3956 Bc
519 3914 544 3956 et
564 3905 629 3969 ttco,
648 3910 696 3957 loo
714 3910 801 3972 ipsum
819 3908 897 3972 prius
918 3904 954 3968 A,
978 3906 1019 3971 qui
1039 3912 1096 3971 post
1115 3907 1165 3958 do·

150 3992 220 4041 uriom
240 3990 303 4041 mole
323 3991 399 4044 inisrt
418 4003 512 4047 autem.
