2880 4696
630 403 673 470 93

140 567 211 631 dect
233 565 265 628 iu
287 581 343 628 cor
363 567 499 627 nostrum
519 580 581 626 uon
603 562 771 627 ambulasse
792 557 894 641 ιον)
915 561 945 624 in
968 562 1025 627 viis
1047 561 1157 628 domini

135 688 166 746 ct
187 680 336 745 obiecisso
355 676 456 762 legem
478 675 538 757 dci,
566 682 728 759 praccepta
751 677 815 739 eius
839 680 869 737 ct
891 675 1157 740 monitasalutaria

134 815 296 879 numquam
326 811 451 858 servare
482 792 626 857 voluisse.
682 792 759 868 Quid
792 792 830 856 do
863 810 901 857 co
932 792 1003 857 boni
1035 791 1157 872 santius,

134 927 226 992 quom
263 882 399 973 timorem
438 907 532 972 fuisse
570 906 649 989 apud
685 925 762 986 cum,
799 926 886 990 quam
920 907 1008 972 iidem
1040 905 1156 986 credas,

106 1039 228 1106 squam
239 1021 267 1102 ³)
292 1025 448 1106 corrigere
469 1041 528 1087 uec
550 1027 645 1085 metus
667 1023 772 1104 potuit,
795 1041 884 1104 quem
906 1024 1077 1105 persecutio
1093 1023 1158 1103 ipsa

135 1156 199 1204 uon
214 1138 414 1210 reformavit?
450 1139 518 1202 Alta
535 1143 566 1202 et
587 1135 837 1224 rccta⁴)·ocrvix
858 1156 925 1219 uec,
949 1139 1017 1221 quia
1040 1136 1156 1218 cecidit,

134 1253 335 1332 iusscxa'cst3
365 1258 482 1317 tumens
506 1254 620 1317 animus
643 1251 842 1334 etsuperbos
865 1271 940 1333 nec,
971 1252 1038 1336 quia
1061 1252 1157 1316 victus

134 1374 201 1447 cst,
232 1367 343 1433 fractus
374 1376 427 1433 cst
471 1369 577 1433 iacens
608 1369 753 1434 sonibus
783 1375 813 1432 et
838 1369 963 1453 integris
986 1368 1156 1434 vulnerant

133 1483 278 1564 minatur,
312 1490 344 1547 ct
377 1484 457 1566 quod
487 1503 551 1554 non
584 1485 680 1548 statim
711 1483 821 1549 domini
854 1501 964 1566 corpus
995 1481 1156 1564 inquinatis

93 1612 119 1656 ro
132 1599 270 1661 manibus
292 1599 426 1682 occipiat,
448 1607 498 1664 out
520 1617 574 1664 ore
597 1599 709 1680 polluto
734 1598 844 1663 domiui
866 1598 1043 1682 sanguinem
1064 1597 1155 1674 bibat,
1196 1677 1201 1684 ι

130 1711 339 1778 sacerdotibus
377 1714 542 1798 sacrilegus
569 1711 596 1792 ⁶)
630 1712 782 1778 irascitur:
821 1721 910 1797 atquc
930 1709 958 1792 6)
994 1707 1034 1797 (o
1069 1717 1151 1776 tuam

130 1827 261 1909 nimiam,
280 1826 404 1906 furioso,
419 1823 633 1910 domentiomi)
655 1825 795 1891 irasceris
808 1827 846 1907 oi,
870 1828 921 1908 qui
940 1827 994 1891 abs
1010 1831 1039 1890 tc
1054 1844 1147 1891 aver-

203 2113 233 2184 2)
252 2131 302 2168 troc
320 2116 472 2168 mommo
487 2111 534 2180 Ba,
552 2130 603 2167 oca
620 2130 636 2166 a
654 2131 675 2167 r.
693 2129 727 2165 ιιι.
745 2115 942 2182 superscriptum
962 2115 989 2165 in
1007 2112 1055 2166 bic.
1090 2113 1150 2166 Mox

130 2202 336 2256 coniunctionem
350 2211 374 2256 ct
386 2216 435 2254 cm.
445 2200 503 2252 Ver.
518 2199 541 2252 1.
556 2199 605 2253 ttb.
617 2199 649 2266 tt,
667 2203 716 2256 sort
733 2203 863 2256 obiecisso
880 2204 909 2254 irt
926 2204 1008 2272 troam
1021 2204 1063 2255 dci
1075 2200 1154 2254 babet

134 2323 187 2387 Ba,
208 2333 232 2378 ct
248 2326 347 2379 iecisse
366 2320 411 2375 Bb.
454 2319 483 2387 3)
503 2339 550 2376 rtac
567 2337 615 2390 pro
633 2339 707 2393 qoem
725 2320 756 2374 A.
792 2322 822 2392 4)
839 2321 876 2374 itu
895 2325 989 2392 optimo
1008 2325 1049 2392 tt,
1068 2305 1155 2380 ⁰rccto

136 2412 165 2480 (a
182 2411 213 2463 ab
231 2428 251 2464 r.
272 2427 305 2464 uu
327 2425 402 2478 supra
426 2409 526 2475 addito)
545 2407 593 2462 bia.
630 2408 702 2478 Vulg.
721 2419 815 2464 crocia.
851 2409 904 2462 vid.
931 2410 1071 2466 Gronov.
1097 2412 1154 2467 ob-

133 2507 238 2554 sorvutt.
256 2501 283 2551 in
308 2497 479 2565 scriptoribus
503 2496 597 2550 aceles.
615 2497 751 2555 biouobibl.
771 2516 796 2568 p.
815 2497 875 2551 570.
910 2499 972 2554 Voo.
992 2502 1089 2556 cmix
1114 2519 1152 2570 pr.

132 2587 255 2641 omissum
272 2585 363 2638 fuitiu
375 2585 422 2638 bic.
453 2583 519 2638 Dciu
537 2601 633 2654 utapro
651 2603 700 2642 noc
717 2585 765 2639 Bb.
796 2586 884 2640 Statim
902 2591 965 2658 quio
984 2605 1006 2642 r.
1025 2607 1058 2643 m.
1077 2590 1153 2642 adie-

132 2747 170 2798 oit
193 2746 220 2798 iu
242 2742 290 2797 bic.
331 2744 360 2811 5)
385 2747 529 2816 scombris
546 2743 577 2798 Α.
619 2744 680 2798 Tum
703 2749 844 2803 irascatur
866 2745 913 2800 Bb.
950 2747 979 2813 6)
998 2687 1087 2817 riam
1107 2746 1155 2800 Ba.

131 2865 262 2920 lutcrioct.
288 2885 303 2921 o
327 2869 420 2921 excidit
443 2869 469 2920 in
495 2868 533 2934 Α,
562 2873 591 2923 ob
618 2878 691 2924 tuom
715 2871 822 2925 »timiam
836 2853 850 2889 ⁰
865 2873 969 2939 tirrioso
999 2873 1154 2926 ‹tcmorrtc'om

132 2971 166 3008 ex
191 2962 277 3007 mutat.
296 2972 318 3009 r.
336 2973 370 3009 m.
389 2957 466 3008 habet
483 2954 543 3022 tib,
569 2959 731 3012 ciomcotiom
748 2957 778 3009 Α.
815 2954 886 3008 Bono
911 2957 947 3009 sic
968 2959 1154 3025 iuterpuugitur

132 3044 160 3094 in
178 3041 233 3094 bicz
259 3045 406 3099 irascitur:
431 3053 507 3114 atquc
526 3049 553 3110 (o
571 3055 643 3099 tuam
660 3062 697 3109 ru,
714 3049 745 3114 fi,
764 3043 841 3110 dm.)
859 3046 995 3099 irasceris
1014 3044 1154 3111 parenthe-

133 3129 207 3184 arbus
224 3146 240 3183 a
258 3147 279 3183 r.
298 3147 331 3183 ro.
344 3132 466 3206 adiectis.
502 3130 567 3184 Edd.
586 3140 648 3184 vett.
667 3130 761 3184 Parnoi.
779 3129 836 3200 Rig.
854 3128 934 3184 Oxou.
955 3139 980 3182 et
992 3128 1078 3183 Batou.
1097 3139 1156 3184 auto

132 3220 263 3272 irasceris
286 3216 352 3270 maio
378 3226 474 3287 puncto
502 3219 671 3288 distinguunt,
698 3218 819 3273 semicoio
844 3217 940 3270 Erasm.
966 3216 1039 3272 Grav.
1063 3215 1156 3274 Manui.

133 3303 232 3358 hiereli.
266 3305 341 3373 Apte
370 3313 428 3375 post
454 3309 614 3381 dementiam,
635 3307 818 3361 interiectionis
845 3313 931 3359 notam
957 3308 1042 3375 posuit
1067 3305 1155 3360 Goidh.

134 3391 211 3445 Coui.
233 3391 375 3447 Gronov.
394 3392 538 3446 Observato.
558 3393 599 3447 ill.
620 3395 660 3448 12.
680 3412 705 3464 p.
725 3393 775 3446 263
793 3410 847 3464 scq.
888 3391 937 3446 Pro
956 3398 1004 3450 obe
1023 3405 1047 3450 to
1064 3394 1105 3447 btb
1125 3395 1156 3447 ab

134 3480 168 3535 ai.
187 3497 221 3535 m.
238 3483 263 3534 iu
281 3498 330 3536 ras.
349 3483 427 3535 habet
445 3503 461 3536 a
479 3492 510 3537 tc.
548 3481 623 3536 Vcrb.
642 3492 764 3539 camora
781 3482 855 3534 deest
873 3483 897 3534 in
914 3480 944 3536 Α.
981 3479 1039 3534 biox
1058 3485 1158 3537 domini

133 3583 184 3640 pro
202 3573 244 3626 ‹tci
263 3571 351 3624 scribit
368 3571 417 3624 bic.
454 3569 516 3623 Tum
536 3581 559 3624 ct
581 3573 696 3626 mittaris
714 3567 765 3634 Ba,
790 3580 814 3624 ct
837 3573 953 3625 minoris
979 3567 1058 3624 ciBb
1085 3584 1106 3622 c.
1125 3567 1155 3622 A.

134 3655 253 3712 Proximo
277 3661 492 3714 miroricordiam
519 3651 721 3728 (misericordia
743 3656 791 3724 Ba]
819 3661 919 3713 domini
943 3655 990 3709 Bb.
1034 3654 1063 3706 iu
1084 3670 1155 3725 seqq.

136 3755 211 3802 tuum
228 3763 250 3802 r.
270 3763 303 3804 m.
322 3761 398 3814 supra
415 3746 509 3799 adiecit
526 3748 551 3798 iu
569 3745 617 3798 bic.
653 3745 730 3798 Paulo
749 3753 807 3813 post
830 3748 952 3801 lammis
979 3745 1073 3814 fundis
1098 3743 1156 3809 (sic,

134 3833 270 3888 intormcd.
289 3834 353 3903 om.)
367 3833 400 3900 A,
418 3835 487 3904 tiabit
501 3849 548 3903 pro
566 3829 771 3904 matitunum
800 3831 867 3886 Dciu
883 3836 942 3902 ipro
958 3831 1075 3900 forsitan
1093 3828 1155 3882 cdd.

135 3931 196 3976 rctt.
213 3940 237 3976 c.
250 3919 378 3975 Rombolt
392 3929 418 3975 ot
428 3919 542 3988 Erasm.;
559 3924 618 3993 ipsc
634 3939 697 3991 otro
717 3922 851 3989 (ocreas.
865 3918 911 3988 m.)
928 3935 981 3974 nort
997 3917 1090 3987 subdia
1105 3916 1156 3996 Mc,

134 4013 193 4084 ipre
210 4027 266 4068 ooo
284 4012 402 4082 [ναίοισι
417 4010 468 4065 bid.
