2904 4692
701 425 703 429 ¹
762 400 805 466 98

272 574 328 638 per
352 565 382 620 et
403 575 523 640 semper
546 560 684 638 operanti
715 561 800 624 testis
823 560 877 626 isit
901 561 1003 624 dicens
1021 559 1080 646 ¹³):
1115 562 1219 642 Opera
1241 565 1293 628 dei

272 669 413 731 recolere
431 665 473 751 Ι1)
505 677 536 730 et
567 671 708 750 confiteri
738 651 944 752 honorificum
974 683 1038 748 est;
1070 695 1143 738 nom
1166 680 1292 758 quondo

273 780 390 844 orobos
407 778 452 866 11)
476 788 507 844 tu
531 791 561 844 et
583 781 702 859 Serra,
730 803 786 864 epo
809 785 911 863 optuli
933 787 1108 851 memoriam
1132 789 1291 855 orationis

251 901 393 954 costroe
424 893 458 953 in
492 899 658 971 conspeetu
693 895 849 958 claritatis
879 896 939 958 dei.
985 897 1116 962 Etcum
1139 905 1291 981 sepelires

271 1013 303 1068 111
343 1013 483 1067 mortuos
514 1005 700 1082 simpliciter·
734 1015 763 1068 et
800 1007 876 1086 quio
906 1027 969 1071 eon
1001 1029 1034 1070 es
1066 1019 1230 1075 cunctatus
1248 1009 1290 1098 ¹⁶)

270 1135 441 1196 eesurpere
463 1123 494 1177 et
523 1117 740 1196 derelinquere
765 1120 936 1197 proredium
960 1129 1062 1199 tuom,
1090 1133 1119 1185 et
1142 1123 1237 1188 obiiti
1260 1135 1290 1188 et

271 1229 442 1292 condidisti
464 1236 626 1306 mortuum,
651 1229 764 1292 missus
786 1248 853 1292 sum
877 1238 1024 1310 temptare
1048 1240 1096 1307 te‚·
1125 1239 1289 1302 etiterum

268 1362 314 1404 me
337 1342 421 1404 misit
449 1342 527 1406 deus
549 1363 662 1406 oerore
691 1353 722 1404 te
745 1350 775 1404 et
807 1343 936 1406 Sorrom
966 1366 1077 1408 nurum
1101 1357 1203 1424 tuom,·
1232 1373 1289 1434 epo

268 1457 348 1516 enim
371 1453 524 1532 Rnpltoe'l,
548 1473 630 1516 onos
654 1475 694 1516 ecc
716 1464 831 1533 septem
853 1457 974 1536 sepelis
997 1459 1099 1538 iustis,
1123 1465 1176 1542 qui
1198 1466 1286 1530 odet-

268 1570 430 1646 stimuset
453 1584 675 1628 conversemur
699 1574 771 1654 onte
795 1567 970 1630 cleritatem
992 1569 1054 1630 dei.

267 1821 380 1872 'l'ltoiioe
392 1814 437 1868 Db.
469 1815 551 1867 Verbo
570 1818 684 1882 proxime
703 1823 790 1872 orosto·
809 1834 912 1886 semper
930 1827 953 1870 et
971 1835 1074 1887 semper
1091 1819 1181 1872 desum
1195 1823 1220 1874 in
1234 1823 1284 1889 lib,

267 1924 370 1974 semper
395 1906 484 1958 oresti
509 1901 603 1954 hebent
628 1900 664 1953 De
690 1912 714 1953 et
739 1901 803 1954 bled.
840 1901 910 1953 Prius
938 1920 1043 1972 semper·
1068 1907 1163 1958 excidit
1186 1909 1210 1958 in
1237 1909 1284 1978 Db,

267 1994 373 2047 alterurn
399 1993 424 2043 in
448 1990 483 2042 Bs
510 1999 535 2040 et
562 1993 600 2053 Α;
628 1995 747 2060 operanti
773 2001 913 2042 correctum
938 2009 970 2042 ex
995 1997 1084 2045 oronti
1107 1995 1131 2044 in
1157 1995 1196 2046 W.
1234 1996 1284 2049 Pro

268 2085 342 2134 seems
363 2083 416 2149 fvit
435 2081 459 2128 in
478 2077 498 2128 C
517 2076 637 2132 scribitur
656 2081 746 2131 ostitit.
795 2077 838 2140 13)
858 2077 919 2129 lob.
942 2079 982 2144 12,
1005 2078 1033 2130 11
1056 2095 1126 2147 seqq.
1174 2081 1219 2147 14)
1237 2101 1287 2138 ro..

266 2171 355 2224 locare
374 2163 401 2216 C.
451 2164 493 2228 15)
513 2182 574 2217 nom
594 2182 654 2218 eum
673 2181 767 2218 osores
787 2163 835 2215 Mb.
871 2167 941 2218 Sor-o
961 2163 1013 2216 Dbe
1032 2173 1059 2216 et
1078 2163 1149 2216 Mede
1175 2171 1287 2237 itemque

265 2306 315 2358 edd
343 2313 405 2357 vett.
417 2280 447 2356 ὀ.
466 2302 563 2358 Ernsns.
583 2305 657 2358 Grsr.
677 2313 702 2358 et
721 2304 829 2369 11011111,
848 2263 930 2360 llll-a
943 2306 973 2356 Α.
1011 2308 1101 2374 Opteli
1119 2315 1250 2372 receptum
1271 2326 1286 2360 e

265 2394 339 2446 codd.
362 2391 401 2443 blb
423 2399 448 2443 et
471 2391 515 2442 Bb.
553 2391 592 2443 De
618 2408 666 2460 qus
691 2395 815 2458 scripture
835 2391 896 2456 (vid
922 2394 1040 2462 Wnprter.
1061 2391 1094 2442 de
1115 2389 1286 2460 Drtbogreph.

264 2479 357 2548 Vergil.
381 2497 405 2548 p.
429 2479 493 2539 414)
513 2477 584 2542 pluro
605 2477 719 2542 exempls
739 2477 799 2527 dedi
811 2476 849 2542 ,sd
868 2476 984 2529 Ambres.
1005 2475 1037 2527 de
1056 2477 1121 2528 oilie.
1142 2495 1167 2544 p.
1188 2478 1239 2530 268
1259 2489 1287 2532 et

263 2568 323 2620 270.
367 2565 442 2632 Vulg.
469 2563 564 2630 legitur
590 2567 678 2616 obtuli.
723 2563 823 2614 Deinde
852 2567 880 2616 in
907 2573 1077 2630 conspectum
1104 2563 1161 2615 edd.
1191 2564 1284 2617 Menut.

264 2651 357 2704 Petnel.
376 2659 404 2701 et
420 2650 476 2718 urg.
496 2666 518 2700 e.
540 2646 620 2700 Oxou.
659 2646 774 2700 Correxit
799 2651 837 2700 vir
860 2649 927 2700 doct.
954 2651 978 2702 in
998 2648 1108 2717 Gotting.
1129 2649 1222 2702 liisnut.
1241 2653 1284 2704 ed.

263 2739 404 2806 exemplari
428 2742 456 2790 in
482 2747 633 2806 conspeetu.
680 2735 724 2799 16)
751 2745 874 2790 eontctus
900 2736 958 2787 edd.
980 2735 1024 2787 st’.
1044 2735 1133 2788 Venet.
1157 2746 1183 2788 et
1202 2737 1283 2790 Kenn.

262 2827 322 2878 Turn
348 2842 461 2894 serpere
480 2823 517 2874 tta
538 2831 564 2875 et
583 2822 620 2874 Bb
639 2840 661 2874 c.
681 2823 722 2874 ed.
742 2821 806 2875 Dav.
844 2823 944 2874 Deinde
968 2826 1115 2892 relinquere
1135 2823 1163 2874 C.
1185 2823 1236 2876 Dee
1252 2835 1285 2876 -et

262 2913 325 2963 died.
363 2910 420 2962 lilox
445 2903 469 2965 ct
493 2926 539 2978 pro
558 2914 605 2966 sed
623 2919 681 2962 ante
700 2913 780 2964 odisti
798 2911 874 2964 codd.
894 2919 919 2962 et
939 2910 996 2962 edd.
1008 2909 1186 2960 tPonrelisnnm
1205 2919 1282 2962 sute-

262 2999 385 3050 cedentes
411 3013 467 3048 curn
493 2999 613 3048 versione
639 2999 747 3064 entique.
785 2997 871 3049 Statim
897 3001 988 3051 obiisti
1012 2996 1048 3048 Be
1074 3005 1099 3046 et
1126 2995 1180 3047 ttcd
1207 3014 1228 3050 c.
1249 2997 1281 3050 Α.

260 3086 322 3138 'lum
342 3089 457 3139 condicti
469 3083 496 3134 C.
510 3085 550 3135 W.
565 3083 622 3136 blei.
638 3083 672 3134 Ba
692 3092 718 3135 et
735 3101 772 3151 pr.
788 3085 836 3148 ttb,
855 3088 950 3154 fodisti
963 3083 1011 3135 Mc.
1050 3083 1115 3134 Dein
1135 3093 1158 3135 et
1175 3085 1282 3138 missus

260 3192 321 3227 suen
340 3167 414 3222 codd.
434 3173 482 3222 moi
502 3179 598 3222 ornnes.
631 3170 783 3237 conspirent
797 3174 874 3222 etiern
887 3172 945 3222 edd.
960 3179 1022 3222 vett.
1037 3187 1059 3220 e.
1074 3168 1171 3220 Essem.
1188 3169 1281 3221 blanut.

224 3277 227 3289 ·
261 3267 286 3309 et
306 3257 401 3308 Mosell.
422 3258 593 3308 concordante
615 3257 727 3308 editione
749 3257 811 3310 Dav.
848 3256 875 3308 ln
900 3274 970 3325 seqq.
998 3268 1021 3310 et
1045 3273 1116 3310 isone
1141 3258 1217 3310 misit
1240 3274 1282 3310 me

259 3348 335 3408 deus,
356 3343 422 3411 quod
443 3344 562 3394 convenit
574 3341 685 3393 Graeco:
704 3345 743 3390 καὶ
763 3347 806 3392 νῦν
824 3341 935 3401 detenti
949 3361 981 3407 με
999 3341 1014 3391 ὁ
1032 3339 1093 3400 θεός,
1113 3343 1191 3392 tacite
1210 3341 1281 3392 dedit

259 3429 397 3481 Mosellius.
436 3433 510 3483 Misit
534 3447 574 3481 me
598 3430 657 3479 item
683 3429 803 3484 exhibent
824 3431 882 3481 edd.
903 3437 965 3481 vett.
986 3437 1012 3479 et
1030 3426 1127 3478 Eresrn.
1166 3426 1230 3477 Dein
1250 3438 1280 3482 ut

259 3534 349 3570 eurem
363 3515 410 3578 Bb,
429 3526 452 3568 te
471 3513 502 3564 ul.
517 3531 549 3564 nr.
563 3516 738 3582 superscripsit
754 3518 778 3567 in
793 3517 833 3567 W.
871 3521 984 3570 Sorrom
1004 3516 1103 3580 [Sor-ro
1116 3511 1280 3578 De,'Sos·om

259 3601 304 3652 Bb.
325 3601 364 3653 nte
384 3611 410 3652 et
422 3601 453 3663 Α,
472 3602 531 3650 item
552 3601 609 3650 edd.
631 3609 701 3664 vett,
722 3602 817 3662 Ernsns.
833 3599 907 3653 Grau.
924 3599 1034 3663 Morcll.)
1054 3614 1104 3650 orn.
1118 3597 1153 3649 Be
1172 3606 1198 3649 et
1211 3597 1277 3649 bled.

257 3687 373 3738 Proxime
392 3703 416 3738 v.
437 3703 497 3739 sum
516 3702 564 3736 ern.
586 3685 621 3736 De
641 3695 667 3738 et
687 3685 751 3738 bled.
789 3689 814 3740 ln
836 3687 865 3750 C,
884 3697 909 3738 ut
929 3703 1013 3753 supro,
1032 3684 1150 3736 scribitur
1166 3688 1277 3753 Dafnen

257 3777 282 3826 in
302 3773 373 3825 blsbc
393 3782 419 3824 et
437 3771 488 3823 Bse
508 3753 650 3842 liopbobol.
688 3775 752 3826 Dein
780 3778 891 3844 orspelus
910 3791 982 3826 conus
1000 3790 1036 3825 eos
1055 3781 1155 3844 septem
1173 3773 1278 3840 sepelis

256 3863 339 3914 iustis
359 3859 490 3923 hebet-A,
513 3864 613 3930 ampelio
633 3866 752 3930 eunetis,
773 3863 840 3929 quod
859 3860 998 3927 respondet
1019 3858 1125 3920 Graeco,
1147 3856 1182 3906 111
1198 3865 1224 3907 et
1242 3857 1277 3908 its

256 3946 371 4012 plerique
395 3945 451 3996 libri
474 3953 580 4000 'veteres
603 3955 706 3997 notente
728 3944 830 3998 Belueie
875 3945 1037 4012 Recepsrunt
1055 3931 1120 3994 bene
1139 3942 1276 3994 lectionem

1434 2376 1440 2494 'l
