2880 4696
622 449 684 516 lat

136 611 279 694 quoniam
309 609 419 673 lamina
448 609 505 672 viri
533 611 632 690 portio
663 614 710 674 est
739 616 770 672 et
799 627 839 672 ex
868 628 906 672 eo
929 617 1045 693 sumpta
1066 616 1155 691 atque

134 724 261 795 formata
286 731 348 803 est,
381 725 411 788 in
443 726 598 806 scripturis
630 724 695 787 lere
723 725 859 788 omnibus
882 724 920 788 ad
942 699 1155 807 protoplastum

136 840 211 902 deus
234 837 375 919 loquitur,
402 839 470 918 quia
493 846 562 902 sunt
584 839 644 904 duo
667 840 697 902 in
721 857 893 904 carneuna
916 841 999 916 etin
1022 839 1155 903 masculo

134 953 222 1017 simul
244 951 428 1036 significatur
452 959 482 1016 et
504 951 621 1016 femina.

617 1153 675 1221 lv,

106 1314 120 1356 ⁵
223 1299 311 1374 Quod
341 1300 367 1361 si
384 1298 410 1378 ¹)
437 1298 584 1362 Christum
616 1298 798 1361 continentia
828 1298 964 1378 sequitur
995 1303 1025 1358 et
1055 1313 1151 1378 regno

132 1413 184 1477 dei
216 1414 371 1497 virginitas
404 1413 586 1494 destinatur,
621 1414 692 1494 quid
708 1412 736 1490 ²)
768 1418 815 1475 est
843 1412 900 1475 illis
934 1430 1000 1475 oum
1031 1418 1153 1474 terreno

132 1527 217 1590 cultu
240 1532 358 1588 etcum
381 1527 580 1606 ornamentis,
613 1528 720 1608 quihus
749 1526 817 1589 dum
839 1525 1007 1588 hominibus
1030 1523 1151 1608 placere

131 1637 283 1726 gestiunt,
321 1641 408 1704 deum
440 1639 608 1720 offendunt,
639 1660 701 1704 non
736 1640 902 1724 cogitantes
930 1658 999 1702 esse
1029 1637 1153 1722 praedi-

132 1763 213 1820 ctum
232 1752 274 1833 ³):
301 1755 361 1830 (lui
380 1752 408 1835 ⁴)
430 1756 607 1820 dominibus
632 1757 761 1835 placeat
789 1755 915 1834 confusi
947 1761 1038 1830 auat,
1073 1772 1153 1834 poc·

89 1889 118 1932 aa
132 1873 221 1932 aiam
244 1872 322 1933 deas
347 1871 428 1932 attuit
451 1872 530 1951 fecit
557 1871 646 1947 illos,
678 1876 708 1932 ct
729 1869 849 1932 Paulum
874 1887 995 1950 quoque
1017 1868 1152 1950 gloriose

134 1992 167 2050 et
203 1984 368 2048 sublimiter
404 1984 610 2066 praedicasse:
655 1983 690 2044 Sa’
727 1983 900 2046 dominibus
924 1979 951 2060 ⁵)
982 1982 1152 2061 placerem,

136 2099 257 2162 Christi
282 2119 396 2170 aeroas
417 2118 481 2163 aon
504 2119 610 2162 essem.
656 2097 842 2161 Continentia
863 2115 938 2159 vero
963 2101 992 2158 et
1014 2095 1153 2178 pudicitia

134 2231 196 2276 non
212 2215 242 2276 in
257 2212 322 2276 sola
338 2215 435 2276 caruis
451 2213 620 2296 integritate
636 2213 781 2290 consistit,
803 2210 858 2274 sod
868 2207 895 2288 ⁶)
912 2211 998 2272 etiam
1014 2211 1043 2272 in
1060 2210 1155 2272 cultus

69 2335 73 2344 '
137 2335 169 2390 et
189 2335 311 2391 ornatus
333 2326 449 2389 honore
471 2327 584 2408 paritor
605 2343 640 2386 ac
662 2323 793 2406 pudore,
825 2331 856 2385 ut
887 2322 1050 2387 secundum
1074 2342 1154 2405 apo-

94 2443 244 2506 astatum
268 2456 346 2524 quae
368 2442 488 2522 innupta
512 2447 559 2502 est
582 2445 682 2502 sanata
705 2441 744 2502 sit
766 2446 796 2501 et
819 2419 949 2520 corpora
982 2445 1012 2500 et
1042 2439 1154 2520 spiritu.

132 2557 257 2620 lnstruit
273 2551 298 2634 ⁷)
334 2563 363 2619 et
392 2556 480 2619 dooot
511 2556 631 2619 dicens:
665 2553 793 2616 Caelebs
806 2547 834 2630 Β)
869 2554 987 2633 copitot
1016 2573 1055 2616 ec
1078 2572 1156 2634 qaae

154 2718 345 2726 »ια-«Μ,
359 2723 362 2732 ,

601 2773 628 2808 ea

210 2827 250 2880 lv.
281 2828 308 2896 l)
327 2831 380 2895 Qut
402 2830 430 2881 ai
448 2824 485 2891 Α,
509 2828 577 2896 qaod
600 2828 643 2878 aa'c
660 2823 702 2874 W.
746 2822 776 2895 2)
796 2826 864 2892 quod
888 2832 928 2876 eet
952 2840 990 2891 pr.
1010 2823 1058 2874 Mb.
1095 2822 1155 2876 Post

134 2921 213 2973 culta
232 2916 273 2969 ed.
294 2915 415 2968 Darentr.
435 2930 484 2965 om.
503 2923 534 2967 et.
570 2911 598 2963 ln
616 2927 688 2978 seqq.
708 2918 790 2962 exstat
814 2913 946 2963 domimum
962 2913 1105 2980 'offendunt
1131 2910 1156 2960 in

134 3004 196 3058 edd.
216 3012 274 3055 ante
286 3003 381 3056 Manat.
395 3001 520 3067 omnibus,
539 3001 600 3051 item
613 2999 638 3050 in
652 2997 750 3049 Morell.
787 2997 815 3062 3)
828 2995 919 3048 Psalm.
935 2995 977 3060 52,
992 2996 1017 3048 6.
1053 2995 1082 3062 l)
1095 2999 1157 3066 quia

134 3096 184 3164 pai
201 3091 229 3143 B.
265 3090 323 3143 Mox
341 3091 381 3144 llc
399 3095 462 3161 puio
479 3104 526 3157 pro
547 3091 677 3158 quostiam.
714 3084 775 3136 Tana
794 3082 942 3148 aseattltd,
962 3083 1096 3150 statimque
1111 3100 1156 3137 eoa

133 3195 184 3250 pro
207 3184 272 3235 illos
294 3179 352 3230 libri
377 3186 435 3230 ante
453 3177 547 3228 lllauut.
566 3175 628 3226 aditi
651 3190 673 3226 c.
693 3173 790 3224 llorell.
827 3171 893 3224 Dein
918 3170 978 3223 edd.
997 3178 1055 3222 ante
1081 3167 1156 3224 Grau.

135 3278 164 3322 et
182 3268 328 3320 llorelliauo
352 3265 471 3319 exhibent
491 3266 595 3319 Paulas
621 3279 721 3332 puopuo
740 3294 772 3304 -
789 3262 951 3330 praedicans
974 3261 1046 3312 dicit
1084 3255 1158 3315 Cani.

134 3374 238 3428 quoque
262 3371 310 3408 om.
329 3354 360 3408 Α.
401 3347 460 3404 Mox
482 3355 674 3421 praedicantem
699 3350 743 3401 dat
760 3349 819 3401 Ver.
856 3347 971 3414 Respicit
990 3344 1042 3396 Gal.
1063 3345 1093 3412 1,
1115 3346 1155 3398 10.

135 3445 166 3512 5)
186 3443 294 3496 Additur
312 3445 394 3513 inquit
412 3443 437 3492 in
455 3441 505 3494 llb.
541 3438 590 3491 Pro
607 3441 712 3509 placere
730 3441 823 3491 uellem
842 3451 898 3486 cum
914 3433 944 3484 W
964 3441 991 3485 et
1009 3432 1047 3483 lla
1066 3433 1154 3499 scripsi

134 3534 268 3602 placerem
292 3534 329 3600 (in
354 3530 394 3582 Gr.
413 3525 538 3596 ἤρεσκον),
562 3529 627 3579 sicut
649 3527 742 3594 legitur
765 3523 812 3591 Ep.
832 3522 881 3574 LV.
907 3539 931 3590 p.
951 3519 993 3572 83.
1016 3519 1064 3587 Ep.
1083 3517 1155 3570 LXll.

135 3640 162 3690 p.
184 3621 241 3672 lod.
260 3619 308 3686 Ep.
326 3616 408 3670 LXlll.
428 3633 452 3684 p.
474 3614 537 3679 109,
564 3623 589 3666 et
610 3607 879 3676 adQuirin.111.55.
905 3623 930 3674 p.
949 3605 1008 3659 320.
1027 3609 1053 3656 in
1079 3605 1155 3656 codd.

135 3709 170 3761 W
187 3718 213 3760 ct
230 3706 260 3758 B.
296 3705 358 3756 l'urn
383 3722 483 3759 aereae
504 3705 606 3758 camara·
631 3699 748 3752 exhibent
766 3695 806 3747 W.
825 3695 906 3748 llacd.
925 3693 955 3746 B.
1001 3693 1030 3760 6)
1050 3690 1104 3744 0m.
1123 3691 1153 3744 A„

136 3797 238 3850 Deinde
267 3801 296 3850 im
321 3781 393 3848 cuttu
418 3803 441 3846 et
466 3801 562 3847 ornatu
586 3789 644 3841 add.
670 3794 731 3838 vett.
751 3793 777 3836 et
802 3781 908 3846 Remu,
934 3786 1065 3835 tornatae
1091 3778 1154 3831 ttae.

136 3884 226 3937 Statim
247 3893 270 3937 cl
289 3886 388 3951 pudore
406 3882 522 3948 autiquae
542 3878 609 3942 edd,
628 3878 689 3928 item
706 3871 795 3924 Remb.
816 3878 841 3922 et
854 3868 928 3921 Grau.
957 3867 1022 3918 Part.
1042 3875 1072 3920 ul
1089 3882 1154 3918 corr.

136 3987 170 4024 m.
189 3970 369 4038 superscripsit
394 3969 421 4019 in
439 3965 489 4018 llb.
524 3964 584 4016 lllcx
606 3967 645 4017 ait
665 3976 712 4029 prc
737 3967 777 4012 eat
795 3956 834 4008 llo
858 3963 884 4006 et
900 3952 931 4006 Α.
976 3953 1006 4022 7)
1024 3953 1062 4006 lta
1079 3953 1112 4005 W
1130 3961 1155 4006 et

136 4057 177 4112 Ma
194 4073 243 4128 pro
261 4059 373 4112 instruit
389 4073 440 4110 moa
454 4056 567 4110 ramae.
598 4054 664 4116 Noa,
682 4047 751 4120 quod
768 4051 871 4098 notatur
888 4057 904 4094 ο
922 4041 1155 4134 quattuorltalicis,
