2880 4696
678 295 741 362 tao

201 477 237 521 eo
267 465 438 536 correptos.
487 455 582 532 Quem
610 456 691 518 caim
711 452 748 532 ¹³)
783 454 889 536 dtttptt
911 455 1057 518 dominos
1079 456 1220 534 corripit.

141 561 151 584 '
202 571 232 636 Si
262 577 358 636 autern
390 569 463 633 deus
487 566 524 646 Ι4)
553 587 642 651 quern
672 567 767 650 diligit
796 567 933 649 corripit,
966 574 996 629 et
1030 567 1154 648 corripit
1187 572 1220 628 ut

203 685 357 762 emendet3
388 685 494 748 fraires
525 701 645 766 quoque
676 688 706 744 et
727 678 765 761 ¹⁵)
796 681 923 744 maxime
955 679 1128 744 sacerdotes
1158 699 1220 744 non

203 799 344 878 oderunt,
375 798 428 861 sed
461 798 584 881 diligunt
606 815 676 876 eos,
707 813 783 877 quos
807 796 976 878 corripiunt
998 803 1030 858 ut
1053 796 1221 877 emendent,

177 913 323 995 equando
353 917 383 974 et
413 912 549 975 dominus
579 931 634 994 per
665 911 842 974 Hieremiam
875 918 943 973 ante
974 911 1158 994 praedixerit
1192 919 1223 974 et

205 1035 338 1108 tempora
359 1031 463 1090 nostra
495 1024 707 1108 significaverit
739 1022 842 1086 dicens
866 1019 921 1101 ’ῆι
953 1024 994 1084 Et
1021 1023 1102 1086 dabo
1132 1023 1222 1086 cobis

200 1150 347 1223 pastores
369 1141 539 1202 secondom
561 1159 617 1202 cor
640 1157 755 1214 mcum,
779 1145 809 1199 et
824 1146 958 1219 puteant
978 1157 1036 1201 oos
1056 1146 1223 1216 poscentes

205 1275 273 1318 com
294 1240 469 1336 disciplina.

690 1451 734 1518 11.

292 1598 377 1674 Quod
402 1599 427 1662 si
450 1599 480 1660 in
502 1581 657 1680 scripturis
680 1595 790 1659 sanctis
811 1591 834 1671 ¹)
860 1591 1035 1674 frequenter
1058 1601 1089 1655 et
1112 1595 1222 1676 ubique

169 1712 361 1794 indisciplina
383 1713 574 1794 praecipitur,
598 1718 628 1772 et
652 1709 872 1773 fundamentum
896 1725 984 1771 omne
1007 1707 1164 1790 religionis
1187 1725 1223 1770 ac

207 1825 276 1888 lidel
299 1825 337 1888 de
351 1823 377 1903 ²)
401 1827 611 1890 observatione
634 1843 668 1887 ac
690 1826 797 1886 timore
821 1823 1036 1905 proficiscitur,
1068 1821 1137 1901 quid
1165 1841 1222 1884 cu-

213 1982 415 1992 ---

207 2067 469 2218 Mt,nrii⁸neptepara
488 2132 560 2197 (noti
573 2129 604 2180 ab
623 2145 642 2180 r.
656 2145 689 2180 na.
709 2127 851 2198 superscr.)
870 2127 911 2179 W.
941 2126 1058 2180 Formam
1077 2133 1224 2216 negleget-ia

208 2241 271 2307 (vid.
284 2238 368 2290 Freu
377 2255 391 2288 n
400 2237 423 2290 d.
433 2235 558 2288 Wdrterb.
573 2235 596 2286 d.
610 2235 662 2288 Lat.
673 2234 728 2303 Spr.
743 2251 766 2288 v.
778 2235 893 2304 negligo)
907 2249 953 2302 pro
966 2237 1119 2304 neglexerit
1133 2239 1223 2304 recepi

207 2344 239 2378 ex
253 2327 299 2378 lla.
331 2323 379 2376 Pro
399 2329 496 2379 damini
508 2323 548 2374 W.
561 2322 644 2376 blabd.
659 2322 681 2374 Α
694 2323 813 2375 exhibent
830 2325 878 2376 dei.
914 2321 972 2373 blox
990 2343 1006 2374 a
1025 2327 1070 2376 deo
1090 2310 1224 2391 correptus

207 2415 257 2466 llld.
288 2414 331 2479 13)
351 2413 431 2464 Deest
449 2416 517 2466 enim
534 2414 559 2468 itt
572 2414 601 2462 Α.
638 2409 859 2463 Rectc¹donainua
879 2410 958 2479 (vulg.
978 2414 1054 2477 daus)
1075 2413 1106 2462 W
1128 2422 1153 2463 et
1172 2412 1222 2465 lllb.

208 2502 296 2553 Statim
315 2511 338 2554 et
355 2502 466 2568 corripit
483 2497 514 2560 Α,
535 2501 646 2566 corripit
664 2507 689 2549 at
706 2500 817 2566 castigat
834 2493 862 2548 B.
902 2497 947 2562 14)
968 2497 1010 2549 Sic
1028 2499 1085 2550 libri
1106 2509 1130 2550 et
1148 2515 1224 2550 manu

208 2589 303 2640 exarati
322 2595 347 2637 et
364 2587 431 2652 typis
450 2587 545 2637 excusi.
582 2584 633 2636 Sed
651 2584 814 2636 scribendum
831 2585 931 2637 videtur
956 2590 1087 2640 dominata.
1125 2588 1224 2641 Verba:
1280 2572 1290 2578 ’

174 2702 176 2705 f
208 2680 240 2730 sn·
258 2684 343 2728 autem
361 2677 425 2727 dana
444 2690 518 2742 quem
535 2675 621 2741 dilipit
639 2677 749 2742 corripit
768 2672 859 2725 desunt
877 2676 903 2724 in
922 2674 951 2725 al.
988 2677 1022 2728 Si
1040 2687 1125 2729 cattam
1148 2695 1225 2747 quem

207 2766 295 2832 tittptt
313 2765 377 2816 detta
398 2760 492 2812 babent
516 2760 573 2812 cod.
593 2759 633 2810 Mb
653 2769 679 2810 et
698 2760 738 2812 ed.
757 2760 878 2812 Daventr.
915 2760 1031 2812 Pronom.
1051 2762 1123 2814 relat.
1148 2782 1226 2832 paam

208 2851 233 2901 in
246 2849 285 2900 lle
297 2865 317 2900 r.
331 2864 362 2899 m.
375 2865 449 2916 supra
462 2847 503 2899 lin.
517 2848 621 2900 addidit.
653 2847 717 2900 Dein
730 2859 754 2903 at
766 2853 807 2902 cic
820 2853 929 2918 corripit
945 2849 1071 2916 praebent
1090 2851 1149 2903 edd.
1162 2860 1224 2906 vett

209 2952 231 2988 c.
244 2935 364 2987 Daventr.
377 2933 473 2988 Eraenr.
487 2933 559 2988 Grav.
573 2943 599 2986 et
612 2935 707 2987 Morell.
743 2935 791 2986 Pro
811 2939 860 2999 ait,
880 2935 948 3003 quod
967 2939 991 2986 in
1005 2936 1044 2988 lllc
1063 2954 1082 2989 r.
1097 2954 1129 2989 m.
1148 2954 1225 3006 supra

172 3053 178 3063 ·
209 3024 310 3088 adiecit,
329 3023 454 3074 Pamelius
473 3040 504 3075 cr
516 3023 560 3076 lla.
581 3024 688 3075 dederat
707 3027 740 3076 ud
758 3029 806 3077 ltcc
825 3039 932 3092 eumque
952 3032 1048 3102 temere
1067 3028 1148 3078 secuti
1167 3034 1225 3078 sunt

209 3111 299 3181 Rigalt.
320 3109 399 3162 Oxou.
419 3109 503 3163 Baluz.
524 3110 629 3174 Goldh.;
656 3127 714 3162 nam
733 3110 840 3162 voculae
860 3114 893 3164 ad
913 3116 976 3178 boc,
1002 3129 1063 3181 quas
1082 3113 1122 3166 W.
1141 3113 1226 3166 lllnbd.

210 3199 239 3264 B,
257 3201 317 3250 item
336 3199 376 3250 cd.
391 3199 483 3252 llanut.
497 3203 620 3265 omittunt,
639 3205 843 3264 atrianorum
862 3200 971 3268 glossam
990 3204 1099 3269 sapiunt.
1139 3202 1182 3269 15)
1202 3213 1227 3257 et

211 3285 271 3338 defit
294 3287 317 3336 in
337 3284 366 3337 Α.
409 3285 474 3338 Dein
498 3305 549 3341 non
577 3290 678 3341 oderint
704 3286 792 3338 scribit
817 3286 856 3338 ltlu
883 3304 992 3356 moxque
1019 3288 1041 3339 Α
1069 3298 1093 3342 et
1117 3305 1163 3357 pro
1188 3299 1226 3344 ut.

211 3372 272 3424 Tum
291 3376 411 3427 dominat
431 3373 511 3442 (vulg.
532 3376 610 3438 darae)
629 3381 760 3441 receptum
779 3373 850 3424 eW.
862 3372 944 3426 Mabc.
964 3374 991 3425 B.
1029 3373 1116 3426 Statim
1134 3380 1226 3429 ibera-

211 3465 291 3514 miam
309 3459 384 3512 habet
403 3461 444 3512 ed.
463 3461 593 3525 Daventr.,
612 3465 746 3513 ieremium
765 3459 805 3511 ltld
825 3478 847 3514 c.
866 3459 896 3512 Α.
933 3460 1031 3512 Deinde
1052 3466 1227 3531 praedixerat

213 3547 261 3600 llld.
298 3546 343 3615 16)
361 3548 468 3599 Hieram.
488 3547 513 3612 3,
534 3534 574 3599 15¹.
611 3546 794 3599 Desiderantur
811 3549 950 3616 prophetae
968 3549 1047 3600 verba
1066 3551 1090 3601 in
1111 3549 1140 3600 A.

282 3634 312 3687 ll.
344 3637 370 3700 1)
390 3636 471 3688 Verba
491 3637 551 3686 ista:
570 3646 622 3688 tarn
640 3641 773 3690 veteribus
792 3655 868 3706 poam
887 3641 964 3690 etiam
982 3641 1069 3701 travia,
1090 3653 1156 3706 quae
1176 3637 1226 3688 ad-

213 3723 305 3776 duntur
322 3726 347 3775 iu
367 3723 549 3792 exemplaribus
567 3722 664 3776 Erasm.
684 3722 757 3776 Gran.
771 3724 864 3775 Manat.
877 3723 970 3775 Pamcl.
991 3732 1017 3775 et
1029 3723 1130 3793 Rigalt,
1150 3725 1226 3779 codd.

213 3812 308 3875 nostri,
333 3811 422 3878 quibus
446 3811 572 3862 accedunt
597 3811 647 3862 duo
665 3811 740 3877 Ver.,
767 3813 857 3864 merito
878 3827 929 3864 noa
950 3821 1099 3879 agnoscunt.
1146 3812 1175 3877 2)
1195 3816 1227 3867 tie

214 3901 410 3968 superscriptum
429 3913 444 3950 a
462 3914 481 3950 r.
500 3914 533 3950 m.
551 3898 577 3951 iu
593 3896 645 3951 blb.
