2904 4692
638 383 640 386 .
685 310 727 394 'et

197 489 312 552 buntur
334 485 450 548 illum?
495 483 606 546 Nonne
629 484 706 546 dena
730 485 781 546 cai
806 495 1033 565 peccaverant,
1069 496 1099 549 et
1126 475 1216 550 nole-

137 609 140 620 '
196 603 273 665 bont
285 597 325 675 ¹⁰)
350 600 384 660 in
406 598 470 659 odie
489 598 557 658 eine
577 596 749 674 ambulare,
773 569 998 679 nequeaudile
1015 602 1109 680 tepent
1124 602 1217 664 eius?

197 715 239 776 Et
259 712 449 793 superducit
470 727 565 790 anper
588 727 641 771 eae
658 707 697 784 ¹¹)
720 711 800 772 irum
824 713 1028 776 animationis
1050 731 1136 775 auae.
1182 713 1216 774 tu

198 829 302 890 iterum
319 825 479 890 Salomone
496 821 535 900 η)
558 829 702 904 peccante
726 829 755 885 et
778 843 794 886 a
817 825 985 906 praeceptis
1009 832 1096 906 atque
1121 845 1136 887 a
1162 827 1215 888 viis

198 939 308 1003 domiui
324 937 488 1000 recedente
502 937 632 1016 positum
649 941 695 1001 est
709 933 769 1012 ¹³):
793 933 889 1014 13111)
906 939 1058 1000 eacituoit
1071 939 1215 1000 dominus

197 1051 338 1114 Satanan
353 1051 416 1128 ipae?
433 1049 602 1113 Salomoni.
643 1046 778 1111 Potestas
795 1067 867 1112 vero
885 1050 1041 1131 dupliciter
1057 1049 1216 1112 adversum

196 1179 253 1226 nos
281 1161 366 1223 datur
389 1157 425 1236 ¹⁵)
456 1159 503 1221 vel
533 1160 568 1221 ud
598 1175 739 1240 poenum,
771 1179 836 1222 cum
861 1161 1076 1242 delinquimus,
1108 1161 1215 1224 velud

196 1274 341 1358 glorium,
375 1287 440 1333 cum
463 1271 641 1350 probamur,
674 1269 760 1332 sicuti
790 1270 828 1331 de
857 1270 908 1348 lob
940 1271 1048 1332 lectum
1081 1271 1215 1334 videmur

196 1383 405 1450 manifestante
430 1381 550 1444 dornmo
573 1387 603 1442 ct
626 1379 760 1442 dicente:
785 1380 866 1442 Ecce
886 1382 991 1442 omnio
1006 1400 1215 1463 quoecumque

134 1483 143 1494 ⁵
196 1499 289 1584 babet
311 1499 345 1558 in
368 1513 479 1557 manue
503 1489 627 1576 tapam)
652 1494 713 1566 do,·
735 1494 793 1555 aed
815 1494 916 1573 iprum
938 1513 1013 1556 cuce
1036 1515 1074 1557 ne
1093 1503 1214 1577 tanpae.

196 1611 233 1674 Et
260 1610 397 1672 dominus
428 1608 457 1669 in
489 1605 649 1687 evangetio
668 1600 708 1682 ¹⁷)
736 1605 867 1686 loquitur
890 1613 1025 1688 tempore
1048 1611 1214 1691 passionis}

194 1800 389 1868 praedabantur
401 1794 514 1846 scribunt
523 1794 581 1844 Ver.
593 1791 620 1844 C.
632 1793 704 1846 bibed
720 1803 745 1844 et
757 1793 801 1845 bc.
814 1794 886 1846 Grau.
898 1793 977 1846 Onon.
1008 1796 1043 1848 ltu
1057 1805 1082 1848 et
1095 1797 1127 1846 de
1143 1795 1214 1864 Lupe.

197 1900 221 1948 p.
234 1881 283 1934 188
296 1891 345 1934 tam
360 1883 454 1948 scripti,
468 1895 543 1948 quem
557 1881 616 1930 editi
630 1879 702 1942 libri;
717 1885 881 1950 praedantur
894 1881 934 1932 W.
950 1881 1023 1934 ilaei.
1036 1881 1071 1932 ua
1086 1899 1108 1932 0.
1124 1883 1214 1936 ceteris

147 1997 148 2000 =
197 1969 270 2020 editio
291 1975 400 2035 excepto
420 1967 536 2043 biorell,
555 1968 606 2036 qui,
627 1975 654 2016 ut
674 1964 719 2040 Bu,
738 1967 815 2018 babet
833 1971 1034 2036 depraedantur.
1072 1965 1120 2018 Pro
1139 1971 1215 2021 illurn

196 2055 237 2106 bib
255 2059 328 2108 illoc.
369 2053 412 2116 10)
431 2058 573 2108 notuerunt
591 2053 667 2117 Ver.;
691 2054 748 2104 dein
767 2057 841 2118 eiua,
861 2054 928 2122 quod
949 2070 998 2106 om.
1019 2051 1072 2118 Bb,
1089 2056 1114 2106 in
1134 2053 1174 2104 Me
1193 2071 1213 2105 r.

196 2159 229 2194 m.
248 2157 323 2208 cupra
343 2141 450 2192 eddidit.
488 2137 545 2190 blox
563 2141 644 2207 lenem
663 2141 722 2191 ciue
742 2142 835 2192 audire
853 2137 888 2189 Bc
908 2148 933 2190 et
953 2137 1018 2190 bled.
1066 2141 1109 2200 11)
1133 2157 1216 2207 carpor

198 2246 243 2282 eae
262 2231 327 2282 dene
346 2225 392 2277 bb.
431 2225 478 2276 Pro
498 2229 669 2278 animationis
688 2227 714 2275 in
734 2223 769 2276 Bc
788 2234 813 2275 et
833 2225 902 2277 Medi
924 2213 1017 2294 legitur
1041 2229 1213 2280 animaduer-

197 2319 293 2369 sionis·
342 2313 386 2376 12)
413 2315 553 2366 Solomone
578 2310 614 2375 C,
640 2314 778 2365 Saterrrone
803 2309 848 2362 Bb.
897 2311 941 2377 13)
967 2313 990 2364 3,
1009 2312 1073 2380 lieg.
1099 2312 1147 2376 11,
1174 2313 1214 2364 tt.

198 2402 244 2468 11)
262 2404 299 2456 tut
317 2416 366 2450 om.
384 2397 404 2451 G
424 2406 449 2449 et
468 2396 513 2449 Bb.
550 2397 685 2449 Fluctuuut
703 2397 797 2450 deiude
817 2399 892 2450 codd.
913 2407 938 2450 et
956 2399 1053 2467 vulgati
1073 2398 1130 2450 libri
1149 2399 1216 2462 iuter

196 2493 290 2551 Satan,
308 2491 427 2541 Satanan
446 2493 472 2536 et
492 2487 628 2540 Satanan.
665 2483 726 2536 Tam
746 2488 896 2551 Salomoni,
914 2494 1051 2562 utsupra,
1071 2487 1148 2539 hebet
1168 2485 1213 2538 Bb.

198 2575 241 2636 15)
268 2579 401 2630 adcerene
426 2591 476 2627 noe
501 2575 645 2641 dupliciter
669 2577 748 2628 datur
766 2572 805 2623 W.
826 2572 877 2624 1101
899 2581 925 2624 et
943 2571 995 2639 Be,
1022 2575 1066 2641 qui
1088 2591 1139 2628 noe
1163 2588 1213 2624 cm.

197 2661 346 2728 Conepirant
372 2660 431 2712 edd.
450 2668 512 2711 vett.
534 2677 556 2712 c.
577 2659 688 2723 Rucuma
717 2660 790 2712 Grau.
818 2669 903 2712 autem
928 2659 1005 2712 hebet
1028 2664 1129 2715 diabolo
1154 2666 1213 2715 ade.

196 2766 246 2801 noe
264 2751 334 2816 dupl.
354 2750 394 2811 d,
419 2744 455 2797 uc
474 2754 500 2796 ct
520 2747 574 2798 bled
593 2747 708 2798 scribunt
726 2748 868 2800 adeere'um
885 2765 936 2800 noe
954 2751 1026 2816 dupl·
1047 2752 1088 2814 d,
1110 2747 1137 2800 C.
1158 2746 1215 2798 bibe

198 2840 223 2882 et
248 2831 284 2883 Bb
310 2849 332 2882 c.
352 2831 449 2884 blorcli.
475 2835 547 2900 dupl.
574 2835 717 2886 adver-eum
742 2849 792 2884 noe
816 2835 840 2884 d.
878 2831 938 2882 Post
962 2837 1103 2900 dupliciter
1126 2837 1150 2884 in
1177 2835 1216 2886 110

198 2927 350 2984 expunctum
370 2927 408 2969 eet
427 2921 540 2984 malurn,
574 2933 620 2982 pro
645 2932 694 2984 quo
720 2918 804 2984 potiar
829 2917 904 2966 ecribi
924 2916 1036 2967 debebat
1054 2923 1124 2971 malo
1143 2921 1171 2984 (i.
1192 2936 1214 2970 e.

198 2993 323 3072 diabolo).
360 3002 432 3056 Cani.
453 3019 527 3070 eupra
547 3002 623 3069 paulo
646 3009 705 3068 poet
724 3001 827 3052 initium.
864 3000 961 3052 Primus
987 3003 1056 3054 dedit
1075 3003 1214 3056 Munatius:

197 3095 266 3161 dapt.
288 3095 420 3145 aduersae
445 3107 494 3142 noe
520 3093 543 3143 d.
569 3104 677 3156 emurque
704 3088 785 3138 necati
813 3095 871 3139 runt
893 3089 1059 3140 recentiores.
1097 3089 1123 3140 ln
1143 3106 1214 3158 seqq.

196 3193 242 3244 pro
267 3181 351 3232 sicuti
376 3177 462 3241 (etant
487 3184 525 3228 ert
545 3177 570 3228 in
591 3175 630 3228 ed.
652 3174 729 3239 lter.)
749 3173 785 3226 Bc
804 3183 830 3226 et
849 3173 903 3228 Mod
923 3173 1044 3228 exhibent
1061 3179 1111 3230 eie.
1150 3175 1213 3228 Pro·
1238 3169 1240 3172 ’

196 3265 262 3318 xime
279 3266 383 3318 domino
402 3263 449 3314 0011
469 3263 528 3314 blbd
548 3271 574 3314 et
592 3259 634 3314 lic.
673 3261 747 3326 ttett,
767 3270 794 3314 ut
812 3262 891 3331 vulp,
910 3265 964 3316 deo.
995 3263 1052 3314 vit.
1064 3261 1109 3314 lob
1127 3264 1150 3328 1,
1173 3263 1212 3314 12.

155 3339 161 3352 '
199 3349 241 3409 16)
268 3349 328 3401 Part
351 3367 410 3403 ecce
434 3352 521 3403 omnia
540 3349 686 3420 00001010)
706 3347 741 3399 Bc
761 3356 786 3400 et
806 3348 861 3400 bled
880 3350 962 3400 statim
982 3365 996 3398 e
1015 3363 1070 3418 cap,
1090 3366 1142 3420 aeq.
1163 3351 1212 3401 nd·

196 3427 301 3489 nectunt
328 3421 485 3507 toqueretur.
528 3435 652 3501 Verbum,
683 3437 782 3505 iniquit,
811 3452 1000 3490 consummant
1027 3445 1052 3489 et
1079 3439 1212 3490 lreeimee.

196 3520 245 3574 Pro
270 3526 298 3576 in
322 3541 419 3576 manue
445 3531 506 3576 tuae
532 3523 635 3574 intereo
661 3513 1215 3573 0011100011.110001300001100111

196 3620 259 3664 tuae
276 3627 381 3672 monne.
414 3608 582 3660 Proximcble
602 3608 730 3661 habetne
748 3609 872 3677 ouinpee.
911 3604 956 3670 17)
974 3610 1003 3660 iu
1016 3610 1214 3676 eeanpetioeuo

197 3697 283 3748 invitia
303 3698 376 3749 codd.
398 3706 424 3750 ct
442 3697 500 3750 edd.
521 3695 735 3764 praecedentibus
756 3694 871 3746 beluciac
891 3701 917 3744 et
935 3693 1113 3747 Goldborniue.
1151 3692 1212 3748 Ceti.

197 3783 237 3837 111)
263 3785 379 3838 ordinem
403 3786 440 3837 eie
465 3785 582 3836 invertit:
609 3787 733 3839 dominae
759 3798 857 3852 qnoque
882 3784 1000 3852 loquitur
1024 3784 1053 3835 in
1078 3783 1213 3850 ecenpele'o

90 3905 94 3914 =
195 3879 310 3950 tempore
332 3875 483 3942 paratonio·
522 3869 624 3922 Addidit
647 3867 773 3922 Pometiae
797 3883 812 3920 e
837 3867 1211 3936 centumcentumn,
