2868 4700
748 426 792 496 58

261 583 388 672 profana
419 586 557 674 contagia
590 593 621 652 et
649 586 798 654 idolorum
827 587 969 672 reliquias
997 595 1185 674 respuerunt
1230 589 1278 656 Ab

161 753 165 762 .
262 703 343 786 inpio
360 697 407 782 ¹⁶)'
420 702 629 786 sceleratoque
651 703 809 784 velamine,
831 722 892 786 quc
915 703 975 768 illic
989 705 1165 780 velabantur
1179 706 1278 770 sacri-

258 816 407 880 ficantium
437 817 533 898 capita
568 816 701 898 captiva,
733 822 822 898 caput
854 822 986 880 vestrum
1008 816 1134 880 liberum
1161 819 1278 884 mansii

258 927 355 993 Frons
385 947 452 993 cum
478 931 568 1012 signo
591 927 640 992 dei
659 923 698 1008 17)
719 948 793 1012 pura
816 929 926 994 diaboli
948 943 1091 996 coronam
1113 930 1194 998 ierne
1216 950 1279 998 uon

233 1042 364 1126 aporuit,
386 1060 519 1110 coronae
541 1060 576 1108 se
600 1042 712 1108 domini
735 1045 912 1110 reservavit.

744 1243 789 1313 11.

346 1390 441 1466 Quam
471 1407 527 1454 ros
547 1388 570 1470 ¹)
598 1389 678 1454 laeto
710 1390 778 1454 sinu
811 1390 921 1472 excipit
951 1395 1046 1454 mater
1074 1390 1209 1454 Ecclesia
1239 1389 1279 1454 de

258 1504 372 1589 praelio
387 1506 592 1570 revertentesi
629 1504 724 1580 Quam
739 1505 827 1568 beata
839 1501 877 1584 ²),
905 1523 994 1587 quam
1017 1504 1152 1590 gaudens
1174 1510 1278 1588 portas

257 1637 328 1686 suas
350 1621 455 1703 aperit,
476 1627 509 1683 ut
531 1619 666 1684 adunatis
688 1618 855 1702 agminibus
877 1620 1005 1700 intretis,
1029 1619 1068 1684 de
1090 1619 1178 1685 hoste
1199 1637 1277 1703 pro-

257 1741 350 1800 strato
372 1741 495 1817 tropaea
517 1733 703 1798 referentes!
747 1733 820 1797 Cum
844 1733 1089 1816 triumphantibus
1110 1735 1184 1798 viris
1207 1731 1277 1812 ομ)

219 1868 246 1913 ru
259 1847 387 1912 feminae
409 1849 549 1927 veniunt,
580 1863 657 1930 quae
679 1865 746 1910 cum
768 1846 890 1910 saeculo
913 1863 1020 1910 sexum
1043 1864 1166 1928 quoque
1187 1847 1276 1910 vicc-

256 1970 334 2028 runt.
378 1963 507 2027 Veniunt
529 1968 559 2027 ct
581 1961 729 2045 geminata
742 1955 770 2040 ⁴)
794 1960 912 2024 miiitiae
933 1979 1008 2024 suae
1028 1961 1126 2046 gloria
1142 1962 1275 2045 virgines

326 2181 371 2245 16)
390 2183 427 2236 iss
443 2183 474 2234 eb
492 2181 572 2248 impio
584 2175 632 2230 bic.
661 2175 725 2229 Tum
742 2180 873 2232 eceteram
894 2181 945 2232 aei.
963 2177 995 2230 A„
1029 2177 1080 2230 Pra
1099 2181 1157 2234 tute
1175 2177 1215 2232 tic
1229 2177 1273 2230 dat

256 2275 307 2330 titt
337 2269 460 2322 bendere
480 2271 597 2322 aelebcnt
610 2270 773 2336 sacrificium
786 2265 818 2331 A,
837 2268 996 2335 sacrifitium
1014 2283 1052 2334 pr.
1065 2265 1114 2320 bic.
1143 2265 1273 2336 ldempro

253 2385 376 2431 vestrum
393 2390 431 2444 pr.
444 2357 522 2428 η-ηἶ
556 2372 600 2438 17)
620 2373 711 2426 Fruere
724 2369 861 2442 mprobe.
892 2371 977 2424 Verba
992 2391 1052 2428 carm
1068 2378 1145 2445 adpro
1163 2376 1207 2428 dei
1223 2387 1273 2426 om.

253 2462 301 2516 bia.
336 2461 386 2514 Pra
403 2459 554 2518 samarit
571 2463 598 2513 in
616 2461 658 2513 bid
676 2463 868 2525 ectromate,
892 2461 919 2512 in
938 2460 1037 2514 duobus
1055 2469 1117 2516 vett
1136 2477 1152 2513 a
1169 2457 1275 2512 Bnbuain

253 2553 365 2604 excussis
382 2553 553 2622 mmcipcar't.

324 2639 356 2692 11.
384 2639 412 2708 1)
431 2657 481 2694 ece
498 2657 548 2696 aar
566 2655 605 2708 pr.
622 2638 681 2704 bic,
702 2653 766 2694 carc
784 2635 834 2689 bid.
871 2637 933 2688 Tum
953 2640 1018 2692 tecte
1034 2634 1137 2703 Baium,
1156 2639 1217 2690 item
1234 2653 1273 2706 pr.

251 2729 302 2795 Mc,
320 2729 413 2782 vitiose
431 2731 485 2782 ictu
502 2726 561 2796 (sic,
580 2743 656 2780 cruce
673 2741 751 2794 supra
768 2745 787 2780 rr
805 2724 904 2794 posita)
921 2724 954 2791 Α,
973 2728 1057 2782 laetor
1075 2729 1104 2780 iu
1124 2729 1216 2780 einum
1234 2723 1272 2778 Bb

251 2826 278 2871 et
290 2816 418 2885 exemplar
429 2813 513 2881 Grau,
529 2819 651 2870 tutarier
664 2818 846 2870 adnumerum
859 2813 967 2880 Marcii,
986 2816 1053 2869 taeta
1067 2819 1132 2870 sinu
1145 2824 1217 2866 recte
1230 2812 1271 2866 W.

248 2904 323 2958 biabc
340 2913 367 2957 et
378 2902 416 2956 na
434 2919 456 2956 c.
470 2903 530 2956 edd.
541 2910 614 2968 retu,
632 2904 693 2955 item
706 2900 796 2955 Remb.
809 2901 908 2956 Erram.
919 2901 1013 2956 Manat.
1026 2902 1120 2957 Pamel.
1133 2901 1226 2973 Rigalt.
1240 2911 1269 2956 et
1287 2960 1291 2965 ,

250 2991 341 3059 Oxum,
359 2996 424 3048 rinc
442 3010 492 3047 erac
505 2990 602 3056 Italum,
619 3008 670 3046 aua
687 2993 714 3044 iu
731 2991 770 3044 bic
789 3005 897 3044 erasum
936 2991 966 3060 2)
979 2995 1066 3059 Quare
1083 2994 1158 3045 beate
1175 3006 1226 3044 nm.
1239 2990 1271 3056 A,

250 3099 328 3152 quam
351 3084 403 3136 teta
425 3079 505 3132 babet
529 3080 571 3131 ed.
591 3076 712 3132 Dareutr.
749 3078 811 3131 Tum
829 3083 899 3149 setim
917 3079 1057 3147 (euperecr.
1077 3083 1121 3135 aei
1137 3079 1270 3151 parram)

250 3168 296 3224 Bn.
332 3168 390 3222 bicx
413 3186 483 3224 suae
509 3168 583 3220 deest
606 3169 633 3220 in
655 3168 686 3220 A.
722 3167 799 3221 Verb.
825 3173 912 3240 aperit
936 3167 968 3220 ab
992 3168 1025 3222 al.
1049 3185 1082 3220 m.
1108 3168 1270 3238 superscrip-

250 3265 304 3312 tum
322 3259 349 3310 in
365 3257 407 3310 W.
442 3256 492 3310 Pro
509 3259 615 3312 imatir
632 3254 670 3310 Bb
693 3256 736 3309 dat
754 3261 875 3329 ἐπαφὴ.
911 3257 969 3312 Mox
987 3261 1093 3327 trophea
1111 3255 1194 3308 biacd.
1214 3252 1268 3307 Brb

251 3353 278 3398 et
295 3346 318 3399 A
336 3362 359 3400 c.
377 3345 436 3398 edd.
454 3345 566 3414 antipa,
593 3349 718 3415 trapbasn
735 3343 833 3398 Erasm.
853 3353 1007 3415 ceteraeque
1033 3360 1083 3397 uua
1108 3359 1165 3396 cum
1182 3341 1269 3396 Baius.

250 3442 276 3487 et
288 3432 391 3499 Goidb.‚
407 3431 542 3502 tropenW
555 3440 581 3484 et
596 3448 635 3500 pr.
648 3431 700 3499 bib,
719 3433 745 3486 in
767 3449 817 3504 quun
836 3433 869 3487 ai.
888 3451 921 3488 m.
940 3435 1120 3503 superscripsit
1139 3437 1164 3487 b.
1201 3431 1231 3500 3)
1247 3439 1271 3484 et

250 3536 299 3575 orn.
319 3521 350 3574 A.
387 3520 444 3572 bina
461 3518 529 3588 vulg.
547 3519 643 3588 legitur
660 3537 719 3574 cram
737 3525 846 3576 saeculo
864 3525 1029 3577 dimicantes.
1058 3522 1092 3574 At
1105 3524 1270 3584 dimicantes,

248 3617 277 3661 ut
305 3609 347 3661 ed.
371 3605 484 3673 Murali„
509 3621 566 3684 om.
586 3606 659 3660 codd.
682 3607 724 3660 W.
744 3607 809 3662 biab.
827 3606 889 3662 Bab.
915 3609 938 3662 Α
962 3617 989 3662 et
1014 3610 1132 3664 undecim
1157 3610 1269 3682 duplici,

248 3697 311 3750 item
328 3695 408 3748 italici
426 3708 514 3748 omnes
532 3702 635 3763 praeter
652 3711 728 3748 unum
746 3695 819 3762 Van,
837 3713 947 3768 quocum
970 3698 1030 3752 facit
1054 3697 1104 3752 bid
1130 3698 1171 3753 Ab
1196 3717 1217 3752 r.
1235 3715 1268 3753 nu.

248 3786 275 3836 in
293 3797 343 3853 mg.
361 3782 439 3836 babet
457 3781 505 3836 bic.
541 3782 605 3836 Tum
631 3787 756 3841 cicerum
781 3804 881 3858 quaque
905 3786 994 3840 scribit
1010 3787 1059 3841 bid
1105 3789 1136 3860 4)
1159 3799 1184 3845 et
1210 3807 1270 3845 curn

247 3875 379 3945 percincta
390 3871 432 3925 ed.
443 3869 565 3926 Daventr.
596 3871 654 3925 bion
671 3877 771 3928 amiam
790 3891 857 3930 cuce
870 3873 900 3927 A.
932 3873 996 3928 Dein
1017 3880 1189 3932 continentiae
1201 3881 1267 3933 cir-

247 3961 348 4014 tatibus
365 3975 422 4012 cum
434 3975 484 4013 una
499 3960 556 4014 cod.
569 3959 632 4031 fleg.
646 3967 672 4014 et
683 3959 816 4029 Moyuinc.
829 3962 872 4014 dat
883 3962 925 4028 W,
939 3964 1099 4036 eandemque
1111 3963 1261 4031 lectionem,

247 4063 323 4119 quam
340 4064 398 4104 cum
416 4046 491 4102 Grau.
509 4065 541 4102 ex
558 4049 604 4103 ib.
622 4057 649 4103 et
665 4057 718 4106 vet
738 4065 794 4106 exc.
815 4051 844 4123 [a.
862 4066 885 4106 e.
906 4050 947 4107 ed.
965 4049 1102 4123 [inventa]
1129 4053 1261 4110 adiecerat
