2904 4692
757 398 818 461 tos

278 546 417 631 mollitie,
434 553 491 631 vet,
516 551 595 633 quod
619 555 713 636 magis
735 562 792 634 est,
814 556 949 620 'veritatis
972 575 1078 620 errore
1097 557 1193 619 minus
1216 563 1296 620 sture

278 663 412 742 fortiter,
445 681 501 726 nec
531 663 661 745 pectoris
691 665 738 726 sui
768 665 897 729 divinum
930 671 1017 748 alque
1040 668 1180 730 invictum
1203 669 1297 730 robur

279 794 441 853 exserere,
464 775 680 868 dissimulanda
713 795 763 838 res
794 796 853 841 non
887 778 956 856 fuit,
985 779 1204 858 neortacenda,
1236 799 1296 862 quo

278 890 392 967 miuus,
416 895 556 969 quantum
580 895 680 951 nostru
706 887 893 951 mediocritas
916 888 1042 968 suflicit,
1076 891 1182 972 vigore
1206 892 1296 973 pleno

278 1005 309 1061 et
331 1015 470 1076 sermone
494 998 532 1060 de
553 991 698 1061 dominice
715 999 845 1062 lectione
861 1008 1008 1083 concepto
1026 1000 1169 1065 delicatae
1190 1008 1297 1068 mentis

278 1113 396 1194 ignavie
421 1110 630 1191 comprimatur
653 1115 682 1170 et
705 1111 755 1189 qui
779 1110 866 1173 bomo
889 1108 937 1172 dei
965 1118 994 1172 et
1018 1111 1125 1174 Christi
1148 1131 1216 1176 essu
1239 1117 1296 1177 iem

278 1224 383 1305 coepta,
407 1224 465 1286 deo
495 1223 671 1286 et-Cbristu
703 1221 811 1305 dignus
842 1223 995 1286 habeatur.
1048 1225 1247 1309 Adgnoscere
1264 1225 1297 1310 ³)

278 1338 355 1400 enim
380 1355 413 1399 se
438 1325 543 1414 debet,
574 1334 683 1398 fraires
707 1335 903 1414 dilectissimi,
936 1337 986 1416 qui
1015 1337 1072 1399 ileo
1096 1337 1214 1416 militat,
1245 1341 1297 1419 qui

277 1450 392 1532 positus
416 1451 444 1512 in
468 1449 647 1542 caelestibus
670 1443 775 1510 eastris
800 1447 897 1510 divina
921 1449 977 1510 iem
995 1449 1095 1530 spirat,
1118 1457 1150 1513 ut
1167 1450 1203 1512 ad
1219 1468 1296 1532 pro-

279 1695 416 1746 dulcediae
427 1690 477 1742 llb-
514 1689 554 1740 Al.
574 1689 628 1740 ord.
648 1691 717 1744 eires
735 1692 886 1744 eaerulus-is
900 1692 929 1742 Α.
962 1691 1062 1744 Deinde
1078 1697 1121 1748 eei
1133 1698 1200 1764 quod
1211 1699 1297 1766 serpis

277 1788 317 1832 est
340 1781 476 1846 emistis,
504 1780 547 1830 uel
570 1780 808 1831 eemus'mollitise
832 1795 923 1832 errore
948 1779 1008 1845 (sic)
1028 1779 1078 1830 bib.
1115 1785 1192 1848 Quod
1209 1787 1296 1852 mepie

278 1875 332 1929 est,
360 1884 418 1921 aene
437 1869 511 1918 mede·
529 1867 576 1917 der
597 1867 656 1918 Fuit
674 1867 711 1918 ist
735 1863 853 1918 vat-was
872 1871 945 1920 mebr
965 1869 1059 1920 Generi
1076 1871 1136 1931 brt,
1164 1883 1211 1936 pro
1230 1873 1299 1938 quod

278 1957 368 2008 maius
387 1962 427 2006 est
446 1955 492 2015 (ite
511 1951 551 2002 bic
570 1960 596 2002 et
615 1951 673 2003 edd.
692 1949 791 2002 Erasm.
811 1968 841 2003 ec
862 1954 1017 2020 posteriores
1039 1958 1140 2017 omnes)
1167 1963 1299 2022 praestent

278 2041 353 2091 etiem
374 2039 414 2091 W.
434 2039 500 2091 bled.
520 2037 582 2091 liab.
602 2043 623 2091 Α
644 2041 756 2109 itemque
775 2048 838 2092 vett.
859 2039 934 2104 edd,
954 2041 1020 2092 unde
1040 2043 1180 2093 intextum
1200 2044 1297 2110 recepi.

278 2124 341 2176 Cum
361 2125 488 2178 locutione
507 2130 629 2181 ueritatis
647 2144 739 2181 errore
761 2135 821 2195 epte
840 2131 977 2194 comperet
990 2125 1111 2180 Boethius
1129 2131 1214 2182 Tacit.
1233 2129 1298 2182 llist.

278 2211 308 2262 ll.
330 2211 388 2276 72„
414 2214 458 2280 qui
477 2213 555 2265 babet
572 2231 665 2268 errore
682 2218 741 2268 ueri
762 2214 778 2264 i.
799 2230 822 2265 e.
841 2217 991 2284 ipssereetie
1009 2218 1051 2268 rei
1069 2215 1109 2267 vel
1129 2220 1203 2286 [ceti.
1241 2217 1299 2268 llox

278 2315 325 2370 pro
344 2305 472 2358 inuictum
490 2301 515 2352 iu
535 2301 635 2354 duobus
651 2301 722 2353 libris
737 2310 808 2366 vett,
829 2301 919 2372 quibus
932 2319 992 2364 usus
1005 2311 1043 2353 est
1058 2300 1185 2366 baluzius,
1204 2302 1298 2370 legitur

277 2391 471 2456 incorruptum.
509 2388 608 2441 [deinde
627 2394 707 2444 rotor
725 2409 835 2444 exerere
852 2390 940 2442 scribit
959 2389 1014 2454 lllb,
1040 2407 1150 2445 exerere
1168 2393 1228 2442 item
1248 2401 1297 2442 e'x-

276 2471 365 2526 bibent
387 2459 490 2526 w.'ora
516 2485 543 2527 et
567 2475 604 2527 Bb
631 2493 652 2528 c.
678 2476 736 2528 edd.
763 2476 857 2528 Manui.
885 2485 961 2544 etque
986 2477 1171 2545 posterioribus
1195 2486 1299 2546 praeter

277 2559 374 2612 bloretl.
394 2571 419 2613 et
438 2561 538 2626 uetes,
560 2566 586 2614 in
605 2563 697 2632 quibus
716 2571 860 2616 correctum
879 2573 919 2615 est
936 2581 1077 2628 cesarem
1096 2582 1223 2620 marcere
1241 2563 1297 2616 ilcd

278 2654 304 2696 et
318 2646 341 2697 Α
355 2656 512 2718 ¹ueteresque
531 2652 601 2714 edd,
621 2649 718 2702 Erssm.
739 2659 764 2701 et
779 2649 852 2702 Grev.
886 2650 942 2702 Vid.
964 2652 996 2702 de
1015 2651 1063 2702 uel.
1083 2659 1109 2701 et
1128 2653 1170 2702 liv.
1192 2668 1247 2718 cap.
1266 2650 1297 2702 tt,

277 2740 330 2782 not.
348 2735 370 2784 7.
408 2734 433 2787 ln
453 2752 523 2805 seqq.
543 2752 590 2804 pro
608 2747 703 2792 nostru
721 2741 890 2794 mediocritas
910 2737 930 2789 A
950 2738 1028 2801 babet
1045 2757 1102 2792 meu
1120 2743 1185 2794 med·
1224 2743 1296 2808 Su(-

153 2891 158 2898 ·
224 2848 228 2862 r
276 2825 338 2888 picit,
357 2823 424 2890 quod
443 2833 489 2891 pro
508 2825 578 2892 vulp.
594 2834 679 2894 potest
700 2841 732 2876 ex
750 2827 852 2893 optimis
869 2825 939 2878 libris
959 2827 1068 2876 restituit
1082 2823 1208 2891 Balomos,
1229 2841 1296 2877 con-

276 2905 373 2962 firment
392 2911 497 2964 codices
516 2915 565 2964 mei
584 2927 682 2966 omnes.
716 2912 804 2965 Statim
824 2917 917 2984 eipore
933 2923 956 2968 et
975 2929 1096 2968 sermone
1113 2917 1190 2984 pleno
1209 2913 1298 2966 scribit

277 2989 333 3059 Mb,
360 3000 412 3068 cip.
433 3009 509 3070 etque
527 2999 665 3065 serm-A,
692 3005 800 3070 ipnauia
826 3005 1009 3071 eorrpre'snetur
1033 3005 1092 3067 (pro
1115 3000 1225 3067 compr.)
1247 2999 1297 3062 llb,

276 3083 410 3152 ipnoeians
428 3087 573 3154 conprimat
593 3084 643 3148 bid,
662 3089 797 3154 iporeiam
816 3089 969 3156 cornpre‘mut
986 3085 1082 3136 diorelt.
1120 3082 1181 3136 Tum
1202 3097 1231 3138 ut
1250 3101 1296 3152 pro

275 3178 299 3221 et
318 3169 378 3220 daut
397 3168 432 3220 Bu
452 3179 478 3222 et
494 3171 532 3221 bid
553 3174 717 3238 conspirante
737 3171 873 3238 exemplari
893 3171 988 3224 lllorell
1026 3169 1103 3222 Paulo
1122 3180 1180 3240 post
1198 3176 1229 3226 de
1249 3175 1296 3226 deo

276 3263 300 3306 et
318 3257 425 3309 Olor-mo
442 3259 570 3324 reperitur
589 3259 613 3307 in
633 3256 679 3306 lle.
717 3256 746 3323 3)
768 3256 803 3307 ltu
825 3257 864 3310 W.
901 3255 939 3308 De
959 3257 1006 3308 bac
1027 3258 1150 3325 scriptura
1169 3258 1297 3310 videndus

277 3348 316 3390 est
336 3333 483 3412 Wupoerue
502 3343 534 3394 de
553 3331 672 3411 Orthopr.
686 3342 780 3410 Verpil.
799 3361 824 3412 p.
838 3343 898 3395 407.
935 3343 1002 3396 inire
1021 3360 1076 3411 cup.
1089 3343 1119 3394 ll.
1139 3343 1206 3396 idem
1228 3343 1297 3397 tiber

276 3426 381 3477 exhibet
399 3430 521 3498 Mpnoos‘t
540 3438 565 3481 et
585 3444 640 3497 cup.
655 3427 694 3480 xl.
715 3446 762 3481 une
782 3447 838 3484 uum
853 3430 890 3482 illu
910 3435 1109 3502 adquiescimus.
1143 3429 1181 3482 oe
1199 3431 1295 3482 cathol.

276 3514 339 3565 eccl.
359 3517 421 3567 uuio
440 3533 496 3585 cap·
511 3515 572 3568 Vlll.
594 3524 645 3568 uot.
660 3516 684 3566 5.
704 3520 866 3586 adquiescere
881 3516 929 3580 liin,
950 3533 1004 3584 cup.
1019 3515 1082 3568 XXl.
1102 3534 1126 3585 p.
1142 3515 1182 3568 ro.
1201 3526 1256 3568 not.
1272 3519 1296 3570 4.

276 3603 429 3671 adquosmte
449 3602 480 3651 W
506 3611 531 3655 ei
556 3601 603 3653 Ma.
642 3602 680 3654 Ad
707 3602 818 3656 Demetr.
844 3621 899 3673 cap.
919 3603 958 3655 vt.
984 3620 1006 3654 c.
1032 3603 1050 3655 i.
1076 3606 1220 3674 ad'pnuses's
1247 3605 1295 3657 tta.

268 3686 315 3739 'De
340 3701 419 3756 opere
444 3697 470 3741 et
494 3689 617 3742 eleemos.
643 3705 700 3758 esp.
722 3689 752 3742 11.
778 3693 968 3761 adquiescimus
992 3690 1024 3740 W
1051 3698 1078 3741 et
1103 3691 1151 3744 lla.
1194 3692 1298 3745 ibidem

276 3788 332 3841 cap.
346 3773 397 3826 xv,
416 3779 596 3846 adposuerunt
614 3785 722 3847 uterque
741 3778 814 3831 tiber.
851 3778 878 3830 lu
896 3794 969 3847 seqq.
989 3781 1075 3847 recepi
1088 3783 1175 3849 spirat
1189 3797 1204 3832 e
1218 3783 1296 3834 codd.

276 3859 315 3908 W.
337 3862 408 3914 tired
427 3871 453 3915 et
471 3864 509 3928 A,
536 3864 685 3933 quibuscum
705 3867 863 3918 concordant
882 3867 958 3916 etiem
979 3864 1038 3916 Ver.
1058 3865 1154 3934 deep,
1182 3861 1298 3936 quiuqu'e

276 3945 375 4014 duplici
393 3956 419 4000 et
438 3949 488 4002 duo
507 3949 634 4002 betusiani
655 3950 832 4020 editionesque
851 3951 949 4003 biurell.
970 3961 994 4028 et
1012 3950 1092 4003 Oxon.
1129 3952 1218 4005 Ceteri
1237 3954 1299 4008 libri
