2904 4692
732 425 801 493 too

246 585 335 649 uires
358 585 473 650 solutus
491 581 519 660 ²)
542 584 571 648 in
594 583 704 646 fluxum
730 589 835 646 venter
858 584 1016 662 evisceret,
1045 582 1126 666 quod
1149 584 1178 646 in
1204 583 1272 647 teu-

255 701 331 772 pium
355 699 480 762 vulnero
508 702 671 778 conceptus
695 695 862 758 medullitus
878 679 963 779 ‘ignis
988 701 1159 775 exaestuet,
1193 696 1272 776 quod

255 808 379 871 adsiduo
403 811 515 872 vomitu
537 806 676 870 intestino
701 806 889 885 quatiuntur,
921 805 1001 888 quod
1033 808 1112 872 ocuti
1141 809 1170 870 vi
1200 827 1273 870 sen-

255 923 354 1006 guinis
378 921 577 996 inardescunt,
601 918 681 1008 quod
706 919 890 998 quorundum
913 921 960 982 vei
983 920 1075 1000 pedes
1092 923 1141 983 nel
1157 922 1273 1002 aliquae

256 1038 457 1100 membrorum
488 1039 589 1114 portes
620 1033 760 1116 contagio
790 1032 942 1096 morbidae
974 1033 1137 1112 putredinis
1167 1053 1273 1115 empu-

256 1156 363 1227 tentur,
388 1147 466 1227 quod
492 1165 545 1228 per
568 1148 696 1208 iacturas
719 1152 748 1206 et
764 1146 869 1208 dumos
886 1163 1045 1228 corporum
1060 1155 1274 1229 prorumpente
1311 1179 1316 1185 ·

255 1261 401 1342 languore
425 1257 472 1319 vei
497 1257 666 1319 debilitatur
690 1257 836 1334 incessus,
860 1257 907 1318 vei
931 1256 1072 1340 auditus!
1098 1261 1271 1340 obstruitur,
1287 1274 1326 1314 ees
1433 1329 1434 1352 ἒ

255 1373 303 1436 vel
341 1379 480 1434 enecetur
517 1377 677 1450 aspectus,
712 1367 754 1431 ed
793 1369 1001 1434 documentum
1039 1371 1156 1452 proficit
1193 1373 1271 1435 tidei.

166 1509 169 1520 ¹
258 1486 368 1549 contre
391 1491 434 1546 tot
455 1485 581 1564 impetus
605 1483 748 1545 restitutis
761 1478 792 1555 3)ι
812 1490 842 1545 et
861 1483 964 1546 mortis
981 1483 1168 1571 inconcussis
1184 1487 1272 1550 enimi

357 1640 382 1644 -..
390 1639 394 1643 .
403 1637 461 1646 ..q-..-

254 1724 370 1776 omnibus
391 1725 466 1792 idque
486 1730 618 1790 receperat
637 1724 685 1773 iem
703 1721 837 1773 Moreilius.
875 1722 901 1775 ln
917 1724 954 1774 Me
973 1741 992 1775 r.
1012 1742 1044 1776 m.
1063 1725 1166 1778 sitersrn
1180 1725 1273 1777 iectio-

255 1828 312 1862 nenr
331 1812 522 1878 superscripsit,
549 1825 623 1878 quem
644 1812 669 1860 iu
690 1809 848 1878 Gottiugeusi
869 1809 1027 1864 Manutisoee
1046 1813 1166 1865 editionis
1183 1828 1273 1864 exem-

255 1901 318 1965 pteri
338 1901 377 1950 nir
395 1899 461 1950 doct.
482 1901 588 1951 mutavit
607 1901 632 1951 in
653 1903 827 1965 comprobant.
873 1899 900 1961 2)
927 1917 1038 1969 corporo
1063 1918 1114 1954 suo
1137 1904 1275 1953 resolutus

255 1991 278 2038 io
299 2003 346 2038 rus.
370 1986 401 2036 ub
421 2003 438 2037 r.
459 2003 490 2037 m.
506 1985 556 2050 nt,
575 1989 679 2039 solutos
694 1983 739 2035 Bb.
777 1984 838 2036 Tum
851 1989 985 2055 inpiumum
998 1987 1053 2037 Med
1068 1994 1093 2036 et
1106 1991 1136 2048 Α,
1156 1989 1182 2037 in
1194 1989 1275 2055 puceu

255 2074 320 2126 ttbe.
357 2073 474 2126 Proxime
493 2076 640 2143 defunctum
660 2071 699 2123 ttd
719 2089 740 2124 c.
761 2073 790 2123 Α.
828 2073 855 2124 ln
874 2089 945 2141 seqq.
965 2060 1000 2127 od
1024 2077 1124 2126 numiui
1147 2077 1275 2128 comitum

257 2161 378 2214 mendose
398 2160 444 2214 die.
482 2159 582 2212 Deinde
601 2164 670 2214 ocuti
687 2165 715 2212 in
733 2165 877 2231 scnpuinis
889 2164 1011 2230 speciem
1030 2159 1066 2226 Α,
1086 2163 1156 2214 ocuti
1174 2161 1275 2222 (ocutis

256 2251 308 2317 pr.)
326 2231 377 2302 suo
395 2251 524 2316 sanquine
543 2247 599 2310 bib,
627 2250 655 2299 in
674 2261 720 2312 pro
738 2251 768 2300 oi
786 2231 842 2310 bid,
870 2245 1040 2310 utilimum,
1069 2250 1098 2300 ui
1122 2250 1164 2302 cot
1188 2251 1276 2301 cotors

148 2396 155 2402 ,
257 2335 348 2400 Grau,
377 2336 420 2387 ubi
445 2350 517 2385 voco.
543 2337 586 2387 cot
610 2337 697 2387 cotors
724 2333 900 2385 minutioribus
928 2333 1019 2384 titteris
1043 2341 1272 2400 suntexprossee.

257 2422 305 2474 Pro
329 2425 502 2477 irrardosennt
525 2421 583 2472 edd.
604 2429 667 2472 vett.
692 2421 787 2474 hebent
809 2425 997 2476 exardescunt.
1035 2421 1133 2473 Omisso
1152 2425 1195 2476 oet
1213 2429 1274 2472 ente

256 2513 335 2581 pedes
354 2509 377 2559 in
397 2508 488 2559 iisdem
508 2507 575 2559 libris
594 2514 676 2558 susim
693 2511 796 2574 aliperus
815 2507 863 2570 (its
880 2509 956 2558 etiem
970 2506 1079 2566 Essem.)
1098 2511 1276 2561 menbrorum

255 2606 346 2666 portes
366 2597 486 2660 cosrtcpiu
509 2621 539 2630 —
562 2621 588 2631 -
612 2603 787 2661 amputarunt.
825 2593 917 2645 Contra
937 2593 1011 2645 Grnv.
1033 2599 1110 2661 podes
1135 2599 1190 2660 (uel
1213 2597 1274 2647 item

257 2683 356 2747 eiecto)
380 2683 422 2733 net
442 2683 529 2748 utiquo
548 2683 662 2732 membra
680 2696 729 2732 seu
747 2684 922 2734 membrorum
940 2691 1029 2748 partes
1048 2687 1168 2753 comasio
1189 2711 1220 2720 -
1240 2711 1273 2719 -

256 2776 433 2836 amputantur.
471 2765 529 2817 ttox
551 2785 599 2836 pes·
621 2771 752 2821 iacturum
771 2767 825 2831 Mb,
852 2768 911 2819 dein
936 2773 1050 2837 dompno
1068 2769 1113 2822 bb.
1132 2771 1182 2821 ttd.
1203 2770 1224 2822 A
1248 2779 1275 2821 ot

256 2854 295 2906 ed.
310 2854 374 2907 Dur.
411 2853 472 2906 Turn
490 2858 580 2908 tabor-e
599 2859 706 2924 ternpore
719 2856 750 2920 Α,
768 2859 876 2925 tenpore
894 2857 954 2906 item
973 2856 1022 2921 did,
1042 2859 1124 2909 stetim
1143 2861 1275 2912 debititate

257 2971 286 2980 -
309 2969 339 2979 -
360 2945 508 2996 destruitur
526 2946 568 2995 vot
586 2952 711 2996 occentus
730 2953 853 3013 aspectus
874 2943 930 3006 tto,
958 2955 1065 2998 creatur
1083 2961 1130 3011 pro
1150 2954 1276 2998 coecatus·

256 3029 286 3081 Α.
322 3028 391 3080 idenr
410 3033 453 3083 oet
471 3027 531 3095 (pro
551 3033 594 3090 ud)
614 3033 803 3084 documentum.
839 3029 868 3095 3)
887 3030 923 3080 ltu
943 3030 1017 3082 codd.
1038 3032 1087 3081 snei
1105 3045 1208 3094 ornnes,
1226 3047 1274 3081 ss-

255 3116 337 3168 decim
363 3115 494 3167 Beiuuinni
519 3125 545 3167 et
569 3125 628 3168 octo
655 3117 778 3185 Angiioi,
800 3119 948 3185 quibuscum
972 3117 1068 3169 iaciunt
1092 3119 1150 3170 edd.
1174 3117 1273 3169 Eresos.

255 3201 330 3254 Grer.
351 3202 442 3253 disput.
464 3202 560 3254 Mureti.
582 3202 665 3254 Bntus.
686 3212 763 3271 utque
782 3206 949 3270 recentiores,
972 3209 1132 3259 vastationis
1152 3203 1275 3256 exhibent

255 3297 352 3357 septem
371 3288 426 3340 iibri
446 3306 504 3341 mss.
525 3306 565 3358 ep.
582 3288 677 3354 Brutum,
697 3292 757 3341 item
777 3291 835 3356 edd.
855 3299 917 3342 vett.
938 3307 959 3342 c.
974 3290 1080 3356 Pernen,
1099 3306 1171 3358 quum
1191 3291 1274 3342 secuti
1307 3309 1310 3316 ·

209 3405 211 3418 ·
255 3377 378 3445 suntilig.
393 3375 511 3430 etOxon.
549 3377 661 3429 Alterum
676 3376 1007 3430 iectionemrestituendsm
1024 3383 1156 3428 monuerat
1173 3377 1220 3428 iem
1235 3378 1273 3428 tc.

254 3467 332 3518 Frsd.
354 3467 506 3518 Gronovius
526 3462 671 3516 Observstt.
690 3462 792 3538 111324.
811 3480 835 3529 p.
849 3465 899 3515 324
919 3473 946 3514 et
964 3462 1107 3515 Observntt.
1128 3445 1152 3514 id
1171 3461 1273 3527 Seriptt.

254 3550 317 3601 ecci.
343 3565 398 3616 cup.
420 3552 460 3601 12.
487 3567 512 3616 p.
532 3548 590 3601 615.
628 3548 695 3600 Voce
724 3554 838 3603 uestitus
867 3551 946 3600 utitur
973 3549 1066 3601 Noster
1094 3551 1168 3600 etium
1196 3561 1272 3613 supro

255 3629 310 3702 esp.
331 3634 371 3687 tx.
391 3653 412 3686 e.
433 3637 465 3702 i,
485 3635 531 3702 Ep.
551 3637 574 3686 7.
596 3652 619 3702 p.
643 3637 673 3688 13
692 3645 718 3687 et
739 3637 786 3700 14,
806 3637 838 3686 de
857 3636 921 3703 inps.
942 3651 997 3702 cup.
1017 3635 1078 3686 xlv.
1098 3651 1123 3701 p.
1143 3633 1178 3684 82
1196 3641 1222 3684 et
1240 3632 1274 3684 de

253 3725 322 3775 bono
347 3708 484 3790 patientioe
509 3740 561 3790 cup.
582 3723 610 3774 X.
648 3722 707 3773 Turn
732 3725 906 3776 inconcussis
931 3730 1002 3774 recte
1028 3721 1121 3789 legitur
1146 3723 1171 3770 iu
1197 3718 1274 3771 codd.

254 3812 317 3861 meis
337 3817 440 3876 praeter
455 3808 500 3872 Bb,
520 3810 561 3876 qui
580 3810 666 3874 inepte
685 3807 762 3858 habet
780 3811 942 3870 irrconcssss',
964 3808 1075 3874 itemque
1094 3808 1119 3857 in
1139 3803 1276 3872 exemptu-

254 3898 323 3948 ribus
344 3893 447 3946 Muuutii
474 3904 668 3964 ceterorumque
696 3895 819 3947 editorum
847 3896 1016 3961 posteriorum
1042 3900 1152 3958 excepto
1173 3889 1275 3954 Belum,

254 3983 301 4052 qui'
320 3989 433 4032 veterem
460 3984 609 4052 scripturum
633 3986 791 4037 irrooncussi
816 3981 916 4034 reduxit
940 3978 1136 4032 assentientibus
1161 3977 1275 4030 Routbio
