2858 4688
738 403 800 470 146

258 561 412 628 imminere
435 563 584 648 grauiora,
607 561 723 624 luorum
744 561 901 625 maximum
918 569 1126 647 oonpotenaus,
1150 564 1177 626 si
1191 565 1280 628 iatine

260 677 394 743 velocior
416 676 602 740 reeedamus.
648 675 680 740 Si
702 675 733 737 in
754 675 924 742 babitaeolo
947 685 999 742 tuo
1026 679 1159 761 parietes
1187 683 1279 742 retn-

259 801 336 858 atato
366 796 522 871 nutarent,
556 793 633 853 tecta
650 783 678 862 ⁹)
710 788 842 872 desuper
870 797 1050 873 tremerent,
1086 793 1191 856 domus
1222 794 1278 855 iam

259 908 399 991 fatigato,
430 907 487 970 iam
517 903 595 968 lassa
624 903 766 967 aedificiis
795 911 951 970 senectute
973 903 1141 971 labentibus
1163 909 1280 971 ruinam

259 1019 424 1104 proximam
456 1019 636 1104 minaretur,
671 1035 772 1081 nonne
806 1021 886 1082 omni
919 1019 1073 1084 celeritate
1106 1017 1280 1103 migrares?

261 1135 292 1200 Si
314 1133 475 1216 navigante
498 1139 528 1195 te
545 1127 583 1207 ¹⁰)
609 1130 723 1193 turbida
748 1139 778 1193 et
800 1133 969 1215 procellosa
993 1134 1155 1217 tempestae
1177 1133 1280 1196 fluuii-

256 1249 316 1312 bus
349 1245 509 1310 violentius
547 1245 683 1308 excitatis
719 1245 941 1327 praenuntiaret
979 1246 1075 1311 lutura
1113 1247 1279 1330 naufragia,

259 1381 360 1426 nonne
381 1369 500 1444 portum
522 1357 669 1422 velociter
691 1360 839 1442 peteres?
883 1359 1012 1425 Mundus
1041 1379 1114 1424 ecee
1144 1368 1226 1424 uenat
1249 1367 1280 1423 et

259 1477 384 1555 labitur,
416 1483 446 1538 et
469 1475 582 1538 ruinam
606 1473 653 1536 sui
673 1472 710 1546 ¹¹)
733 1493 794 1537 non
817 1473 874 1537 iarn
897 1451 1052 1539 senectute
1075 1475 1194 1554 rerum,
1225 1472 1279 1536 sed

260 1589 320 1652 line
342 1571 485 1665 testatum
509 1591 538 1649 et
561 1594 591 1649 tu
615 1605 675 1648 non
699 1586 892 1668 deogratias
916 1589 990 1670 agis,
1014 1607 1074 1651 nun
1097 1589 1148 1651 tibi
1171 1593 1279 1670 gratu-

259 1703 331 1765 laris
354 1701 434 1783 quood
459 1701 539 1764 exitu
563 1701 725 1763 maturiore
747 1701 916 1764 subtractus
939 1701 1033 1764 ruinis
1057 1707 1087 1762 et
1114 1701 1279 1784 naufragiis

261 1823 292 1879 et
313 1814 410 1899 plagis
431 1815 649 1879 imminentibus
672 1801 838 1878 exeuarisl
1247 1823 1253 1831 ·

262 1979 469 1994 ..u—nu*—

262 2082 288 2125 et
311 2069 384 2134 aab,
411 2070 471 2120 itam
496 2065 554 2118 blab
578 2083 600 2118 e.
628 2063 664 2117 Bb
690 2067 715 2118 in
740 2065 792 2117 in.¹
807 2065 880 2116 buius
905 2064 995 2130 capitia
1019 2067 1207 2118 tamiuaentibua
1232 2078 1279 2130 pro

261 2159 473 2219 imminentilur3
506 2153 597 2206 retinui
628 2161 711 2205 tamen
743 2151 887 2221 vulgatam,
918 2165 974 2201 enm
1006 2152 1030 2201 in
1063 2149 1162 2218 Virgilii
1192 2150 1283 2201 codice
1351 2167 1367 2194 ·.

262 2245 393 2308 bellicen,
421 2251 449 2294 ut
473 2243 497 2294 in
517 2239 584 2293 Voll.
604 2239 786 2292 Herculaneas.
812 2238 839 2290 P.
858 2235 888 2288 11.
916 2235 965 2289 col.
985 2237 1003 2289 l.
1030 2237 1045 2288 l.
1065 2239 1108 2300 7.,
1135 2245 1282 2288 constanter

262 2333 385 2388 scribatur
407 2333 551 2384 imminere.
592 2327 656 2380 Dein
683 2343 729 2396 pro
756 2335 928 2396 computemur
956 2323 993 2375 Bb
1019 2324 1095 2375 babet
1120 2333 1281 2392 reputemur.

261 2419 291 2486 0)
313 2431 337 2475 et
361 2428 427 2472 terta
451 2415 500 2466 bib.
537 2413 653 2466 Proxime
678 2416 755 2483 lepra
781 2414 811 2462 Δ.
849 2409 949 2463 Deinde
970 2415 1078 2465 ruinam
1103 2413 1157 2463 iam
1181 2411 1281 2478 proni-

167 2557 170 2564 .
261 2526 332 2561 naar
350 2505 396 2556 Bb.
442 2503 488 2569 10)
512 2509 535 2554 te
559 2505 698 2568 nueipantu
723 2498 844 2550 exhibent
868 2497 926 2549 edd.
951 2503 1011 2550 vett.
1040 2511 1062 2547 e.
1089 2495 1186 2547 Eraam.
1205 2494 1280 2545 Grau.

263 2601 289 2644 et
307 2590 422 2654 llorell.,
448 2592 589 2656 nunipunte
612 2593 635 2637 te
659 2582 733 2634 codd.
754 2582 836 2633 atheo.
856 2579 909 2634 Bab
933 2590 959 2632 et
977 2580 1015 2645 A,
1044 2579 1075 2632 W
1093 2590 1178 2633 autem
1197 2588 1223 2631 et
1242 2578 1281 2629 bia

263 2695 401 2752 pronomen
428 2677 553 2728 omittunt.
589 2671 646 2724 blox
668 2673 828 2726 violantibus
852 2683 987 2737 perperam
1005 2667 1058 2733 aa,
1086 2669 1200 2722 videntia
1220 2665 1280 2716 edd.

263 2768 308 2822 SP.
329 2766 426 2840 lienet.¹
439 2771 465 2814 et
483 2761 582 2826 linum,
605 2763 635 2814 oa'
653 2761 725 2813 uenti
742 2757 832 2810 Remb.
851 2765 877 2808 et
894 2755 1007 2819 Erum,
1035 2758 1160 2809 uiolentia
1181 2751 1280 2804 blorell.

263 2855 324 2909 'luna
341 2854 531 2926 pronunciaret
549 2849 580 2900 Α.
617 2847 644 2899 ln
663 2863 736 2916 aeqq.
756 2847 878 2900 metuetur
896 2842 956 2895 Ver.
976 2851 1002 2894 ot
1020 2839 1066 2894 Bb.
1106 2839 1150 2902 tl)
1171 2841 1283 2892 ruinam

262 2963 338 2999 rreum
358 2939 424 2992 mala
441 2935 487 2989 lib.
525 2935 563 2988 lle
582 2951 628 2987 nau
647 2935 753 3003 genitivi
772 2935 818 2987 aui
835 2930 885 2982 rid.
901 2933 1062 2984 liarnaborn.
1079 2919 1213 2978 Grammat.
1227 2923 1282 2977 lat.

262 3034 286 3098 ς.
307 3029 367 3093 157,
386 3027 409 3078 2.
430 3041 454 3092 p.
475 3023 523 3076 531
549 3031 574 3073 et
598 3038 664 3090 qaae
688 3020 807 3073 adnotavi
832 3018 863 3068 ad
884 3015 980 3068 Paullo.
1001 3016 1033 3066 de
1052 3016 1096 3065 uit.
1118 3013 1143 3064 S.
1163 3009 1281 3062 Ambroa.

262 3136 289 3186 p.
307 3117 357 3168 255
378 3115 415 3182 (§.
435 3113 476 3164 51.
496 3129 522 3178 p.
542 3109 597 3171 28).
633 3107 670 3160 lta
689 3107 782 3159 Noster
807 3115 833 3158 et
857 3107 881 3156 in
907 3104 972 3156 libro
999 3101 1162 3154 nivenen:
1185 3115 1240 3166 cap.
1259 3097 1281 3150 l.

263 3219 286 3256 c.
304 3203 345 3255 bn.
364 3201 466 3254 railiea'a
484 3207 508 3250 et
525 3197 639 3263 oripina'a
658 3197 697 3247 tui
721 3201 747 3243 et
771 3208 827 3259 cap.
849 3189 880 3242 11.
902 3193 1018 3244 mururlua
1038 3217 1068 3226 -
1089 3203 1215 3242 occeanum
1233 3189 1285 3239 arai

261 3307 353 3344 aeruna
370 3288 512 3340 tabentium
527 3283 679 3350 probatione
692 3288 813 3333 testatur.
845 3275 924 3328 Deest
936 3279 989 3330 tum
1004 3277 1028 3326 in
1042 3277 1071 3326 Α.
1104 3271 1172 3324 idem
1186 3270 1283 3322 deinde

261 3376 340 3429 babet
362 3375 465 3428 dominu
491 3371 594 3440 prutiar
620 3385 692 3437 apae.
728 3366 757 3417 ln
782 3381 854 3434 seqq.
882 3361 923 3416 llb
948 3364 1102 3431 naufragia}
1128 3363 1199 3422 turia,
1225 3365 1282 3408 tom

260 3466 358 3534 ptupta'a
371 3459 416 3511 Ba.
453 3457 501 3509 Pro
520 3459 634 3512 reuma
653 3455 698 3520 (ite
719 3453 793 3504 codd.
813 3460 839 3502 et
858 3447 1040 3514 edeacripai
1052 3449 1193 3510 excurris,
1210 3442 1283 3511 quod

262 3566 277 3601 a
302 3565 334 3601 m.
361 3565 398 3616 pr.
425 3544 563 3598 exhibebat
589 3541 641 3602 um
670 3544 803 3595 exiauarir
829 3538 885 3590 aine
911 3551 986 3587 cauea
1013 3533 1121 3584 dederat
1145 3529 1282 3581 Routbiua.

261 3636 319 3688 vid.
334 3639 449 3688 Gronov.
464 3631 608 3684 Observata.
623 3632 647 3681 in
660 3627 761 3695 Scriptt.
776 3623 841 3678 eccl.
861 3640 915 3691 cap.
929 3621 992 3673 xiv.
1011 3635 1036 3688 p.
1050 3617 1101 3671 627
1120 3617 1179 3668 coll.
1192 3614 1283 3667 Nostri

261 3719 310 3792 Ep.
324 3719 367 3771 60.
386 3736 411 3787 p.
429 3717 487 3770 100.
