2868 4700
758 437 802 504 54

275 577 397 644 siderei.
451 581 538 658 Quod
552 582 592 663 ¹⁰)
620 597 766 658 metueret
795 601 977 672 conscientie
1010 615 1131 692 nostre,
1163 613 1189 677 si
1218 635 1290 682 cre-

275 690 359 754 deret
376 693 424 772 ¹¹).
470 695 544 771 Quin
573 718 634 764 non
664 706 758 770 credit
777 706 830 800 ¹2),
861 719 981 781 omnino
1004 739 1066 784 nee
1095 727 1206 790 metuit.
1260 732 1292 798 Si

275 813 372 871 nutem
395 810 543 894 crederet,
567 822 597 878 et
619 828 757 900 onveret3
779 826 804 886 si
828 836 949 893 caveret
965 828 1012 913 ¹³),
1036 841 1067 898 et
1090 838 1240 906 evaderet.

719 1019 844 1092 XXIV.

360 1147 533 1214 Excitemus
571 1171 627 1217 nos
667 1165 805 1237 quantum
841 1162 1001 1245 possumus
1023 1168 1064 1252 ¹),
1105 1175 1290 1248 dilectissimi

246 1262 396 1346 ofrntres,
434 1273 464 1329 et
500 1287 605 1334 somno
644 1273 770 1338 inertiae
803 1281 914 1344 veteris
947 1284 1072 1368 abrupto
1107 1291 1144 1354 nd
1177 1295 1290 1360 obser-

271 1377 368 1442 vanda
406 1387 437 1444 et
474 1384 608 1464 gerenda
649 1386 759 1451 domini
800 1403 959 1477 praecepto
1001 1402 1168 1484 vigilemus.
1236 1411 1289 1476 st-

271 1508 336 1553 mus
366 1492 459 1599 tales,
492 1495 596 1574 quales
627 1515 697 1560 esse
727 1517 782 1564 nos
812 1503 918 1584 ipse²)
939 1516 1093 1598 proecepit
1125 1518 1228 1586 dicens
1242 1521 1287 1604 3);

270 1601 342 1666 Sint
363 1605 456 1668 lembi
484 1611 582 1670 nestri
611 1611 749 1676 adcincti
768 1613 795 1696 ⁴)
827 1626 857 1679 et
885 1621 1032 1688 lucernae
1063 1631 1229 1715 ardentes,
1260 1649 1289 1702 et

269 1741 327 1785 vos
358 1721 473 1784 similes
501 1723 678 1787 nominibus
710 1733 964 1810 exspectantibus
996 1740 1154 1808 dominnm
1186 1769 1286 1831 senne,

232 1839 395 1922 mqnende
416 1838 524 1899 neniot
545 1856 566 1899 α
588 1841 723 1919 nuptiis,
745 1851 794 1921 nt,
821 1865 888 1908 enm
910 1853 1031 1915 venerit
1052 1865 1082 1918 et
1101 1862 1285 1947 pulsaverit,

270 1952 418 2031 operient
439 1951 476 2012 ei.
513 1949 604 2012 Beati
625 1955 709 2014 serni
731 1955 779 2016 illi
793 1954 831 2036 ⁵),
856 1979 935 2040 qnos
954 1966 1126 2035 adveniens
1140 1975 1287 2044 dominns

169 2143 170 2146 Ἴ
268 2067 426 2149 invenerit
464 2065 640 2145 eiyilentes.
700 2068 862 2136 Adoinotos
902 2095 959 2141 nos
981 2075 1008 2158 6)
1046 2101 1115 2148 esse
1157 2100 1283 2177 oportet,

340 2265 387 2335 10)
407 2271 531 2338 quicquid
548 2267 588 2322 We
603 2267 644 2320 Mn
662 2277 688 2321 et
706 2269 768 2337 Bab,
789 2276 914 2344 quidquid
930 2276 1083 2349 Benevent,
1101 2294 1232 2360 qnodqnid
1251 2294 1283 2362 Α,

266 2357 327 2408 item
348 2373 386 2424 pr.
405 2355 461 2420 nti,
485 2371 552 2406 nunc
576 2359 643 2424 qued
666 2361 776 2426 quidem.
812 2359 851 2410 lte
876 2367 944 2432 qued
971 2382 986 2416 e
1010 2383 1076 2422 corr.
1100 2373 1193 2444 hebet,
1221 2379 1283 2435 Ver.

264 2463 339 2517 qnae.
375 2444 437 2496 Tum
462 2447 559 2497 meruit
576 2443 606 2496 Α.
652 2442 696 2509 11)
716 2445 797 2498 Verbo
822 2453 938 2504 crederet
962 2483 993 2492 -
1020 2485 1051 2495 -
1077 2485 1110 2500 -
1134 2466 1167 2516 st
1191 2477 1280 2524 autem

267 2533 358 2585 desunt
374 2533 400 2582 in
418 2529 461 2583 Be.
507 2531 551 2598 12)
571 2533 680 2586 eredidit
700 2532 740 2598 W,
762 2537 902 2591 crediderit
918 2537 949 2592 Α.
986 2540 1050 2596 Dein
1070 2547 1171 2602 distinxi
1190 2568 1212 2606 c.
1236 2555 1278 2616 W,

267 2624 372 2674 omnino
391 2636 447 2670 cum
465 2627 536 2688 seqq.
554 2620 669 2688 iungens.
706 2620 751 2689 13)
769 2633 793 2676 et
810 2629 838 2678 ei
859 2640 964 2683 caneret
982 2631 1038 2697 liin,
1064 2640 1092 2688 ei
1115 2649 1202 2695 entem
1227 2661 1280 2698 ea.

265 2718 336 2764 neret
353 2707 403 2759 Mb.
438 2706 504 2758 Dein
522 2716 545 2760 et
564 2707 685 2760 insertum
703 2725 734 2760 ex
753 2710 809 2764 Ver.
830 2711 879 2766 Mb.
899 2714 961 2768 Bab.
980 2718 1004 2769 Α
1022 2729 1048 2773 et
1065 2724 1146 2778 tribus
1163 2727 1242 2798 Aegl.

338 2793 424 2846 xxiv,
453 2795 480 2862 1)
497 2812 609 2865 pereunt
626 2812 663 2864 pr.
682 2795 729 2849 Mc.
760 2799 817 2852 Mox
834 2820 944 2874 eompno
964 2805 1003 2860 ed.
1021 2807 1152 2881 Deventr„
1171 2831 1282 2889 sompno

265 2889 382 2939 inhercie
398 2883 429 2935 Λ.
465 2881 526 2934 Tum
545 2885 586 2936 dei
601 2895 741 2953 praecepto
758 2884 802 2940 ita.
840 2889 867 2954 2)
889 2895 1015 2962 ipsemet
1038 2900 1196 2971 eenchr.‚
1222 2924 1283 2964 cccc

264 2971 372 3037 om.Bn‚
389 2971 562 3036 emended,
580 2988 630 3026 nos
648 2990 709 3028 esse
725 2991 763 3043 pr.
781 2979 901 3046 scriptum
920 2979 966 3030 luit
983 2983 1009 3032 in
1028 2983 1076 3038 llld.
1109 2988 1176 3043 Dein
1193 3013 1279 3059 prae.

265 3063 329 3130 cipit
338 3059 416 3112 habet
428 3058 474 3110 llic.
511 3057 667 3127 stianit,
687 3061 728 3116 35.
764 3063 792 3128 l)
809 3068 1025 3134 praecinctillind
1043 3075 1111 3138 eid.
1142 3080 1279 3136 Addamus

264 3149 297 3202 nd
314 3152 436 3204 ardentes
450 3149 529 3201 verbe
541 3153 570 3203 in
581 3155 703 3206 mnesides
715 3159 823 3220 ventris,
842 3155 1015 3224 qune'merum
1028 3162 1156 3232 glossema
1168 3171 1280 3240 sepiunt,

265 3239 345 3302 inii,
368 3244 393 3287 et
417 3239 444 3302 (a
468 3254 487 3289 r.
507 3221 629 3290 inficiet
652 3239 732 3308 vers.)
758 3244 783 3292 in
807 3242 865 3309 nit,
890 3247 951 3298 item
975 3249 999 3299 in
1025 3251 1084 3304 edd.
1105 3252 1179 3308 Grnv.
1199 3265 1280 3327 etque

264 3323 349 3376 Baluz.
385 3323 443 3375 liei
460 3330 676 3394 exspectantibus
701 3342 750 3381 om.
769 3328 815 3383 Bb.
851 3330 899 3383 Pro
924 3339 1013 3392 veniat
1031 3338 1055 3389 Α
1071 3339 1161 3410 scribit
1184 3349 1279 3400 veniet.

264 3411 363 3464 Deinde
381 3415 539 3481 adnuntias
558 3412 597 3464 llo
616 3423 641 3465 et
658 3415 734 3482 paulo
753 3427 811 3484 post
829 3424 947 3490 aperient
964 3423 994 3476 Α.
1037 3426 1066 3494 5)
1085 3432 1128 3483 illi
1145 3446 1279 3500 perperam

264 3516 312 3552 om.
333 3499 389 3552 cod.
408 3499 449 3551 lllb
473 3508 499 3551 et
518 3501 576 3552 edd.
595 3500 682 3555 Bnlnz.
701 3513 776 3572 atque
796 3505 884 3560 Goldh.
929 3509 958 3578 6)
976 3530 1026 3568 one
1044 3514 1075 3567 A.
1112 3517 1173 3569 Tum
1191 3519 1279 3593 cmpe-

263 3590 407 3642 ditionitne
431 3586 475 3640 Be.
517 3586 632 3641 Proxime
657 3593 795 3660 impeditos
820 3612 871 3648 noe
895 3595 972 3649 hebet
996 3600 1037 3652 ed.
1056 3599 1168 3671 Penei,
1195 3615 1221 3660 et
1244 3611 1280 3662 itn

262 3674 368 3742 posthoc
386 3677 541 3743 scripserunt
560 3675 661 3746 Rigalt,
682 3676 773 3746 exon„
793 3681 878 3738 Belus.
899 3686 936 3751 (in
953 3687 1037 3756 textu)
1056 3697 1082 3741 et
1100 3690 1189 3748 Goldh.
1226 3693 1280 3748 Sed

263 3779 329 3830 noe,
356 3762 422 3830 quod
441 3761 558 3815 Balnzius
580 3765 605 3815 in
629 3765 709 3818 tribus
733 3775 829 3821 tentum
848 3772 1033 3838 exemplaribus
1053 3781 1151 3845 reperit
1169 3789 1195 3833 et
1212 3781 1280 3836 liber

263 3847 321 3900 Ver.
340 3859 398 3918 post
421 3854 556 3919 displicetne
581 3853 684 3918 inserit,
709 3856 783 3908 codd.
803 3860 881 3910 nostri
900 3861 1129 3934 omnee,itemque
1147 3868 1207 3922 edd.
1224 3867 1277 3922 Pn-

262 3935 395 3987 meliennm
425 3939 606 3993 antecedentes
632 3950 702 3996 recte
730 3945 861 4013 omittunt,
892 3945 1038 4019 delevitque
1064 3953 1140 4005 etiem
1168 3954 1278 4010 Gallicus

264 4021 348 4074 editor
364 4024 390 4074 in
413 4025 488 4078 notis.
