2828 4690
597 397 655 465 281

24 575 30 620 t
120 563 197 620 stete
231 561 393 639 protector.
446 554 651 618 Patrimonium
687 553 745 616 deo
779 553 923 618 creditum
940 551 968 628 ⁴)
1002 571 1059 616 nec
1092 551 1139 616 iur

24 687 26 730 t
119 671 214 752 repit,
246 687 375 733 recres
399 669 631 752 pubttcreruit,
657 687 715 732 nec
737 669 827 735 iisous
843 669 980 746 'invedit‚
1004 687 1060 731 nec
1084 687 1139 732 ce-

24 807 27 846 t
120 781 229 844 turrinis
253 781 350 862 atique
375 781 503 844 iprensis
521 780 635 843 evertit.
673 781 704 842 in
721 785 783 844 tuto
800 779 951 844 hereditas
968 783 1088 863 ponitur
1100 779 1138 857 5),

24 921 26 958 i
120 913 198 976 queo
221 893 279 958 deo
302 894 428 958 custode
451 902 597 958 servatur.
643 895 707 958 Hoc
738 902 784 957 est
815 895 892 958 orris
918 897 1093 979 pignoribus
1109 892 1137 975 6)

23 1039 25 1078 i
120 1009 327 1090 inposterum
351 1007 528 1089 providere,
557 1007 614 1070 hoc
637 1013 682 1071 est
706 1006 811 1074 futuris
835 1005 994 1072 heredibus
1016 1013 1137 1090 paterne

119 1122 230 1203 pietate
252 1119 598 1184 consuleresecundum
624 1120 711 1184 iidem
741 1121 907 1202 scripturae
937 1127 1059 1184 senche
1089 1121 1139 1184 di-

120 1235 216 1300 centis
235 1227 279 1309 ⁷):
313 1231 460 1298 Iuvenior
476 1230 507 1310 8)
527 1233 578 1312 sei
599 1244 632 1298 et
652 1236 760 1312 senei,
794 1243 824 1296 et
846 1253 910 1298 ooo
933 1235 1001 1298 cidi
1023 1235 1139 1297 iustum

120 1347 320 1425 derelictum,
354 1364 453 1426 oeque
481 1363 585 1408 recreo
615 1347 683 1408 eires
713 1365 866 1426 procrees
890 1365 1013 1426 portent.
1061 1345 1139 1409 Toto
1166 1435 1170 1440 ν

189 1519 218 1588 i)
238 1523 280 1574 dei
298 1519 458 1573 credentium
476 1515 522 1569 Bb.
558 1515 643 1586 Pergit
661 1517 718 1570 cod.
738 1516 773 1568 tt:
792 1534 839 1571 esec
857 1519 906 1585 for
924 1521 1009 1588 repit,
1028 1534 1075 1571 trec
1093 1535 1139 1570 ree
1181 1547 1185 1556 ·

117 1610 223 1676 peritior
242 1610 319 1673 weit,
337 1623 385 1660 nec
402 1610 487 1676 fiscos
505 1607 613 1659 invadit.
648 1603 762 1656 Eandem
781 1604 920 1657 tectiorem
938 1606 963 1656 in
983 1603 1072 1656 codice
1091 1619 1138 1655 suo

119 1695 246 1746 inventam
265 1693 352 1746 laudet
373 1696 526 1746 Gronovius
546 1690 690 1746 Observe'tt.
709 1691 749 1744 iii.
771 1693 812 1744 2⁴.
832 1710 855 1761 p.
876 1692 936 1745 32⁴.
975 1693 1070 1760 „biS.“‚
1095 1694 1137 1758 ait,

120 1783 235 1846 „auctius
254 1789 281 1831 et
300 1780 406 1831 doctius.
442 1780 555 1832 Imitatus
576 1789 614 1832 est
633 1779 797 1849 virgilianum
817 1780 934 1846 (heroid.
954 1779 984 1831 ii.
1005 1797 1029 1831 v.
1048 1779 1101 1836 tt:

329 1853 441 1906 rrotdm
456 1861 482 1906 itt
495 1877 547 1915 opst
560 1873 582 1906 et
595 1866 740 1906 lamentabile
753 1878 847 1918 reperim

324 1935 443 1980 arnmot
455 1935 538 1978 benet.

119 2006 198 2058 immo
218 2007 254 2057 sic
274 2021 376 2072 prorsus
395 2007 561 2072 imperotores
579 2007 604 2056 in
622 2004 649 2056 b.
669 2006 780 2057 secunde
794 2003 857 2056 Coti.
871 2003 967 2055 Tbeod.
987 2005 1021 2054 de
1040 2004 1137 2054 usurier

119 2097 286 2163 Quicumque
303 2096 374 2147 ottro
389 2075 559 2146 centesimam
579 2097 639 2146 iure
654 2097 814 2162 permissam
834 2096 974 2163 quicquam
988 2083 1043 2144 'eoi
1056 2106 1136 2142 oece-

119 2184 196 2232 sione
221 2183 392 2234 necessitatis
419 2183 535 2242 eruerit,
564 2181 706 2250 quadrupli
729 2197 813 2249 poena
838 2189 862 2232 et
888 2179 1044 2247 ciiipoticoe
1070 2193 1137 2230 cort-

119 2269 249 2333 strictos,
269 2269 328 2320 eine
346 2269 508 2334 cessatione,
528 2269 587 2319 sirie
604 2269 706 2336 repoie,
725 2270 850 2336 pretioue
869 2267 954 2318 abiete
971 2264 1137 2320 rettttettr.“

120 2352 227 2404 Omissis
251 2351 383 2403 vocubulis
409 2367 457 2404 erec
480 2355 528 2420 ferr
552 2356 625 2422 rapit
648 2352 726 2418 vutgo
754 2352 863 2419 iegitur:
891 2367 939 2404 oso
964 2366 1010 2403 ret
1032 2351 1139 2417 peritios

121 2442 209 2503 eripit.
245 2437 310 2490 Deir
329 2441 480 2507 cotumpoio
498 2438 619 2490 exhibent
636 2437 680 2490 iis.
701 2437 766 2490 bicd.
786 2438 808 2489 t
827 2445 853 2490 et
873 2437 913 2490 ed.
933 2435 998 2488 Der.
1035 2434 1064 2500 5)
1084 2434 1139 2485 Ad-

122 2571 186 2622 didit
199 2572 381 2637 beec‚.utpote
395 2569 497 2630 omissa,
517 2582 537 2617 r.
551 2583 583 2618 m.
598 2567 629 2619 ed
643 2583 693 2634 mg.
707 2569 732 2618 in
748 2565 795 2618 bic.
832 2567 861 2635 6)
875 2523 1139 2635 ffiiumpiprroriiue

122 2659 185 2723 (sic,
204 2672 263 2709 voc.
283 2659 357 2711 soris
376 2672 391 2707 e
409 2671 430 2706 r.
449 2669 482 2704 m.
503 2655 644 2721 superscr.)
662 2653 719 2717 tib,
741 2656 898 2724 piperi-iios
916 2669 1002 2705 rursus
1020 2651 1073 2716 itt,
1091 2655 1138 2722 pi-

121 2749 249 2815 peoribus
268 2746 292 2796 h.
306 2745 323 2798 1.
343 2745 391 2796 Μά.
428 2743 489 2794 Tum
507 2745 662 2796 haereditus
676 2740 722 2818 bie
738 2739 834 2792 Eresm.
849 2739 922 2792 Grrv.
937 2739 1033 2792 bioreii.
1047 2739 1139 2791 Routb.

123 2829 212 2881 Goidh.
245 2831 316 2882 iiioie.
349 2831 404 2882 vid.
420 2833 514 2885 Oeiier.
530 2829 851 2898 0rthogr.Let.r.heree.
889 2828 917 2895 7)
937 2827 1139 2892 feniseces.

123 2921 152 2986 8]
171 2917 208 2970 ite
227 2919 266 2968 W.
288 2917 361 2968 biebd
381 2926 407 2968 et
424 2917 466 2970 Bo.
505 2915 667 2969 Concordem
686 2917 786 2982 antiquo
806 2918 889 2966 verrio
908 2914 972 2966 Let.'
984 2923 1010 2966 et
1028 2931 1068 2982 ep.
1083 2915 1139 2966 No-

123 2998 203 3060 strum
222 3006 247 3056 in
267 3003 334 3055 Test.
354 3002 395 3054 iii.
418 3005 439 3055 i.
459 3020 483 3071 p.
503 3004 563 3056 303.
584 3002 657 3055 codd.
678 3004 716 3054 W.
737 3003 776 3054 ttb
796 3011 821 3054 et
839 3001 890 3066 tta,
911 3003 942 3052 ed
962 3019 1036 3072 quero
1056 3003 1140 3055 iocum

123 3093 155 3146 ci.
176 3095 274 3146 dicius.
299 3091 357 3143 Not.
383 3108 408 3158 p.
426 3090 492 3155 6003
522 3094 614 3146 iustior
639 3091 698 3143 dent
721 3091 800 3142 ceteri
824 3090 880 3141 iihri
895 3092 991 3157 scripti
1013 3097 1043 3140 ‘ct
1068 3088 1139 3140 editi.

123 3178 162 3230 Ci.
182 3178 214 3232 ed
233 3179 328 3230 domin.
350 3185 414 3229 oret.
434 3194 488 3246 cop.
508 3177 560 3229 XV.
587 3187 639 3230 not.
659 3178 684 3230 8.
721 3177 770 3229 i‘ro
794 3187 818 3231 et
842 3182 923 3232 renui
946 3177 1003 3232 edd.
1029 3185 1091 3229 vett.
1116 3191 1138 3227 c

123 3267 218 3320 Eresm.
241 3266 319 3318 Grac·
335 3276 361 3319 et
380 3264 477 3317 hioreii.
499 3264 593 3316 hebent
614 3269 707 3319 uertim
730 3267 809 3319 renui
827 3267 879 3328 [καὶ
898 3261 941 3331 yde
959 3261 1086 3331 ἒγῆρασα),
1113 3272 1141 3314 ut

123 3354 190 3424 voig.
215 3354 308 3424 iegitur
332 3357 356 3406 in
384 3353 468 3419 ieet,
497 3354 541 3405 ubi
565 3361 652 3406 temen
675 3353 751 3405 codd.
776 3350 815 3404 W.
840 3351 897 3404 hibe
925 3360 951 3402 et
975 3351 1010 3403 Be
1035 3350 1140 3404 eiterem

123 3440 259 3494 lectionem
286 3450 424 3510 praestent.
463 3440 525 3492 Tum
550 3449 608 3493 erte
633 3438 726 3491 Merui.
752 3439 886 3508 legebatur
909 3457 1051 3508 numquam
1075 3439 1138 3491 eidi.

124 3527 223 3579 Deinde
243 3547 374 3599 quaereres
391 3547 499 3599 penest,
528 3529 598 3597 quod
617 3529 737 3580 convenit
754 3543 810 3578 cum
830 3526 928 3580 Graeco
948 3527 1032 3590 ζητοῦν
1050 3520 1140 3592 ἄρτους,

123 3614 295 3682 preebtrerunt
314 3615 352 3666 W.
374 3615 471 3668 biebcd.
491 3613 561 3680 heb,
580 3615 611 3666 ed
630 3630 694 3683 quos
714 3613 838 3666 secedunt
855 3615 942 3683 piures
960 3612 1019 3665 libri
1038 3619 1140 3664 veteres

124 3717 137 3750 e
158 3699 261 3753 Reiurio
285 3701 379 3754 leudeti
405 3709 431 3752 et
454 3708 555 3770 septem
575 3698 689 3768 duplici,
716 3715 800 3768 neque
822 3702 969 3768 discrepent
987 3698 1140 3751 Testimooie

124 3797 149 3841 et
168 3789 261 3840 domin.
281 3798 344 3840 oret.
366 3805 421 3857 erp.
436 3789 504 3853 XV.;
522 3805 602 3859 epeoe
619 3805 686 3857 pane
703 3787 824 3841 exhibent
842 3789 897 3840 coci.
917 3789 939 3840 Α
959 3796 985 3840 et
1004 3785 1061 3838 edd.
1076 3783 1140 3836 Der.

124 3875 197 3930 Grer.
223 3883 301 3944 etque
326 3876 495 3943 posteriores,
523 3866 638 3946 spectem
660 3891 729 3944 perte
754 3873 799 3925 ΕΡ.
822 3874 910 3926 Vocet.
936 3873 1016 3926 huon.
1041 3868 1141 3936 hereb,

124 3981 205 4034 apere
221 3945 289 4034 poste
307 3956 440 4028 opererirro
459 3962 554 4014 incuria
574 3963 675 4030 irrepsit
692 3962 716 4014 ir
737 3960 918 4014 Eresmienrrrr.
1006 4007 1008 4014 ,
1028 3976 1030 3980 ’
