2882 4692
655 385 696 473 ’33

588 677 609 704 v
633 647 710 719 xit.

255 791 299 853 l'u
322 795 451 867 tantum,
479 774 567 869 quem
592 787 648 848 iarn
671 784 849 867 spiritalibus
871 783 893 864 ¹)
918 789 1022 850 castris
1046 789 1185 853 caelestis

168 903 265 966 militia
288 902 435 986 signavit,
459 908 528 964 lene
551 903 768 980 incorruptam,
792 903 862 961 tene
883 898 1011 963 sobriam
1034 902 1185 984 religiosis

168 1016 323 1080 virtutibus
347 1013 538 1096 disciplinam.
577 1013 620 1077 Sit
639 1013 689 1075 tibi
707 1012 755 1075 vel
773 1014 868 1076 oratio
885 1011 1005 1076 adsidua
1023 1014 1185 1078 cellectio.

168 1129 253 1192 Nunc
283 1147 349 1191 cum
381 1127 440 1190 deo
457 1123 484 1204 Ἰ)
508 1127 654 1210 loquere,
687 1107 765 1188 nu'no
788 1125 863 1188 dens
886 1133 991 1190 lecum.
1037 1127 1087 1190 llle
1111 1135 1141 1189 te
1158 1121 1185 1201 3)

168 1243 336 1324 praeceptis
359 1241 421 1306 suis
444 1241 578 1316 instruat,
602 1238 651 1302 illc
671 1238 815 1319 disponat.
850 1239 945 1313 Quem
961 1237 1010 1301 ilie
1025 1239 1144 1302 divitem
1157 1235 1184 1316 ⁴)

169 1353 275 1418 iecerit
297 1370 385 1416 nemo
410 1370 570 1434 pauperem
596 1343 697 1415 saciet
731 1349 873 1413 Pa'enuria
897 1369 967 1414 esse
990 1351 1068 1414 nulla
1088 1345 1185 1424 iam⁵i

168 1467 288 1546 poterit,
311 1483 377 1528 cnm
401 1463 494 1527 semel
516 1471 622 1545 pectus
645 1463 782 1526 caelestis
805 1464 909 1546 sagina
933 1465 1083 1526 saturavit.
1126 1463 1185 1525 lam

169 1581 221 1642 tibi
244 1573 317 1641 auro
341 1576 477 1640 distincta
502 1577 651 1657 laquearia
680 1583 710 1639 et
740 1577 864 1658 pretiosi
895 1579 1049 1640 marmoris
1077 1576 1186 1638 crustis

171 1681 274 1754 vestita
297 1689 442 1754 domicilia
466 1688 647 1769 sordebunt,
677 1709 742 1754 cum
766 1690 870 1756 scieris
893 1695 923 1754 te
938 1686 965 1764 6)
989 1687 1186 1754 excolendum

170 1806 274 1887 magis,
297 1803 448 1886 topatius
472 1799 655 1879 ornandum
678 1800 796 1865 domum
819 1801 870 1864 tibi
893 1801 969 1864 hano
991 1819 1060 1865 esse
1083 1803 1186 1884 potio-

170 1935 253 1996 rem,
282 1934 369 1998 quam
393 1905 529 1979 dominus
553 1914 661 1978 insedit
683 1914 782 1996 templi
805 1916 889 1994 vice,
920 1917 949 1977 in
977 1933 1035 1996 qua
1064 1913 1187 1994 spiritus

169 2035 289 2092 sanctus
307 2029 406 2110 coepit
421 2029 563 2091 habitare.
595 2013 752 2110 Fingamus
768 2029 843 2090 banc
858 2025 976 2089 domum
990 2026 1150 2110 pigmentis
1158 2019 1184 2098 1)

166 2143 367 2220 innocentiae,
392 2137 568 2204 luminemus
590 2140 657 2203 luce
679 2140 816 2203 iustitiae.
860 2139 926 2203 Non
949 2141 1024 2204 baec
1046 2157 1185 2222 umquam

166 2255 341 2339 procumbet
356 2248 384 2328 8)
417 2255 446 2316 in
479 2253 592 2335 lapsum
624 2254 710 2314 senio
742 2253 913 2330 vetustatis,
947 2272 1003 2316 nec
1033 2253 1184 2334 pigmento

166 2368 288 2449 parietis
320 2372 370 2430 aot
404 2385 478 2430 auro
511 2365 706 2430 exolescente
741 2363 917 2428 foedabitur.
964 2365 1083 2428 (laduoa
1117 2371 1185 2428 sunt

169 2496 375 2561 quaecumque
398 2453 496 2544 fucata
519 2486 597 2559 sunt,
621 2497 676 2542 uec
698 2477 833 2542 fiduciam
855 2480 1000 2559 praebent
1020 2476 1185 2561 possiden-

237 2711 302 2764 lllll.
342 2713 369 2780 1)
387 2715 577 2782 minuentibus
596 2711 661 2764 llud.
699 2711 756 2764 lior
781 2716 900 2782 adplicuit
923 2729 937 2766 u
962 2731 994 2768 m.
1015 2732 1070 2783 pn,
1097 2732 1184 2770 asse.

166 2791 382 2884 ‘'apmrue,
406 2812 727 2884 samaritanorum.
764 2814 794 2881 a)
814 2818 845 2868 u
862 2818 908 2869 uo
927 2815 973 2871 aa.
1011 2817 1040 2884 a)
1059 2828 1097 2883 u,
1116 2821 1184 2888 qaas
1270 2844 1276 2855 „

167 2899 222 2951 om.'
243 2899 281 2964 A,
308 2897 346 2950 llc
372 2905 430 2964 post
452 2903 514 2952 anio
538 2899 633 2949 inserit.
680 2897 708 2960 4)
735 2901 841 2952 divitem
865 2905 1048 2957 mmmmm
1072 2923 1185 2961 summ

166 2984 245 3038 babet
264 2984 294 3037 Α.
338 2986 367 3052 5)
385 2987 519 3038 Paenurio
537 2990 629 3050 sponte
646 2985 735 3050 scripsi
755 2999 801 3051 pro
818 2989 939 3054 muria.
976 2987 1032 3040 Vid.
1053 2990 1086 3042 de
1105 3007 1185 3059 opere

97 3073 103 3084 '
167 3080 194 3126 et
213 3069 336 3124 eleemos.
357 3087 413 3139 cap.
431 3069 473 3121 lll.
492 3077 545 3121 not.
565 3068 589 3119 1.
626 3068 688 3120 Tum
714 3074 768 3124 ioca
792 3087 853 3126 erra
876 3075 951 3127 nmio
968 3071 1022 3140 Bb,
1048 3081 1186 3134 metm

166 3165 241 3216 nulla
260 3159 317 3226 ub,
344 3175 405 3212 ease
427 3161 486 3211 atla
509 3174 561 3211 non
584 3156 614 3208 Α.
652 3155 718 3208 bein
743 3162 789 3213 cui
812 3175 858 3227 pra
884 3177 944 3214 onas
968 3161 1024 3214 vat.
1044 3163 1068 3215 1.
1093 3162 1185 3234 Rigalt.

168 3245 249 3300 Oxou.
269 3243 355 3323 Bnlnr.
376 3241 513 3298 Goldbom.
551 3243 607 3296 llox
628 3247 752 3300 calcatio
774 3262 823 3299 om.
842 3248 872 3300 Α.
909 3247 959 3300 Pro
982 3240 1079 3320 rapina
1102 3251 1127 3304 in
1147 3251 1184 3306 bu

167 3333 261 3402 legitur
278 3335 403 3402 spiritns.
441 3328 502 3382 Tum
522 3334 683 3386 saturaverit
704 3333 730 3384 in
749 3332 808 3386 edd.
828 3341 887 3386 ante
904 3333 997 3404 uiguit.
1034 3337 1062 3402 6)
1081 3349 1105 3393 ta
1123 3357 1184 3396 eus

168 3416 190 3469 Α
214 3412 368 3488 ueteresque
392 3417 449 3470 edd.
476 3435 499 3471 c.
524 3417 621 3472 Erasm.
647 3417 720 3472 Grau.
745 3427 771 3471 et
797 3420 894 3474 lloroil.
939 3422 1034 3476 Vitiosa
1061 3425 1185 3494 deinceps

168 3521 227 3574 edd.
247 3531 306 3576 anta
326 3521 422 3576 Erasm.
446 3525 536 3593 potior
560 3511 822 3588 obtenerandum,
849 3522 886 3575 lib
905 3491 1073 3582 “ornantem
1118 3529 1183 3582 Dein

166 3613 236 3663 banc
254 3613 327 3665 acies
345 3628 407 3666 aare
425 3610 467 3663 ad.
487 3609 552 3664 liar.
589 3610 705 3664 Proxime
730 3613 839 3667 intendit
863 3611 909 3678 pro
931 3617 1027 3671 insedit
1046 3614 1076 3666 Α.
1114 3613 1184 3669 idem

167 3697 193 3747 in
212 3707 284 3766 seqq.
303 3685 353 3750 om.
374 3709 494 3754 canctus.
539 3699 571 3766 7)
588 3703 733 3769 pinpamaa
750 3713 797 3767 pro
815 3703 957 3770 piamentis
976 3700 1034 3753 edd.
1052 3709 1114 3754 vett.
1135 3719 1181 3754 ex·

169 3792 244 3852 cepta
264 3781 345 3850 Dan,
373 3801 438 3854 quac
457 3786 535 3838 babet
551 3789 694 3856 pinpamnc
710 3789 860 3856 pipmentia.
897 3785 985 3839 Statim
1003 3789 1184 3844 itluminemus

168 3869 254 3938 Grau,
272 3875 397 3928 liniemus
417 3875 446 3925 A.
483 3874 513 3942 8)
528 3873 622 3946 perilot
641 3875 669 3929 ii.
684 3889 707 3925 e.
726 3875 903 3943 praconmlet)
919 3874 950 3939 Α,
967 3878 1122 3944 ponuntur
1136 3873 1182 3928 blo.

169 3955 230 4010 Tum
249 3963 399 4016 vetustatis
417 3960 475 4012 edd.
495 3969 557 4014 neit.
594 3959 672 4012 Paulo
690 3967 749 4030 post
766 3963 913 4016 contentae
930 3961 975 4013 lib.

956 4047 976 4114 3
