2880 4696
746 376 809 446 106

269 531 445 616 pluralitus,
468 535 544 600 sicut
560 534 700 600 admouet
714 536 789 621 ipse,
804 538 964 622 placemus.
1001 539 1169 606 Lamenlari
1186 561 1256 608 euru
1267 540 1298 624 6)

270 655 406 731 putamus
430 669 470 715 ex
492 659 558 716 tolo
583 650 685 733 corde,
708 653 836 732 ieiuniis,
859 652 985 734 delibus,
1007 654 1176 736 planctibus
1194 656 1298 722 domi-

269 779 339 826 num
363 762 536 847 deprecari,
559 767 609 849 qui
633 767 790 850 exprimo
814 768 944 830 criminis
967 767 1017 831 dle
1039 769 1160 834 lavacra
1183 770 1298 837 cotidie

270 894 336 940 curn
368 877 487 943 feminis
518 880 666 960 celebrat,
699 881 751 963 qui
781 880 876 964 epulis
908 881 1107 948 adfluentibus
1134 890 1241 966 postue
1265 893 1298 950 ct

217 985 375 1074 'asapius
399 992 532 1078 largiore
556 992 701 1059 distentus
725 993 886 1058 cruditates
909 1011 981 1060 suas
1010 997 1157 1078 postridie
1185 1003 1297 1080 ructat,

268 1121 326 1168 nec
354 1105 438 1170 cibos
465 1112 495 1170 et
516 1112 604 1190 potus
628 1124 700 1171 suos
724 1125 790 1169 cum
812 1123 976 1190 pauperum
998 1111 1182 1176 necessitate
1204 1128 1296 1176 oom-

267 1219 421 1284 monicat?
466 1220 523 1296 Oui
544 1219 648 1284 hilaris
666 1214 693 1298 7)
716 1237 751 1285 aa
777 1220 873 1285 laetus
896 1221 1008 1286 incedit
1028 1223 1182 1305 quomodo
1205 1242 1309 1317 mor-4

266 1335 327 1396 tem
349 1349 432 1397 suam
456 1333 563 1414 dedet,
593 1351 720 1418 cumque
742 1336 884 1418 scriptum
914 1336 954 1400 sit
968 1331 1014 1416 ο);
1046 1337 1118 1403 Nor
1148 1357 1294 1403 corrum-

263 1447 349 1528 petis
372 1447 504 1530 estipirm
534 1448 652 1514 barbae
681 1457 822 1528 restrae,
855 1449 976 1515 barbam
1006 1451 1089 1516 vellit
1122 1457 1154 1516 et
1184 1450 1295 1517 faciem

227 1575 254 1621 ro
267 1575 351 1624 suam
373 1557 531 1643 comitur
574 1560 611 1628 Et
633 1562 754 1648 placere
777 1579 856 1628 nuuc
878 1564 1016 1648 cuiquam
1037 1563 1138 1632 studet
1160 1567 1213 1651 qui
1232 1565 1294 1632 deo

268 1671 429 1760 displicet?

336 1883 366 1952 6)
390 1887 466 1940 sieut
491 1886 632 1942 temtatori
658 1887 729 1942 asim
754 1885 786 1940 b
822 1881 884 1940 Tam
908 1894 935 1943 st
959 1899 1007 1956 pro
1030 1902 1069 1942 soa
1090 1885 1123 1942 Α.
1164 1883 1237 1940 idem
1262 1890 1294 1944 iso

264 1975 364 2029 idaeis
387 1973 459 2038 (sic).
495 1971 561 2027 Dein
585 1987 632 2043 pro
659 1975 808 2040 dominum,
833 1972 900 2044 quod
925 1973 951 2026 iu
973 1973 996 2026 Α
1020 1971 1109 2041 deest,
1135 1970 1177 2026 bib
1204 1975 1293 2030 met.

264 2057 344 2113 Paulo
368 2070 428 2129 post
452 2061 579 2117 ioooclsra
596 2058 628 2112 Α.
665 2059 754 2113 Statim
778 2063 873 2116 cotidie
891 2059 931 2114 W.
949 2053 999 2114 blb.
1017 2057 1072 2113 Bab
1094 2076 1152 2116 cum
1170 2059 1232 2115 edd.
1251 2075 1292 2130 pr.

264 2156 291 2200 et
308 2145 429 2200 Deventr.
448 2151 560 2204 cotidiae
578 2147 633 2213 blc,
660 2151 765 2203 cottidie
781 2146 831 2200 tls.
868 2145 951 2201 llerba
975 2151 1070 2203 cotidie
1093 2166 1154 2203 cram
1179 2152 1293 2219 [emistis

263 2249 313 2288 om.
332 2232 388 2302 bis,
413 2253 474 2290 cum
496 2237 605 2304 {amittis
629 2234 690 2286 item
707 2231 748 2286 W.
767 2232 816 2286 bib.
836 2231 897 2285 Bnb.
918 2233 940 2286 t
958 2242 984 2285 et
1002 2233 1061 2287 libri
1078 2232 1159 2288 ltaliei
1178 2244 1286 2303 praeter

262 2321 319 2375 Vat.
340 2323 363 2376 i.
383 2338 485 2389 omnes;
505 2324 530 2374 in
542 2320 582 2375 blc
601 2337 614 2374 a
633 2337 653 2374 r.
673 2337 706 2374 m.
725 2320 757 2373 ad
775 2329 900 2392 mptum
918 2320 1044 2390 adscripta
1064 2331 1092 2374 ut
1112 2331 1171 2376 anta
1191 2325 1291 2379 cotialis

262 2411 412 2476 insererem
438 2429 499 2466 cum
519 2415 580 2481 (om.
607 2411 692 2464 cottid.
717 2407 795 2460 babet
820 2405 869 2462 bld.
905 2408 1018 2462 Aduolat
1037 2409 1188 2466 Balesiur:
1216 2407 1288 2477 „Pa-

262 2497 353 2550 melius
372 2500 490 2567 expunxit
507 2497 552 2550 has
570 2511 665 2562 voces,
693 2504 746 2548 tum
771 2497 829 2564 quia
852 2495 908 2548 illes
932 2512 983 2549 uou
1009 2495 1158 2565 reperiebat
1180 2499 1207 2551 iu
1234 2499 1289 2550 suis

262 2583 391 2639 codicibus
411 2586 596 2654 manuscriptis,
617 2593 669 2636 tum
687 2585 746 2652 qula
763 2582 813 2635 illis
830 2598 895 2652 opus
913 2600 964 2637 nou
982 2600 1040 2637 esse
1052 2585 1186 2638 credebat.
1217 2571 1294 2640 Sama*

261 2671 353 2724 desunt
370 2675 395 2724 iu
413 2673 537 2726 tredecim
555 2673 656 2724 uostris.
691 2670 784 2723 Verum
803 2679 902 2724 exstant
921 2674 947 2725 iu
966 2672 1020 2725 aliis
1038 2672 1185 2742 quindecim
1204 2681 1233 2726 et
1258 2675 1286 2727 iu

259 2773 311 2811 uno
324 2758 471 2829 Anglicano.
501 2759 557 2813 llou
570 2760 649 2812 video
667 2767 751 2812 aulem
770 2773 816 2811 cur
834 2761 945 2829 expungi
963 2758 1082 2825 debeant,
1101 2775 1158 2813 cum
1177 2760 1284 2814 uideam

222 2857 225 2865 '
259 2850 285 2901 in
311 2847 377 2900 libro
404 2847 436 2900 de
464 2845 549 2900 babitu
575 2847 701 2916 virginum
727 2862 753 2915 p.
776 2844 826 2898 179
847 2845 939 2899 balnea
963 2847 1108 2915 promiscua
1134 2863 1192 2900 cusu
1214 2849 1283 2901 viris

260 2943 287 2988 et
303 2934 402 2988 leminis
420 2935 537 2987 interdici
555 2935 705 3004 virginibus.
739 2931 804 2986 lliuc
821 2933 889 2985 euim
906 2933 1037 3003 colligitur
1057 2932 1165 2986 feminas
1191 2933 1284 2990 lavare

259 3025 424 3075 consuevisse
442 3037 500 3074 eum
518 3021 586 3073 viris.
622 3019 687 3072 Vide
709 3027 782 3070 notas
807 3018 840 3070 ad
865 3017 955 3070 librum
981 3018 1015 3071 de
1040 3017 1127 3074 babitu
1151 3023 1284 3093 virginum

258 3125 284 3180 p.
303 3107 378 3163 530!⁴
415 3107 477 3161 Tum
496 3109 606 3163 celebret
617 3106 648 3160 Α.
678 3104 744 3158 Dein
762 3107 929 3177 elli-uentibus
946 3106 1013 3158 idem
1032 3105 1109 3174 liber,
1127 3111 1286 3181 aspectibus

258 3212 297 3265 pr.
321 3194 372 3248 btb.
414 3193 492 3248 Paulo
517 3202 576 3264 post
600 3196 767 3248 crudelitates
793 3193 856 3258 (sic)
884 3193 978 3245 omisso
1004 3212 1075 3249 suos
1100 3195 1131 3246 Α.
1177 3195 1285 3251 Deinde

256 3286 415 3356 posttridie
433 3281 490 3348 tls,
512 3285 661 3353 posits-idue
685 3279 736 3332 Mb.
778 3277 868 3332 Statim
892 3290 994 3335 eructat
1011 3280 1052 3334 W.
1071 3281 1155 3338 blacd.
1174 3281 1229 3337 Bab
1258 3293 1286 3338 et

258 3379 378 3441 quattuor
394 3370 466 3432 Vut,
488 3377 517 3423 ut
535 3369 594 3422 edd.
613 3375 674 3420 aute
692 3367 785 3422 Manui.
803 3380 891 3420 omncs
910 3383 931 3422 c.
950 3367 1065 3435 Murali,
1084 3381 1210 3426 mutarat
1229 3370 1284 3437 Hb,

256 3468 368 3514 ructuas
378 3458 407 3510 t.
435 3457 493 3510 blox
506 3461 580 3513 citos
591 3472 659 3510 suos
671 3465 695 3509 et
706 3465 784 3523 potus
798 3463 860 3509 cum
869 3473 1018 3527 pauperum
1029 3462 1191 3515 necessitate
1203 3458 1247 3512 ttd
1258 3467 1285 3512 et

256 3547 313 3601 libri
326 3554 385 3598 aute
394 3545 487 3599 Manui.
498 3546 566 3613 typis
580 3545 698 3611 exscripti
709 3560 731 3596 e.
740 3542 849 3608 Murali,
861 3560 909 3596 roeo
919 3553 999 3611 potus
1011 3543 1062 3600 tlb.
1092 3545 1123 3614 7)
1136 3550 1220 3602 ituria
1234 3545 1283 3612 Ba,

257 3638 361 3706 hylaris
378 3633 414 3699 Α,
439 3635 573 3687 bttuatur
589 3630 722 3700 legabatur
740 3637 798 3682 ante
817 3627 910 3683 Manui.
947 3629 1048 3684 Deinde
1065 3636 1183 3689 iucocdit
1201 3633 1236 3687 W
1257 3646 1285 3690 et

257 3721 305 3774 lde.
341 3721 402 3774 Tum
420 3719 476 3791 pud*
492 3720 521 3786 (i.
540 3735 563 3771 a.
583 3721 717 3789 quoniam)
736 3733 782 3786 pro
807 3720 933 3792 quomodo
952 3717 1001 3770 tls.
1044 3719 1104 3772 Mox
1129 3739 1190 3776 cum
1217 3727 1283 3791 (om.

258 3809 318 3880 que)
342 3808 396 3874 lla,
422 3811 595 3877 quoniamque
618 3805 650 3858 Α.
691 3805 722 3871 8)
747 3804 829 3858 Lavit.
849 3803 895 3871 19,
914 3805 956 3859 27.
992 3807 1022 3872 9)
1052 3813 1141 3880 vellit,
1167 3817 1284 3885 effipiam

508 3904 533 3949 et
562 3898 645 3949 aciem

257 3971 337 4024 uomit
346 3965 395 4034 bb,
412 3967 494 4034 aaut,
511 3900 621 4038 offitium
637 3980 717 4022 suess
736 3964 814 4017 comit
824 3963 998 4027 (mmeotiouc
1010 3967 1044 4022 ab
1054 3983 1076 4022 r.
1088 3983 1125 4022 ιιι.
1135 3968 1218 4036 iacta)
1230 3969 1282 4027 llo.
