2904 4692
548 685 550 692 ’
657 677 703 747 ll.

264 801 326 876 lloc
350 819 447 876 sutem
467 797 498 875 lit
517 810 556 895 ¹),
581 811 687 876 iratres
704 811 897 892 dilectissimi,
920 815 987 895 quia
1006 816 1080 878 fides
1097 817 1192 896 deest,

177 929 243 1008 quia
267 943 354 1028 nerpo
378 925 473 989 credit
496 943 567 988 vers
592 943 661 989 esse
677 945 754 1007 quoe
769 927 911 1009 promittit
926 927 1010 1005 deas,
1034 932 1082 1009 qui
1098 949 1193 993 verax

177 1045 240 1118 est,
272 1041 356 1102 cuius
380 1057 481 1102 sermo
505 1038 697 1102 credentibus
721 1047 860 1104 aeternus
884 1047 913 1103 et
935 1037 1037 1104 firmus
1061 1050 1116 1105 est.
1164 1043 1194 1108 Si

177 1153 229 1215 tibi
251 1155 298 1216 vir
321 1155 422 1236 gravis
448 1161 477 1216 et
490 1150 523 1237 ²)
545 1153 698 1217 laudabilis
715 1153 824 1235 aliquid
842 1155 1044 1237 polliceretur,
1068 1155 1194 1218 haberes
1302 1177 1307 1192 t

177 1267 329 1348 pollicenti
360 1265 464 1344 tidem,
497 1283 552 1328 nec
582 1271 611 1328 te
643 1265 703 1328 falti
729 1273 778 1328 aut
801 1265 897 1348 decipi
919 1267 954 1329 ab
980 1285 1016 1330 eo
1041 1267 1194 1345 crederes,

178 1394 266 1460 quem
298 1386 378 1442 stare
409 1375 438 1441 in
469 1380 657 1442 sermonibus
687 1386 777 1460 atque
809 1381 839 1442 in
867 1379 979 1442 actibus
1006 1381 1068 1442 suis
1091 1383 1195 1443 scires.

178 1493 260 1555 Deus
277 1489 309 1578 ³)
332 1499 429 1555 tecum
454 1493 600 1572 loquitur,
633 1499 662 1555 et
692 1501 722 1556 tu
754 1498 852 1554 urente
882 1491 1033 1556 incredula
1064 1493 1195 1575 pertidus

178 1605 330 1669 fluctuas?
375 1605 456 1668 Deus
469 1605 517 1674 ,de
529 1599 599 1669 'boc
614 1605 723 1670 mundo
740 1605 893 1670 recedenti
905 1602 938 1689 ⁴)
958 1608 1196 1670 inmortalitatem

180 1725 268 1800 atque
285 1699 495 1784 'aeternitaten
517 1721 686 1803 pollicetur,
717 1730 746 1784 et
770 1721 908 1785 dubitas?
953 1721 1017 1784 llcc
1040 1714 1087 1785 est'
1109 1723 1195 1786 deum

181 1833 300 1896 omnino
320 1851 380 1897 non
396 1852 488 1898 nosse
501 1832 544 1918 ⁶),
567 1835 625 1898 hoo
642 1842 688 1898 est
704 1833 1011 1900 Christum'oredendi
1027 1838 1196 1920 magistrum

252 2083 294 2136 lV.
323 2085 352 2151 1)
371 2091 407 2155 pit,
428 2084 495 2153 quod
516 2100 565 2136 orn.
586 2081 633 2149 Bb,
651 2101 672 2136 r.
691 2101 723 2136 nr.
743 2101 817 2152 supro
836 2086 930 2138 adiecit
948 2089 972 2137 in
991 2086 1031 2137 W.
1067 2085 1115 2138 Pro
1134 2104 1198 2142 esre

181 2188 244 2225 esse
260 2173 345 2225 inritis
364 2172 435 2224 libris
453 2173 553 2238 scriptis
565 2175 702 2227 Manutius
715 2171 778 2238 (non
792 2175 954 2238 liemlottus,
974 2181 1001 2224 nt
1014 2174 1050 2225 sit
1063 2169 1198 2238 Pamelius)

183 2257 261 2310 edidit
283 2264 378 2329 [uteres
401 2277 468 2313 esee.
507 2257 569 2316 Turn
590 2261 716 2328 promisit
734 2257 765 2309 Α.
809 2259 838 2322 2)
856 2269 933 2330 etque
951 2259 987 2312 Bb
1006 2269 1032 2312 et
1053 2261 1084 2312 A.
1121 2260 1199 2314 Ornisi

181 2355 238 2414 post
265 2351 375 2402 tuberes
403 2347 471 2416 quod
499 2345 577 2414 vulgo
606 2345 706 2401 additur
733 2345 790 2396 adv.
810 2350 905 2415 istique
932 2348 1114 2414 praeeuntibus
1140 2365 1198 2402 ross.

182 2433 241 2484 Ver.
263 2432 301 2486 W.
322 2432 420 2486 blabcd.
440 2432 519 2501 Neap.
540 2431 576 2484 Bb
596 2441 622 2483 et
640 2433 677 2497 Α,
701 2433 760 2484 item
780 2431 892 2484 editione
912 2431 1022 2497 llorell.;
1047 2436 1113 2501 sepit
1132 2437 1199 2488 eninr

183 2535 276 2575 meram
295 2521 414 2590 glossam.
446 2519 519 2573 oonr.
534 2520 597 2572 intra
612 2527 665 2571 not.
679 2520 704 2571 8.
735 2519 802 2572 Ante
820 2522 881 2588 [atti
899 2520 973 2573 ebest
990 2531 1014 2575 te
1032 2519 1103 2574 eBs.
1134 2522 1200 2576 Dein

182 2625 214 2662 ae
232 2611 317 2678 decipi
340 2609 435 2664 babent
455 2608 515 2661 edd:
534 2616 594 2660 vett.
615 2615 641 2659 et
658 2605 755 2658 Erasm.
794 2605 841 2658 Pro
860 2613 1030 2664 sermonibus
1048 2611 1070 2662 Δ
1089 2613 1202 2678 pessime

181 2695 269 2746 scribit
286 2700 435 2751 arboribus.
478 2696 506 2758 3)
525 2695 598 2762 Vulg.
618 2713 689 2748 nune
706 2699 781 2749 derra.
819 2693 869 2746 Sed
887 2713 958 2750 nasac
977 2712 1026 2748 cm.
1047 2696 1120 2748 codd.
1140 2697 1199 2750 Ver.

183 2781 223 2834 W.
242 2780 342 2832 blnbcd.
363 2783 442 2849 Neep.
464 2782 525 2842 Bab.
544 2785 575 2832 Α.
613 2781 669 2832 tto»
692 2785 721 2833 iss
745 2791 828 2835 mente
850 2797 896 2846 pro
921 2793 949 2836 tu
972 2793 1055 2834 mente
1073 2783 1103 2835 Α.
1139 2783 1199 2836 ‘lum

182 2883 230 2934 per
251 2869 327 2934 fidem
351 2867 392 2917 bid
418 2877 444 2918 et
467 2870 610 2936 pluctucria
635 2865 683 2916 bib.
731 2864 759 2926 t)
784 2864 819 2916 lte
845 2865 920 2916 codd.
941 2865 979 2918 W.
1004 2865 1085 2918 llabd.
1105 2866 1147 2918 Ba.
1170 2871 1200 2922 Α.

183 2954 258 3016 riti,
284 2953 352 3017 quod
371 2952 411 3003 liic
429 2957 516 3018 (supre
537 2952 592 3013 lin.)
612 2957 765 3016 veteresque
787 2949 866 3013 edd,
893 2949 990 3002 Erasm.
1009 2948 1083 3003 Grev.
1103 2952 1200 3006 llorell.

185 3047 211 3090 et
230 3037 316 3090 Belus.
336 3049 394 3106 post
412 3044 494 3100 ‹teue3
514 3047 600 3090 cetere
620 3045 703 3088 sutem
723 3035 877 3102 exemplaria
898 3038 965 3103 typis
983 3035 1121 3105 descripte,
1141 3044 1199 3109 qui·

185 3127 289 3198 boscum
307 3127 369 3178 iecit
387 3125 444 3178 cod.
460 3123 507 3188 Bb,
528 3132 585 3192 post
602 3125 733 3186 recedenti
751 3125 874 3187 inserunt,
894 3139 908 3175 e
926 3124 1080 3191 glossemate
1099 3125 1201 3179 linxisse

185 3230 235 3283 ego
254 3214 337 3268 nullus
355 3213 451 3264 dubito.
490 3215 682 3267 decedentibus
700 3211 794 3279 legitur
812 3212 835 3262 in
856 3211 886 3262 Α.
926 3211 990 3264 Dein
1016 3221 1118 3263 veteres
1141 3214 1200 3266 edi-

185 3304 268 3354 tiones
287 3310 315 3354 et
332 3301 563 3378 Erssm3ordineur
588 3301 623 3352 sic
648 3299 790 3352 invertunt:
817 3303 1038 3354 immortalitatem
1060 3303 1202 3369 pollicetar

185 3400 261 3459 atque
286 3393 473 3444 aeternitatem.
507 3388 586 3439 Voce.
613 3397 688 3455 atque
716 3391 893 3442 coimitatores
920 3403 970 3439 ons.
999 3386 1046 3440 blo.
1090 3385 1151 3440 Tum
1178 3399 1202 3444 st

185 3479 310 3531 dubitas?
328 3492 374 3544 pro
393 3487 416 3530 et
435 3486 462 3529 tu
483 3477 609 3530 dubitati
628 3477 663 3540 (et
678 3476 801 3529 dubites?
820 3474 922 3525 exbibet
934 3473 968 3538 At
982 3477 1067 3540 recepi
1082 3490 1113 3525 ex
1126 3475 1200 3526 codd.

187 3561 244 3614 Ver.
265 3561 304 3614 W.
324 3563 421 3615 lllabcd.
446 3563 526 3630 Neap.
550 3561 603 3613 Bab
628 3570 654 3613 et
677 3561 793 3612 undecim
820 3559 851 3611 eb
872 3559 1057 3612 Oxoniensibus
1081 3563 1201 3614 excussis.

186 3649 215 3718 5)
238 3668 319 3718 posse
338 3651 367 3702 Α.
405 3653 536 3705 vanescet
559 3653 732 3720 magristrum,
760 3647 827 3716 quod
853 3654 986 3714 receperat
1012 3650 1058 3697 iarn
1079 3647 1201 3700 Manutius

186 3737 309 3805 probante
328 3736 436 3805 liigaltic
456 3738 480 3787 in
500 3734 663 3799 obremus,
687 3741 817 3801 praestent
836 3733 909 3786 codd.
929 3734 989 3785 Ver.
1009 3731 1103 3785 Benev.
1124 3733 1154 3783 W
1174 3741 1201 3798 te

186 3825 274 3890 corn).
296 3823 361 3875 lind.
380 3822 421 3874 na.
442 3823 462 3874 Α
483 3831 508 3874 et
527 3823 615 3874 decern
634 3821 749 3890 Anglici3
774 3824 897 3875 credendi
913 3825 1096 3891 mopisterium
1114 3821 1202 3874 scribit

187 3909 238 3976 ttb,
261 3915 421 3966 credentium
439 3913 596 3981 mopistrum
616 3909 738 3960 exhibent
756 3905 793 3959 Bb
813 3916 838 3958 et
857 3907 895 3959 llo
914 3909 1092 3976 editionesque
1112 3906 1201 3960 Menn-

187 3997 279 4049 tieusm
296 3999 480 4051 antecedentes
499 4015 520 4048 o.
538 3997 634 4050 blcrell.
654 3995 746 4048 Routb.
767 4004 793 4050 et
811 3994 917 4058 Gotuh.;
936 3997 1095 4049 credentium
1113 3999 1199 4050 domi-

938 4081 994 4147 Sil
