2858 4688
655 565 702 634 tx.

257 710 368 772 'lentus
392 707 518 770 cladium
537 705 558 783 ¹)
581 714 680 771 terror
704 708 775 770 dare
798 728 859 772 non
879 718 980 793 potest
999 714 1187 778 innocentiae

168 808 369 905 disciplinam,
398 828 428 883 et
451 822 528 882 iuter
549 822 864 904 populunirequsnti
887 830 988 908 strage
1012 828 1185 891 morientem

169 951 261 1006 nomo=
280 931 450 994 considerat
474 939 504 996 et
525 949 559 996 se
584 950 654 994 esse
672 933 835 997 mortalem.
873 935 984 1000 Passim
1001 938 1185 1022 discurritur,

168 1048 280 1128 rapitur
297 1043 339 1124 2),
363 1053 536 1126 occupatur.
582 1047 746 1110 Pracdandi
770 1047 963 1114 dissimulatio
987 1053 1083 1133 nulla,
1107 1055 1184 1118 nulla

167 1158 315 1222 cunctatio
333 1154 368 1232 ³).
415 1157 507 1231 Quasi
529 1159 635 1237 liceat,
659 1159 744 1238 quasi
768 1143 923 1241 oporteat,
954 1167 1039 1245 quasi
1061 1166 1185 1248 illequi

167 1286 227 1335 uon
250 1271 327 1354 rapit
343 1266 372 1346 ⁴)
395 1259 531 1338 domuum
555 1273 585 1331 et
608 1267 969 1356 dispendioruproprium
992 1277 1116 1352 sentiat,
1140 1281 1185 1342 sic

166 1386 373 1476 unusquisque
396 1401 504 1464 rapere
528 1381 656 1444 festinat.
695 1382 726 1444 ln
742 1383 907 1447 latronibus
923 1394 970 1449 est
985 1393 1145 1472 utcumque
1158 1389 1184 1467 5)

165 1500 261 1579 ulique
281 1497 428 1560 scelerum
445 1494 639 1576 verecundia,
662 1499 745 1566 avias
769 1497 872 1560 fauces
896 1507 926 1562 et
949 1498 1084 1587 desertas
1104 1503 1183 1566 soli-

166 1611 283 1674 tudines
307 1609 456 1692 deligunt,
481 1617 510 1702 et
533 1611 577 1674 sio
600 1611 659 1676 illic
682 1607 879 1694 delinquitur,
909 1619 940 1675 ut
963 1620 1058 1678 tamen
1083 1595 1182 1678 delin-

163 1725 318 1805 ‚quentiunr
329 1723 453 1786 ,facinus
476 1724 609 1786 tenebris
625 1731 657 1786 et
672 1732 760 1787 nocte
778 1725 901 1810 veletur.
940 1726 1072 1792 Avaritia
1087 1730 1182 1810 palam

164 1839 261 1902 saevit
284 1845 314 1898 et
336 1836 544 1928 ipsaaudacia
574 1855 628 1900 sua
657 1845 719 1899 tuta
750 1840 779 1899 in
810 1838 868 1900 lori
884 1833 911 1913 6)
941 1840 1009 1902 luce
1039 1841 1182 1922 abruptae

164 1929 331 2034 cupiditatis
356 1967 436 2012 arma
461 1952 618 2031 prostituit.
663 1949 735 2012 lude
759 1950 869 2012 lalscrii
887 1945 924 2029 ⁷),
952 1952 1020 2013 inde
1044 1955 1180 2031 venefici,

162 2063 234 2150 inde
256 2065 285 2126 in
316 2063 411 2126 inedia
442 2065 559 2127 civitate
590 2064 688 2127 sicorii
719 2070 776 2126 tam
807 2064 843 2126 od
874 2065 1056 2145 peccandum
1087 2085 1180 2149 prae-

166 2197 374 2206 -μ-η--ι-

146 2270 151 2278 ”
229 2265 270 2319 ur.
293 2269 320 2335 r)
339 2253 421 2338 ,iaus
439 2264 479 2315 eu.
499 2263 562 2316 osv.
582 2272 608 2315 u
626 2281 642 2314 ο
659 2267 776 2334 ,narem
795 2279 841 2332 per
858 2281 906 2318 aaa.
926 2265 976 2331 nu,
995 2271 1114 2336 prauum
1133 2270 1178 2322 su.

41 2409 51 2416 ,
161 2353 200 2406 Gi.
221 2371 277 2423 cap.
297 2355 349 2407 Vll.
374 2361 428 2405 not.
448 2353 472 2402 2.
512 2351 610 2402 Deinde
629 2355 699 2404 inter·
715 2355 899 2421 pbilosopbum
917 2368 954 2420 pr.
974 2353 1022 2404 lde.
1060 2354 1087 2406 ln
1107 2373 1178 2423 seqq.

159 2453 184 2495 st
201 2459 233 2494 ee
249 2459 311 2495 esse
329 2440 403 2498 codd.
417 2454 515 2503 omnes,
535 2441 595 2489 item
615 2437 750 2492 adultae.
766 2438 857 2491 Manet.
872 2438 965 2491 Pamel.
980 2440 1071 2509 Rigalt.
1086 2439 1178 2516 Onon,

160 2529 239 2580 ceteri
258 2528 314 2579 libri
332 2529 393 2579 editi
412 2543 461 2578 orn.
474 2536 505 2580 et.
531 2527 570 2590 2)
589 2537 613 2582 et
630 2531 736 2595 rapitur
748 2524 778 2578 Α.
816 2524 846 2594 3)
864 2530 990 2582 Predauti
1008 2533 1178 2584 decimotertio

159 2619 233 2668 nulla
251 2625 300 2682 eat,
321 2618 396 2668 nulla
414 2617 552 2668 transacio
571 2613 633 2680 (sic)
649 2613 680 2666 Α.
714 2612 786 2664 Prius
805 2616 879 2666 scotta
898 2629 963 2679 corr.
984 2631 1016 2668 nr.
1035 2615 1134 2668 addidit
1153 2620 1177 2668 iu
1197 2614 1201 2624 ”

160 2701 206 2763 W,
233 2719 259 2752 a.
280 2705 411 2753 cunctatio
431 2711 470 2753 eat
495 2699 615 2764 exhibent
641 2700 699 2752 add.
719 2709 781 2750 vett.
803 2690 915 2766 (praeter
934 2701 1010 2764 Dav.)
1036 2719 1058 2752 c.
1079 2701 1176 2754 Erasm.

160 2785 234 2835 Grau.
258 2793 336 2852 atque
356 2785 463 2848 blorell.,
482 2789 558 2838 nulia
575 2789 688 2852 [umido
707 2798 749 2839 eat
768 2803 782 2836 e
803 2787 859 2837 eod.
880 2785 980 2839 Cambr.
999 2789 1065 2839 male
1083 2790 1178 2842 adiecit

160 2871 294 2922 Paruelius.
332 2871 361 2938 4)
381 2873 471 2938 rapuit
489 2870 589 2936 quidam
609 2871 691 2921 codex
710 2885 750 2936 ap.
771 2870 919 2922 llorellinrn.
956 2871 1019 2922 Dein
1039 2877 1178 2941 dampnarunt
1281 2879 1287 2886 ‘

159 3009 221 3060 bc.
242 3007 283 3059 ad.
304 3005 365 3060 Dav.
403 3007 432 3075 5)
448 2961 630 3077 ,qdddeomque
649 3009 690 3072 (ot
709 3023 724 3058 a
742 3023 763 3058 r.
784 3023 816 3058 m.
837 3010 974 3073 appensor.)
993 3007 1050 3073 llb,
1069 3027 1178 3079 cumque

159 3095 253 3146 omisso
272 3105 302 3148 ut
320 3095 350 3144 Α.
389 3093 449 3146 Turn
475 3097 608 3149 scelerum
632 3097 721 3164 aliqua
742 3095 901 3148 verecundia
920 3093 978 3146 add.
996 3103 1058 3147 vett.
1078 3094 1176 3148 Erasm.

159 3189 186 3234 et
204 3180 319 3244 ttordt,
345 3184 505 3236 verecundia
522 3183 669 3244 scelerata,
695 3191 770 3236 strar
789 3183 831 3234 vel
848 3182 938 3235 ineius
954 3185 1049 3250 fauces
1067 3185 1111 3236 vel
1128 3187 1176 3237 rte-

158 3329 247 3374 aertaa
266 3319 305 3385 A,
334 3269 410 3374 acida
433 3315 584 3386 faucea‘lib
608 3327 634 3370 et
652 3317 692 3368 llo
715 3326 868 3386 veteresque
894 3319 952 3370 edd.
989 3315 1037 3371 l’ro
1061 3325 1176 3392 detipuaat

160 3406 235 3459 liabd
256 3417 282 3459 et
302 3409 321 3458 Α
342 3407 462 3458 exhibent
481 3409 601 3476 dilipunt,
620 3407 681 3457 item
698 3404 755 3458 edd.
772 3413 885 3470 veteres,
905 3406 926 3456 si
945 3407 1055 3474 excipias
1068 3406 1173 3459 Dauen-

158 3495 295 3560 triensem,
325 3495 349 3547 iu
373 3510 421 3561 qua
448 3502 486 3546 cst
511 3496 625 3561 stipent,
654 3509 675 3542 e.
695 3490 792 3544 Erasm.
811 3491 907 3543 blorell.
927 3490 1012 3543 lialuz.
1037 3500 1063 3544 et
1083 3491 1173 3546 Goldb.

157 3577 236 3630 Voce.
257 3582 373 3649 delipunt
390 3589 414 3632 et
431 3583 474 3633 sic
492 3583 549 3632 illic
574 3580 599 3632 iu
619 3575 655 3629 Bb
680 3578 777 3673 desunt.
822 3577 852 3643 6)
869 3568 929 3645 lfuro
948 3576 979 3628 A.
1025 3579 1055 3644 7)
1073 3582 1175 3649 falsari

145 3699 205 3778 ΙΒι,
222 3677 334 3770 salerni¹
353 3702 401 3754 ttb.
439 3702 513 3767 Quod
533 3702 696 3771 subsequitur
712 3705 774 3756 indo
790 3701 864 3754 abest
881 3717 895 3752 a
915 3700 956 3753 W.
976 3700 1057 3753 Macd.
1079 3699 1130 3754 Bab
1149 3710 1175 3753 et

157 3789 196 3853 b,
223 3804 272 3842 nec
296 3805 346 3843 non
372 3790 404 3843 ab
428 3793 470 3844 ed.
491 3791 572 3855 Dav.;
598 3793 662 3844 inde
682 3791 790 3860 sampsi
815 3804 865 3840 orn.
892 3795 994 3838 caterae
1019 3786 1076 3838 add
1102 3795 1173 3852 vert,

157 3878 262 3945 benefici
278 3876 368 3930 scribit
386 3877 436 3933 ttb.
473 3878 596 3934 Alterum·
609 3879 673 3950 indo
694 3876 787 3944 primus
811 3875 909 3928 eddidit
928 3873 1055 3926 Erasmus.
1092 3873 1172 3927 Prae-
