2858 4688
754 381 819 452 208

278 553 307 611 et
331 547 410 630 quod
435 547 634 628 eleemosynis
658 563 717 608 non
742 552 851 607 tantum
874 542 1061 622 asemona,
1085 543 1139 606 sed
1163 563 1179 607 u
1202 545 1295 625 prima
1403 629 1404 632 Ἴ

278 669 374 725 morte
398 662 512 724 animae
537 661 709 738 liberemur,
734 665 839 749 gestae
863 665 892 720 et
915 657 1043 739 inpletae
1059 657 1105 718 rei
1120 658 1295 738 probatione

277 782 451 857 conpertum
483 784 537 838 est.
583 775 707 836 Tabitba
724 771 752 849 Ψ)
782 773 1006 856 operationibus
1035 772 1120 834 iustis
1151 779 1180 834 et
1211 772 1294 834 elee-

279 893 410 972 mosynis
434 890 622 972 praestandis
644 889 798 971 plurimum
824 888 919 950 dedito
944 905 1009 949 cum
1041 887 1184 950 infirmata
1215 892 1295 948 esset
1403 897 1404 934 1

278 1011 308 1066 et
332 1011 464 1081 mortua,
498 1002 687 1086 abcedaver
710 1003 847 1064 exanime
871 1001 974 1063 Petrus
1004 1002 1115 1062 accitus
1140 1006 1194 1062 est.
1241 999 1295 1072 Oui
1403 1059 1404 1068 ,

278 1137 344 1180 cum
367 1119 484 1200 inpigre
498 1113 525 1191 ³)
548 1135 602 1198 pro
626 1116 787 1197 apostotiea
804 1115 982 1178 humanitate
999 1115 1141 1195 venisset,
1164 1115 1295 1177 circum-

278 1238 426 1294 steterunt
449 1251 516 1294 eum
541 1231 649 1293 viduae
671 1229 777 1292 flentes
802 1236 831 1290 et
854 1237 1007 1311 rogantes,
1018 1228 1116 1309 ‘pallia
1137 1235 1167 1291 et
1183 1232 1295 1292 tunicas

279 1353 309 1408 et
332 1347 430 1408 omnia
453 1346 520 1424 iila,
552 1365 629 1426 quae
658 1346 741 1427 prius
773 1350 977 1425 sumpserant,
1008 1342 1177 1406 indumenta
1208 1355 1296 1407 mon-

279 1465 424 1538 strantes,
449 1477 506 1521 nec
529 1475 584 1538 pro
609 1457 746 1520 defuncta
772 1460 834 1520 suis
859 1459 1000 1536 vocibus,
1026 1455 1079 1518 sed
1102 1456 1196 1538 ipsius
1219 1475 1297 1538 ope·
1403 1469 1404 1554 t

279 1573 361 1635 ribus
385 1572 590 1652 deprecantes.
636 1571 734 1636 Sensit
757 1572 861 1634 Petrus
884 1573 1025 1653 inpetrari
1042 1568 1068 1643 ⁴)
1098 1589 1190 1652 posse
1218 1571 1296 1652 quod

280 1687 324 1749 sic
346 1687 518 1766 petebatur,
549 1703 606 1748 nec
629 1683 798 1747 deiuturum
821 1685 929 1748 Christi
955 1685 1096 1748 auxilium
1120 1685 1216 1748 viduis
1240 1684 1297 1746 de-

280 1799 488 1881 precantibus,
523 1798 642 1880 quendo
673 1807 753 1886 esset
783 1801 812 1860 in
836 1799 932 1862 viduis
955 1799 1020 1880 ipse
1044 1801 1178 1862 vestitus.
1226 1797 1307 1885 Cum

280 1913 379 1994 itaque
403 1913 530 1996 genibus
554 1913 642 1974 nixus
657 1910 682 1986 ⁵)
707 1919 823 1974 orasset
847 1920 878 1975 et
900 1912 1053 1975 viduorum
1077 1930 1112 1974 ao
1134 1930 1297 1992 pauperum

280 2027 406 2090 idonens
436 2027 599 2089 advocatus
627 2026 741 2108 legatas
772 2026 828 2086 sibi
856 2043 963 2106 preces
992 2023 1028 2087 ad
1053 2025 1202 2088 dominum
1223 2043 1298 2106 per·
1403 2069 1404 2082 2

279 2140 413 2221 tulisset,
443 2157 609 2204 conversus
633 2139 669 2202 ad
694 2157 821 2220 corpus,
847 2140 926 2220 quod
950 2141 979 2202 in
1004 2141 1101 2203 tabula
1124 2141 1181 2204 iam
1204 2141 1298 2203 lotum

280 2385 353 2437 Grev.
373 2393 398 2436 et
417 2383 530 2446 bioreii.;
551 2387 575 2435 in
596 2385 669 2436 Grev.
690 2393 773 2436 autem
791 2384 884 2435 vocula
904 2389 946 2439 ric
966 2384 1142 2434 minutioribus
1160 2385 1228 2451 typis
1249 2399 1297 2434 ex·

279 2489 366 2540 pressa
381 2481 436 2535 est;
455 2477 482 2524 in
503 2477 570 2525 cetis
589 2472 709 2523 exhibent
724 2471 763 2520 W.
778 2470 866 2522 Mabcd
886 2480 911 2521 et
930 2470 1058 2537 exemplar
1071 2471 1172 2534 Manut,
1194 2474 1298 2523 actibus

281 2563 305 2610 in
325 2559 346 2609 Α
366 2559 549 2610 mutilatumin
570 2569 654 2610 actua.
691 2557 761 2608 ldem
781 2558 847 2608 tiber
865 2559 930 2608 mete
949 2559 1035 2609 scribit
1053 2575 1105 2611 reon
1124 2561 1299 2626 eleemosynis

281 2655 396 2712 teritum,
418 2647 478 2695 item
498 2649 629 2712 sequendo
648 2661 693 2710 pro
713 2648 832 2700 serrendo
850 2645 902 2710 Bb,
925 2667 941 2698 u
959 2649 1075 2698 coenredo
1094 2661 1143 2696 om.
1163 2645 1193 2694 Α.
1233 2644 1299 2694 Dein

281 2730 429 2798 particulam
448 2743 481 2797 et,
501 2747 575 2800 quam
593 2740 651 2798 post
668 2736 715 2786 sert
731 2732 841 2784 inierunt
854 2732 929 2784 codd.
945 2733 1025 2784 btubd.
1040 2731 1078 2783 Bb
1092 2741 1118 2784 et
1134 2734 1175 2784 ed.
1189 2729 1299 2794 notet,

281 2819 360 2869 ceteri
385 2818 439 2870 libri
464 2821 552 2886 scripti
576 2828 601 2869 et
625 2820 688 2871 editi
714 2822 803 2870 merito
827 2822 952 2878 omitt-t.
991 2820 1048 2870 vin.
1069 2821 1100 2870 ad
1121 2820 1212 2869 domin.
1234 2825 1298 2867 oret.

281 2922 337 2972 cop.
357 2907 409 2957 VH,
435 2916 486 2958 not.
507 2907 530 2958 2.
569 2905 698 2958 StatimA
724 2907 871 2970 liberantur
894 2913 1012 2969 oninrne,
1039 2905 1095 2955 nan
1115 2909 1299 2958 liberarentur.

281 2994 311 3059 2)
329 2997 439 3048 sintita
463 3003 489 3044 et
514 2994 554 3044 bic
581 3003 606 3043 et
626 2993 689 3046 infra
710 2995 765 3058 Mb,
792 2997 919 3047 wtattrtn
938 2995 991 3057 Ma,
1018 2997 1111 3046 satira
1128 2992 1172 3042 Bu.
1193 2991 1257 3040 Med.
1278 2991 1301 3040 Α

281 3088 433 3148 veteresque
459 3081 516 3131 edd.
543 3097 563 3130 c.
585 3080 682 3132 Erasm.
721 3080 774 3132 vm.
796 3080 851 3130 Act.
872 3081 897 3143 9,
918 3079 958 3130 36.
998 3079 1054 3131 Mox
1080 3083 1191 3132 adsueta
1214 3081 1302 3131 dedita

282 3168 346 3234 (sic)
366 3165 412 3217 Bt.
451 3165 530 3217 Abest
554 3168 708 3234 praepositio
732 3175 791 3216 ante
817 3169 930 3220 cadaver·
952 3166 983 3216 ab
1003 3167 1032 3217 tt.
1070 3165 1117 3216 Pro
1137 3169 1243 3218 orcitus
1262 3162 1300 3213 bb

282 3253 359 3303 babet
376 3261 509 3306 evocatur.
548 3254 576 3316 3)
596 3258 692 3324 festine
705 3252 749 3302 Bb.
788 3253 903 3305 Proxime
922 3272 980 3308 mem
999 3271 1013 3304 a
1032 3269 1084 3304 sec.
1104 3270 1136 3304 m.
1156 3268 1232 3320 supra
1251 3251 1300 3302 ed-

282 3356 360 3407 ditum
385 3359 409 3406 in
437 3356 485 3407 Mb.
524 3356 585 3408 Tum
610 3325 694 3425 pa¹tea
719 3357 743 3421 (t
767 3373 781 3406 a
807 3373 825 3408 r.
853 3375 884 3409 m.
910 3359 1050 3425 superscr.)
1070 3357 1116 3422 W,
1143 3361 1234 3426 potere
1252 3356 1300 3407 bia.

283 3443 348 3494 Dein
368 3449 521 3514 sumpserat
534 3443 577 3493 tta.
616 3443 683 3494 idem
703 3444 767 3494 tiber
785 3455 989 3499 morrstrcsoent.
1028 3444 1116 3497 Statim
1136 3461 1169 3497 ne
1188 3460 1234 3510 pro
1254 3461 1303 3497 nec
1403 3443 1404 3456 ¹

283 3531 321 3596 Α,
351 3535 419 3598 ipsis
439 3548 485 3598 pro
504 3535 593 3598 ipsius
614 3531 657 3582 bb.
701 3532 728 3590 4]
748 3536 890 3602 impetrare
910 3532 962 3597 Rb,
989 3536 1120 3601 inpetrari
1138 3531 1195 3595 nb,
1221 3547 1303 3598 posse

210 3635 212 3640 ·
283 3623 421 3688 impetrari
433 3618 462 3668 Α.
495 3617 611 3668 Proxime
630 3622 724 3688 diffidit
741 3624 864 3689 fretorum
877 3620 925 3684 biri,
946 3623 1108 3686 defecturum
1123 3617 1152 3669 Α.
1191 3621 1219 3682 5)
1232 3623 1303 3688 fieus

283 3703 337 3768 sb,
365 3709 443 3758 nixis
463 3704 521 3755 Ver.
560 3705 624 3756 Ante
643 3709 786 3760 viduarum
805 3708 985 3758 coniunctionis
1004 3705 1151 3772 perticulam
1170 3704 1221 3757 om.
1242 3705 1303 3756 edd.

284 3793 375 3862 Rigalt.
396 3791 476 3845 Oxou.
497 3800 523 3843 et
543 3791 626 3844 betur.
665 3792 725 3844 Tum
751 3805 774 3846 et
796 3811 942 3864 pauperum
962 3792 1047 3844 scribit
1065 3793 1102 3856 Α,
1131 3806 1177 3857 pro
1199 3797 1305 3863 tepatoe
1403 3803 1404 3846 t

284 3884 428 3951 (detepatos
447 3888 486 3931 est
505 3881 528 3930 in
549 3881 588 3931 ed.
605 3880 682 3947 Dav.)
702 3879 738 3930 bb
759 3884 927 3943 commissas,
949 3881 1007 3930 dein
1021 3879 1059 3930 tte
1078 3883 1206 3933 addeum
1224 3883 1306 3931 item·

284 3981 333 4034 que
353 3965 410 4016 edd.
430 3974 491 4018 vett.
511 3984 532 4018 e.
555 3965 650 4018 Erarm.
672 3975 696 4018 et
717 3966 809 4032 Gran,
836 3973 917 4022 tatem
941 3965 1306 4034 peccatumsubrepsit
