2880 4696
606 489 667 556 14⁷

131 651 258 710 ¹terrena
290 649 427 733 contagia
456 648 588 712 devoluti
615 668 632 712 a
660 648 781 712 caelesti
811 643 917 733 vigore
944 656 1143 714 recesserunt.

131 759 174 824 llli
189 757 215 839 ⁴)
250 767 280 824 et
316 763 420 825 oculos
457 763 658 827 circumducto
690 766 815 848 nigrore
848 765 950 828 lucare
984 771 1014 826 et
1049 783 1144 848 genas

131 873 286 936 mendacio
309 875 428 937 ruboris
452 875 574 938 inlicere
597 881 627 938 et
648 882 762 938 mutare
789 876 961 940 adulterinis
992 878 1142 941 coloribus

133 989 245 1050 crinem
279 993 308 1050 et
340 1005 515 1072 expugnare
550 1007 666 1051 omnem
700 991 762 1052 oris
795 997 824 1053 et
858 993 959 1073 capitis
989 995 1144 1056 veritatem

101 1119 113 1160 a
133 1103 321 1186 corruptelae
343 1120 416 1166 suae
439 1104 653 1187 inpugnatione
676 1103 851 1168 docuerunt.

539 1345 541 1350 -
600 1302 678 1371 ΧΠ.

221 1443 258 1506 Et
279 1445 398 1526 quidem
419 1446 477 1509 isto
500 1447 531 1508 in
553 1446 620 1508 loco
638 1445 663 1523 ¹)
687 1463 743 1526 pro
766 1445 888 1525 timore,
916 1442 920 1528 l
945 1465 1033 1526 quem
1061 1449 1147 1512 nobis
1163 1457 1201 1500 ¹⁷8

135 1556 209 1620 fides
232 1561 377 1643 suggerit,
400 1579 455 1643 pro
479 1560 647 1640 dilectione,
672 1580 759 1642 quam
778 1560 945 1625 fraternitas
961 1563 1063 1644 exigit,
1087 1581 1149 1626 non

135 1671 269 1754 virgines
293 1681 405 1737 tantum
428 1683 478 1739 aut
500 1674 614 1754 viduas,
641 1675 696 1738 sed
720 1681 749 1737 et
770 1683 876 1758 nuptas
898 1682 969 1756 puto
994 1684 1023 1738 et
1046 1696 1149 1740 omnes

137 1788 259 1850 omniuo
290 1787 414 1854 seminas
445 1791 645 1854 admonendas
678 1790 757 1871 quod
789 1809 863 1873 opus
895 1791 943 1853 dei
974 1799 1004 1855 et
1037 1791 1150 1854 lactura

100 1901 201 1964 melus
233 1909 263 1963 et
294 1901 418 1982 plastica
452 1901 612 1964 adulterari
645 1901 725 1963 nullo
760 1903 849 1964 modo
882 1903 989 1964 debeat
1022 1901 1149 1964 adhibito

136 2015 213 2078 llavo
247 2014 350 2076 colore
378 2014 427 2075 vel
457 2016 545 2096 nigro
576 2014 700 2094 pulvere
730 2014 919 2094 velrubore
946 2021 995 2076 aut
1018 2015 1151 2094 quolibet

137 2128 268 2208 denique
289 2127 457 2189 liniamenta
479 2127 578 2187 nativa
601 2132 809 2206 corrumpente
834 2097 1049 2189 medicamine
1075 2127 1151 2190 Dicit

137 2237 267 2316 deus²):
291 2239 454 2302 Faciamus
475 2239 624 2302 bominem
643 2241 686 2302 ad
700 2241 863 2320 imaginem
878 2250 909 2302 et
922 2241 1151 2304 similitudinem
1263 2233 1267 2248 ¹

137 2455 220 2500 matur
244 2446 312 2516 vulg.
339 2446 417 2498 lectio
442 2447 514 2499 simili
536 2446 594 2500 loeo
619 2447 676 2500 libri
701 2448 733 2500 de
757 2447 881 2499 idolorum
905 2451 1017 2502 vanitate
1040 2467 1064 2518 p.
1090 2449 1148 2502 226.

137 2536 155 2588 l.
169 2535 281 2601 32-33,
300 2536 343 2588 ubi
359 2534 425 2590 baec
442 2545 511 2588 suut:
528 2546 620 2606 pastea
638 2554 714 2606 qnam
732 2541 845 2591 lamatio
863 2543 939 2594 vitiis
957 2541 1069 2592 inmcroi
1087 2545 1152 2591 rant

139 2632 164 2678 at
181 2644 198 2676 a
216 2627 314 2694 nigore
327 2628 435 2680 caeluni
458 2636 562 2680 tarano
588 2629 706 2697 contagia
728 2637 905 2682 recesserunt.
949 2627 978 2696 4)
996 2629 1056 2681 ltlic
1076 2626 1108 2678 W
1126 2634 1151 2678 at

138 2781 187 2834 lla.
224 2714 423 2838 llollnlbltlilaw
438 2783 558 2856 (nigrare
575 2784 607 2836 ab
625 2800 646 2836 r.
665 2801 698 2836 m.
716 2787 853 2852 superior.)
877 2785 931 2850 lle,
955 2788 1063 2855 nigrore
1084 2788 1149 2854 patt-

138 2945 213 2996 vcrio
232 2941 288 2994 cod.
308 2940 333 2995 S.
352 2941 436 2993 Albini
455 2957 494 3008 ap.
514 2938 610 3006 Belua,
628 2945 705 3012 nigro
725 2947 843 3012 refutare
854 2940 886 3006 Α,
903 2875 990 3012 moa,
1010 2959 1040 2996 rc
1057 2889 1152 3012 sagara

140 3033 231 3102 (palca
255 3040 281 3083 et
306 3048 320 3084 c
345 3045 360 3080 a
383 3046 404 3080 r.
423 3045 456 3082 m.
474 3045 550 3097 supra
575 3028 679 3096 additis)
703 3028 753 3082 nb.
796 3028 868 3082 Conl.
889 3026 950 3096 Cap.
969 3045 1023 3098 seq.
1048 3034 1152 3100 Fugare

138 3135 272 3186 perperam
291 3117 319 3170 B.
356 3115 434 3168 Paulo
458 3126 515 3185 post
533 3117 593 3170 Ver.
613 3117 690 3169 babet
715 3121 850 3172 adulteria.
888 3115 949 3167 Turn
973 3118 1041 3184 prius
1060 3128 1085 3172 ct
1102 3135 1151 3172 om.

138 3205 189 3257 ltlb.
225 3205 323 3257 Eadem
348 3203 471 3274 particula
497 3213 555 3257 anta
580 3209 637 3260 ario
655 3196 687 3256 'in
705 3204 728 3256 Α
747 3213 871 3274 expuncta
892 3213 938 3257 est.
975 3203 1041 3257 Dein
1058 3210 1152 3262 varia.

139 3302 216 3347 tatem
234 3295 354 3346 scribitur
371 3295 396 3346 io
415 3291 444 3344 B.
934 3350 938 3360 1

209 3379 261 3432 Xll.
292 3380 318 3443 l)
337 3384 390 3435 isto
407 3383 464 3434 loco
483 3377 524 3432 Fr.
543 3379 623 3433 Emm.
645 3381 667 3432 l.
703 3379 766 3432 Tum
784 3383 887 3452 etegerit
903 3379 944 3431 Mc
969 3390 993 3432 ot
1017 3385 1085 3436 acciit
1106 3398 1152 3450 pro

138 3469 225 3537 exigit
242 3465 283 3518 Fr.
302 3465 383 3520 Emm.
402 3466 426 3518 1.
462 3467 520 3519 llox
545 3472 642 3522 nablas
666 3465 702 3538 B,
730 3472 845 3538 nupcias
864 3467 893 3519 Α.
930 3466 996 3520 Dein
1021 3473 1152 3543 faeminas

138 3553 192 3617 Mb,
211 3555 326 3621 feminae
345 3557 450 3607 omnino
470 3558 655 3609 ammonendos
668 3553 726 3606 cdd.
738 3563 801 3607 vett.
815 3563 840 3606 et
852 3554 949 3620 nemo,
969 3561 1152 3610 anrmcnanrlaa

139 3641 217 3693 etiam
230 3639 249 3691 Β
264 3649 290 3692 et
302 3637 343 3690 lld
356 3656 378 3692 c.
392 3640 432 3692 ed.
445 3637 543 3692 Erasm.
583 3640 632 3693 Pro
650 3645 755 3711 factura
767 3640 806 3693 llo
823 3646 965 3710 foetorum,
982 3641 1023 3695 Fr.
1035 3641 1115 3696 Emm.
1129 3643 1152 3694 l.

137 3733 240 3800 settara.
278 3726 339 3778 Tum
357 3731 463 3798 plasma
480 3727 529 3778 duo
548 3728 604 3780 libri
621 3728 675 3780 ltal.
695 3727 769 3780 Grau.
780 3728 884 3781 =llorell.
903 3738 929 3782 et
949 3734 975 3782 in
993 3747 1042 3800 mg.
1055 3731 1151 3783 Erusm.

137 3817 198 3870 lllox
221 3819 327 3872 debcant
349 3815 396 3868 Mc.
421 3814 452 3867 Α.
503 3807 595 3868 Statim¹
617 3819 713 3872 adibito
737 3816 776 3870 W.
822 3815 869 3870 Pro
896 3817 1028 3872 cotareA
1055 3821 1152 3872 calore.

138 3905 241 3958 Deinde
257 3909 366 3976 nigrore
381 3907 502 3974 paloaria
521 3904 560 3958 W.
578 3904 626 3958 lla.
657 3904 723 3956 Ante
742 3908 852 3974 quolibet
870 3907 895 3958 in
908 3907 949 3958 blb
967 3923 988 3958 r.
1006 3922 1039 3957 m.
1058 3921 1151 3972 ruper-

138 3994 242 4061 scripsit
259 3997 320 4048 alio.
356 3993 386 4062 2)
407 3996 559 4050 candicat
575 3997 640 4052 dane
659 3991 689 4060 B,
707 3995 773 4047 uteie
790 3995 859 4047 onim
878 3998 943 4049 daus
961 3993 992 4046 A.
1027 3993 1084 4046 vio.
1097 3992 1151 4046 Ge·

138 4095 196 4134 neo.
215 4079 240 4146 1,
258 4079 301 4133 26.

798 4273 802 4282 .
872 4167 947 4236 10*
