2834 4686
759 407 826 476 228

278 567 386 634 'tiberis
410 567 483 633 aiter
513 561 596 652 prius
619 568 767 650 pascitur,
801 584 899 648 neque
929 567 959 632 in
990 571 1133 650 peenania
1163 577 1193 634 at
1225 569 1299 634 ierne

284 670 369 747 uibus
399 691 554 766 antequam
582 679 786 746 misericordia
810 682 976 766 cogitatur,
1008 688 1039 746 ut
1061 682 1138 746 dam·
1153 683 1184 745 in
1208 701 1299 766 opere

284 799 407 864 satauri
430 797 590 862 carnaliter
612 795 673 860 vita
689 795 906 876 iontemnitur,
928 797 1099 880 spiritaliter
1118 799 1213 860 anima
1231 817 1299 862 ser·

285 920 380 979 vetur.
425 912 524 976 Heiies
555 912 655 993 itaque
671 908 700 990 ⁴)
730 919 829 994 typum
853 911 962 976 Christi
991 930 1103 995 gerens
1132 911 1138 992 Ι
1164 917 1192 976 et
1223 912 1342 993 quotae

283 1029 334 1092 ilie
356 1044 412 1110 pro
435 1026 640 1108 misericordia
662 1027 758 1089 vicem
781 1027 907 1110 singuiis
931 1025 1037 1090 reddat
1059 1026 1223 1090 ostendens
1245 1044 1299 1088 rc-

283 1140 402 1224 spondit
426 1147 456 1204 et
478 1141 570 1204 dixit:
604 1141 692 1204 Haec
714 1137 793 1204 dicit
815 1141 977 1206 domimus:
1005 1141 1128 1204 Fideiio
1154 1142 1257 1224 serris
1274 1139 1298 1216 ⁵)

282 1275 346 1319 aaa
370 1255 492 1336 deficiet
513 1263 543 1317 et
565 1273 714 1335 capsaces
736 1255 798 1316 otei
821 1273 886 1318 aem
907 1253 1024 1317 mimact
1044 1273 1144 1334 aeque
1160 1255 1193 1316 ia
1208 1256 1297 1334 diem,

282 1389 344 1452 pao
376 1367 464 1432 dabit
497 1367 642 1430 dominae
676 1365 803 1429 imbrem
836 1385 932 1448 saper
964 1374 1086 1432 cemma.
1132 1367 1298 1432 Secundam

283 1483 401 1548 divinae
435 1480 654 1564 poliicitationis
688 1480 776 1544 iidem
811 1474 999 1563 multiplicata
1025 1488 1101 1544 sunt
1131 1481 1238 1544 viduae
1271 1487 1298 1544 et

283 1595 427 1660 cumulata
451 1612 528 1676 quae
550 1595 713 1676 praestitit,
747 1601 777 1657 et
800 1595 940 1675 operibus
956 1591 983 1669 ⁶)
1013 1595 1097 1658 iustis
1120 1613 1156 1657 ac
1178 1595 1298 1658 miseri·

283 1709 404 1773 cordiae
427 1709 540 1772 meritis
564 1715 722 1790 augmenta
746 1709 775 1771 et
798 1710 980 1773 incrementa
1003 1708 1188 1772 sumentibus
1213 1709 1298 1771 terris

283 1830 312 1886 et
344 1823 404 1886 olei
433 1809 505 1884 vasa
536 1822 672 1903 conpleta
702 1830 778 1885 sunt.
823 1823 888 1886 Nec
917 1821 983 1885 filiis
1014 1823 1133 1886 abstulit
1161 1829 1256 1886 mater
1273 1819 1298 1899 ⁷)

283 1936 363 2019 qaod
388 1936 490 2000 Heliae
514 1934 608 2014 dedit,
631 1935 688 1997 sed
711 1937 806 2018 tnagis
829 1936 952 1999 contulit
975 1927 1041 1999 titiis
1064 1937 1144 2016 quod
1169 1937 1300 2020 benigne
1395 2009 1396 2018 ἵ

208 2085 216 2098 κ
283 2059 313 2113 at
335 2051 385 2133 pia
408 2049 486 2113 iecit.
526 2049 563 2112 Et
586 2050 634 2112 iiia
658 2049 788 2112 nondum
801 2045 829 2125 ⁸)
852 2049 1003 2113 Christum
1023 2025 1146 2138 sciebat,
1170 2051 1299 2116 noudum

275 2172 441 2245 ¹praecepta
466 2164 531 2226 eius
555 2163 706 2241 audierat,
738 2181 798 2226 non
815 2169 913 2226 'eruoe
936 2171 966 2226 et
990 2166 1129 2246 passione
1153 2166 1219 2228 eius
1246 2183 1300 2226 re-

283 2280 399 2359 dempta
423 2279 519 2342 cibum
544 2284 573 2339 et
596 2286 697 2359 potum
722 2295 775 2358 pro
800 2278 946 2360 sanguine
969 2278 1172 2359 rependebat,
1206 2285 1239 2341 ut
1263 2296 1301 2341 ex

281 2392 339 2455 hoc
369 2393 509 2474 adpareat
540 2401 679 2473 quantum
709 2393 739 2454 in
762 2392 888 2454 eeclesia
912 2363 1017 2473 peccet
1040 2392 1089 2473 qui
1112 2411 1147 2455 sc
1171 2398 1201 2452 et
1225 2391 1301 2454 diios
1394 2469 1395 2472 Ἴ

281 2601 370 2668 inepta
389 2601 522 2653 demonico
539 2597 584 2647 bb.
621 2597 682 2648 Tum
701 2616 748 2651 aee
767 2603 795 2651 ia
811 2597 984 2670 penuriabic.
1020 2599 1100 2650 Recte
1120 2603 1147 2653 im
1165 2605 1302 2671 poenaria

281 2702 327 2754 pro
347 2686 442 2754 vulgat
460 2689 488 2738 io
505 2687 617 2755 panaria
636 2684 676 2735 Mb
696 2694 721 2736 et
740 2684 787 2736 Bra,
822 2685 895 2738 Cani.
915 2687 946 2738 ad
967 2702 1023 2753 cap.
1043 2685 1083 2737 tx.
1107 2695 1159 2739 not.
1183 2689 1206 2738 1.·
1242 2688 1302 2739 bion

280 2782 303 2826 et
329 2786 375 2839 pro
399 2782 443 2838 at,
471 2772 538 2839 quod
564 2773 588 2822 in
608 2771 647 2822 bic
670 2788 690 2824 r.
710 2789 741 2825 m.
763 2789 838 2839 supra
858 2773 971 2838 addidit,
998 2775 1085 2825 scribit
1104 2772 1143 2824 W.
1181 2773 1301 2826 Proxime

280 2864 471 2929 contempnitur
489 2859 586 2912 habent
605 2859 668 2912 bled.
687 2860 710 2911 Α
730 2869 753 2912 et
773 2859 903 2929 exemplar
921 2859 984 2913 Dav.
1023 2861 1121 2912 Deinde
1140 2865 1301 2926 spiritaliter

281 2962 329 2997 om.
351 2943 401 3012 iia,
420 2951 597 3016 spiritualiter
616 2947 675 3000 daut
694 2949 733 3000 bic
752 2957 778 3002 ct
796 2949 818 3000 Α
838 2967 860 3000 e.
881 2949 921 3012 ed.
942 2947 1017 3001 Grav.
1055 2950 1153 3000 Vitiosa
1172 2960 1301 3003 servatur

279 3034 316 3097 Α,
335 3045 489 3088 reservetur
506 3033 564 3085 edd.
584 3027 649 3087 vett'
665 3045 691 3088 et
709 3035 807 3087 Erasm.
847 3035 875 3100 d)
894 3039 977 3106 ἐρίων
995 3038 1035 3088 A:
1063 3035 1120 3102 bion
1138 3037 1257 3104 copulam
1278 3046 1301 3090 et

279 3137 317 3188 pr.
333 3136 364 3172 m.
384 3122 562 3188 superscripsit
580 3122 603 3172 in
617 3122 665 3186 bb,
684 3127 752 3192 petati
770 3134 793 3176 et
812 3113 859 3178 itte
878 3123 980 3175 exhibet
993 3124 1021 3176 Α.
1060 3123 1142 3175 Verba
1162 3128 1302 3194 respondit

278 3217 302 3260 et
321 3209 391 3259 discit
409 3222 457 3259 om.
478 3206 528 3272 Ba,
555 3211 618 3262 dieii
642 3208 707 3260 male
733 3210 850 3261 scribitur
875 3211 898 3261 in
918 3210 958 3262 W.
993 3210 1048 3261 vid.
1068 3210 1091 3262 3.
1106 3209 1170 3277 ch.
1191 3211 1233 3275 17,
1255 3211 1299 3262 14.

187 3325 191 3330 v
279 3293 307 3356 5)
328 3295 429 3362 Hydria
445 3298 550 3364 famaue
570 3293 618 3345 bib.
653 3293 715 3346 Tum
741 3315 791 3350 aaa
815 3300 866 3350 olei
885 3295 932 3348 bib.
971 3297 1019 3349 Pro
1044 3301 1177 3351 miraaeetar
1202 3297 1300 3350 ever.

278 3378 318 3431 W.
339 3378 376 3429 bia
396 3387 422 3430 et
441 3378 476 3432 aa
496 3381 555 3432 dedi
573 3384 672 3434 mieauet
698 3380 799 3448 (Graec.
819 3380 980 3448 iimrcriea)
1006 3383 1080 3452 idque
1105 3383 1225 3452 probavit
1250 3387 1300 3436 iam

279 3465 414 3534 Rigattius3
433 3467 535 3534 ponitur
556 3469 622 3517 euim
642 3471 760 3522 minuere
779 3471 855 3522 etiam
874 3486 950 3521 sensu
970 3479 1069 3522 neutro.
1106 3470 1148 3522 Sic
1165 3474 1302 3526 mimamate

277 3564 355 3607 aeetae
378 3555 456 3604 utitur
475 3556 577 3608 Caesar
602 3553 634 3603 de
659 3554 717 3605 beli.
737 3552 799 3608 Gaii.
819 3554 861 3607 iii.
884 3556 923 3608 12.
960 3559 1150 3612 Diaaiaueatur
1167 3557 1247 3609 babet
1267 3558 1301 3624 Α,

276 3641 458 3694 imminuentur
471 3637 517 3690 Bb.
554 3639 653 3692 Deinde
671 3645 789 3711 ptaaiam
808 3657 854 3710 pro
873 3645 981 3697 imbrem
993 3639 1043 3694 bib.
1080 3645 1111 3711 6)
1128 3648 1158 3698 ia
1170 3647 1302 3715 aperibat

277 3738 324 3790 pro
342 3735 365 3778 et
383 3728 507 3791 operitae
526 3722 571 3776 Rb.
609 3723 669 3777 Tam
696 3737 721 3780 et
745 3743 791 3793 pro
816 3746 848 3782 ae
867 3729 896 3780 Α,
935 3729 1015 3781 Deest
1035 3747 1102 3784 uara
1122 3732 1147 3782 ia
1167 3728 1219 3796 aa,
1248 3749 1301 3786 re-

214 3877 217 3880 ·
275 3814 346 3880 pieta
363 3821 427 3864 eant
445 3811 532 3864 scribit
545 3811 593 3866 biit.
630 3815 660 3882 t)
672 3814 731 3866 Voc
744 3827 830 3870 mater
842 3816 937 3868 excidit
949 3822 973 3869 iu
988 3815 1049 3882 aas,
1068 3825 1121 3868 tum
1132 3819 1235 3886 fiiiiein
1252 3816 1302 3870 Rb.
1393 3847 1394 3850 ¹

276 3897 306 3963 8)
324 3901 439 3952 amacium
458 3902 675 3973 miracimmum
694 3907 853 3957 otmundum
872 3921 950 3959 eruce
963 3903 1012 3956 bib.
1043 3903 1159 3956 Proxime
1171 3907 1305 3972 patiebat

277 3982 318 4034 ed.
340 3982 403 4038 Dav.
440 3983 521 4038 Verba
548 4005 584 4041 ere
606 3991 655 4042 boe
680 3999 806 4059 appareat
829 4001 953 4061 quamtum
978 3995 1006 4046 ia
1031 4005 1080 4044 om.
1105 3991 1142 4057 A3
1170 3995 1305 4062 adpareat
