<?xml version="1.0" encoding="UTF-8"?>
<!DOCTYPE html PUBLIC "-//W3C//DTD XHTML 1.0 Transitional//EN"
    "http://www.w3.org/TR/xhtml1/DTD/xhtml1-transitional.dtd">
<html xmlns="http://www.w3.org/1999/xhtml" xml:lang="en" lang="en">
 <head>
  <title>
</title>
<meta http-equiv="Content-Type" content="text/html;charset=utf-8" />
  <meta name='ocr-system' content='tesseract 3.04.00' />
  <meta name='ocr-capabilities' content='ocr_page ocr_carea ocr_par ocr_line ocrx_word'/>
</head>
<body>
  <div class='ocr_page' id='page_1' title='image "./libridecatholic00krabgoog_0289.png"; bbox 0 0 2904 4692; ppageno 0'>
   <div class='ocr_carea' id='block_1_1' title="bbox 763 365 804 428">
    <p class='ocr_par' dir='ltr' id='par_1_1' title="bbox 763 365 804 428">
     <span class='ocr_line' id='line_1_1' title="bbox 763 365 804 428; baseline 0 0"><span class='ocrx_word' id='word_1_1' title='bbox 763 365 804 428; x_wconf 77' lang='lat'><strong>74</strong></span> 
     </span>
    </p>
   </div>
   <div class='ocr_carea' id='block_1_2' title="bbox 254 517 1297 1171">
    <p class='ocr_par' dir='ltr' id='par_1_2' title="bbox 254 517 1399 1171">
     <span class='ocr_line' id='line_1_2' title="bbox 275 517 1294 604; baseline -0.009 -12"><span class='ocrx_word' id='word_1_2' title='bbox 275 534 393 592; x_wconf 72' lang='lat' dir='ltr'><strong>monent</strong></span> <span class='ocrx_word' id='word_1_3' title='bbox 426 545 442 590; x_wconf 86' lang='lat' dir='ltr'><strong>e</strong></span> <span class='ocrx_word' id='word_1_4' title='bbox 472 525 570 590; x_wconf 76' lang='lat' dir='ltr'><strong>solute</strong></span> <span class='ocrx_word' id='word_1_5' title='bbox 601 524 799 590; x_wconf 70' lang='lat' dir='ltr'><strong>comminante</strong></span> <span class='ocrx_word' id='word_1_6' title='bbox 831 522 896 604; x_wconf 87' lang='lat' dir='ltr'><strong>ipso</strong></span> <span class='ocrx_word' id='word_1_7' title='bbox 930 527 960 584; x_wconf 89' lang='lat' dir='ltr'><strong>et</strong></span> <span class='ocrx_word' id='word_1_8' title='bbox 991 520 1109 585; x_wconf 82' lang='lat' dir='ltr'><strong>dicente</strong></span> <span class='ocrx_word' id='word_1_9' title='bbox 1134 517 1191 596; x_wconf 58' lang='grc' dir='ltr'><strong>ὀμ</strong></span> <span class='ocrx_word' id='word_1_10' title='bbox 1224 521 1294 584; x_wconf 73' lang='lat' dir='ltr'><strong>Nini</strong></span> 
     </span>
     <span class='ocr_line' id='line_1_3' title="bbox 277 633 1295 724; baseline -0.01 -18"><span class='ocrx_word' id='word_1_11' title='bbox 277 639 407 706; x_wconf 71' lang='lat' dir='ltr'><strong>ederitis</strong></span> <span class='ocrx_word' id='word_1_12' title='bbox 428 651 558 700; x_wconf 75' lang='lat' dir='ltr'><strong>emnem</strong></span> <span class='ocrx_word' id='word_1_13' title='bbox 578 635 614 711; x_wconf 83' lang='lat'><strong>¹¹)</strong></span> <span class='ocrx_word' id='word_1_14' title='bbox 643 637 703 717; x_wconf 73' lang='lat' dir='ltr'><strong>filii</strong></span> <span class='ocrx_word' id='word_1_15' title='bbox 734 634 870 724; x_wconf 75' lang='lat' dir='ltr'><strong>dominio</strong></span> <span class='ocrx_word' id='word_1_16' title='bbox 896 643 926 696; x_wconf 87' lang='lat' dir='ltr'><strong>et</strong></span> <span class='ocrx_word' id='word_1_17' title='bbox 948 633 1097 698; x_wconf 71' lang='lat' dir='ltr'><strong>biberitis·</strong></span> <span class='ocrx_word' id='word_1_18' title='bbox 1111 634 1295 715; x_wconf 77' lang='lat' dir='ltr'><strong>roeyuirtem</strong></span> 
     </span>
     <span class='ocr_line' id='line_1_4' title="bbox 276 746 1294 830; baseline -0.008 -14"><span class='ocrx_word' id='word_1_19' title='bbox 276 755 356 830; x_wconf 75' lang='lat' dir='ltr'><strong>elus,</strong></span> <span class='ocrx_word' id='word_1_20' title='bbox 381 771 443 814; x_wconf 87' lang='lat' dir='ltr'><strong>non</strong></span> <span class='ocrx_word' id='word_1_21' title='bbox 466 749 619 814; x_wconf 71' lang='lat' dir='ltr'><strong><em>habebitis</em></strong></span> <span class='ocrx_word' id='word_1_22' title='bbox 642 749 736 812; x_wconf 83' lang='lat' dir='ltr'><strong>eitum</strong></span> <span class='ocrx_word' id='word_1_23' title='bbox 760 749 798 809; x_wconf 83' lang='lat' dir='ltr'><strong>in.</strong></span> <span class='ocrx_word' id='word_1_24' title='bbox 815 746 913 812; x_wconf 75' lang='lat' dir='ltr'><strong>eodo.</strong></span> <span class='ocrx_word' id='word_1_25' title='bbox 952 747 989 810; x_wconf 92' lang='lat' dir='ltr'><strong>Et</strong></span> <span class='ocrx_word' id='word_1_26' title='bbox 1012 747 1082 810; x_wconf 88' lang='lat' dir='ltr'><strong>ideo</strong></span> <span class='ocrx_word' id='word_1_27' title='bbox 1104 765 1211 828; x_wconf 83' lang='lat' dir='ltr'><strong>penem</strong></span> <span class='ocrx_word' id='word_1_28' title='bbox 1234 765 1294 808; x_wconf 60' lang='lat' dir='ltr'><strong>no*-</strong></span> 
     </span>
     <span class='ocr_line' id='line_1_5' title="bbox 276 859 1296 943; baseline -0.009 -13"><span class='ocrx_word' id='word_1_29' title='bbox 276 873 380 943; x_wconf 84' lang='lat' dir='ltr'><strong>etrum‚</strong></span> <span class='ocrx_word' id='word_1_30' title='bbox 402 865 431 928; x_wconf 92' lang='lat' dir='ltr'><strong>id</strong></span> <span class='ocrx_word' id='word_1_31' title='bbox 456 869 510 941; x_wconf 87' lang='lat' dir='ltr'><strong>est,</strong></span> <span class='ocrx_word' id='word_1_32' title='bbox 534 862 680 926; x_wconf 80' lang='lat' dir='ltr'><strong>Christum</strong></span> <span class='ocrx_word' id='word_1_33' title='bbox 704 861 768 924; x_wconf 84' lang='lat' dir='ltr'><strong>deri</strong></span> <span class='ocrx_word' id='word_1_34' title='bbox 791 861 878 922; x_wconf 89' lang='lat' dir='ltr'><strong>nobis</strong></span> <span class='ocrx_word' id='word_1_35' title='bbox 901 859 1011 924; x_wconf 88' lang='lat' dir='ltr'><strong>ootidie</strong></span> <span class='ocrx_word' id='word_1_36' title='bbox 1034 861 1171 940; x_wconf 82' lang='lat' dir='ltr'><strong>uelimus,</strong></span> <span class='ocrx_word' id='word_1_37' title='bbox 1194 859 1296 938; x_wconf 87' lang='lat' dir='ltr'><strong>utqui</strong></span> 
     </span>
     <span class='ocr_line' id='line_1_6' title="bbox 277 972 1297 1051; baseline -0.009 -9"><span class='ocrx_word' id='word_1_38' title='bbox 277 980 306 1042; x_wconf 92' lang='lat' dir='ltr'><strong>in</strong></span> <span class='ocrx_word' id='word_1_39' title='bbox 331 977 447 1040; x_wconf 83' lang='lat' dir='ltr'><strong>Christo</strong></span> <span class='ocrx_word' id='word_1_40' title='bbox 471 995 623 1041; x_wconf 85' lang='lat' dir='ltr'><strong>menemus</strong></span> <span class='ocrx_word' id='word_1_41' title='bbox 646 983 676 1038; x_wconf 89' lang='lat' dir='ltr'><strong>et</strong></span> <span class='ocrx_word' id='word_1_42' title='bbox 700 975 843 1051; x_wconf 84' lang='lat' dir='ltr'><strong>vivimus,</strong></span> <span class='ocrx_word' id='word_1_43' title='bbox 875 993 890 1035; x_wconf 82' lang='lat' dir='ltr'><strong>a</strong></span> <span class='ocrx_word' id='word_1_44' title='bbox 915 972 1155 1037; x_wconf 77' lang='lat' dir='ltr'><strong>sanctificatione</strong></span> <span class='ocrx_word' id='word_1_45' title='bbox 1172 975 1236 1038; x_wconf 84' lang='lat' dir='ltr'><strong>eius</strong></span> <span class='ocrx_word' id='word_1_46' title='bbox 1267 978 1297 1036; x_wconf 88' lang='lat' dir='ltr'><strong>et</strong></span> 
     </span>
     <span class='ocr_line' id='line_1_7' title="bbox 254 1086 756 1171; baseline -0.01 -17"><span class='ocrx_word' id='word_1_47' title='bbox 254 1107 407 1171; x_wconf 76' lang='lat' dir='ltr'><strong>¹corpore</strong></span> <span class='ocrx_word' id='word_1_48' title='bbox 424 1086 466 1166; x_wconf 61' lang='grc' dir='ltr'><strong>Ν)</strong></span> <span class='ocrx_word' id='word_1_49' title='bbox 489 1108 549 1154; x_wconf 91' lang='lat' dir='ltr'><strong>non</strong></span> <span class='ocrx_word' id='word_1_50' title='bbox 573 1089 756 1152; x_wconf 73' lang='lat' dir='ltr'><strong>recedamus.</strong></span> 
     </span>
    </p>
   </div>
   <div class='ocr_carea' id='block_1_3' title="bbox 749 1243 860 1355">
    <p class='ocr_par' dir='ltr' id='par_1_3' title="bbox 749 1243 860 1355">
     <span class='ocr_line' id='line_1_8' title="bbox 749 1243 860 1355; baseline -0.009 0"><span class='ocrx_word' id='word_1_51' title='bbox 749 1283 822 1355; x_wconf 87' lang='lat' dir='ltr'><strong>nr.</strong></span> <span class='ocrx_word' id='word_1_52' title='bbox 847 1243 860 1339; x_wconf 73' lang='lat' dir='ltr'><em>f</em></span> 
     </span>
    </p>
   </div>
   <div class='ocr_carea' id='block_1_4' title="bbox 278 1423 1298 1843">
    <p class='ocr_par' dir='ltr' id='par_1_4' title="bbox 278 1423 1298 1843">
     <span class='ocr_line' id='line_1_9' title="bbox 364 1423 1297 1506; baseline -0.004 -14"><span class='ocrx_word' id='word_1_53' title='bbox 364 1431 466 1496; x_wconf 88' lang='lat' dir='ltr'><strong>Potest</strong></span> <span class='ocrx_word' id='word_1_54' title='bbox 487 1447 560 1492; x_wconf 89' lang='lat' dir='ltr'><strong>vero</strong></span> <span class='ocrx_word' id='word_1_55' title='bbox 586 1433 616 1489; x_wconf 90' lang='lat' dir='ltr'><strong>et</strong></span> <span class='ocrx_word' id='word_1_56' title='bbox 640 1426 683 1488; x_wconf 86' lang='lat' dir='ltr'><strong>siu</strong></span> <span class='ocrx_word' id='word_1_57' title='bbox 705 1425 850 1506; x_wconf 74' lang='lat' dir='ltr'><strong>intellegi,</strong></span> <span class='ocrx_word' id='word_1_58' title='bbox 874 1432 905 1488; x_wconf 90' lang='lat' dir='ltr'><strong>ut</strong></span> <span class='ocrx_word' id='word_1_59' title='bbox 926 1423 978 1504; x_wconf 85' lang='lat' dir='ltr'><strong>qui</strong></span> <span class='ocrx_word' id='word_1_60' title='bbox 999 1424 1122 1488; x_wconf 77' lang='lat' dir='ltr'><strong>soeculo</strong></span> <span class='ocrx_word' id='word_1_61' title='bbox 1139 1426 1297 1490; x_wconf 83' lang='lat' dir='ltr'><strong>renuntie-</strong></span> 
     </span>
     <span class='ocr_line' id='line_1_10' title="bbox 278 1537 1298 1620; baseline -0.005 -13"><span class='ocrx_word' id='word_1_62' title='bbox 278 1546 374 1616; x_wconf 84' lang='lat' dir='ltr'><strong>uimus</strong></span> <span class='ocrx_word' id='word_1_63' title='bbox 397 1549 427 1605; x_wconf 90' lang='lat' dir='ltr'><strong>et</strong></span> <span class='ocrx_word' id='word_1_64' title='bbox 451 1542 566 1604; x_wconf 81' lang='lat' dir='ltr'><strong>divitias</strong></span> <span class='ocrx_word' id='word_1_65' title='bbox 591 1540 655 1603; x_wconf 87' lang='lat' dir='ltr'><strong>eius</strong></span> <span class='ocrx_word' id='word_1_66' title='bbox 680 1544 709 1600; x_wconf 86' lang='lat' dir='ltr'><strong>et</strong></span> <span class='ocrx_word' id='word_1_67' title='bbox 730 1556 854 1620; x_wconf 83' lang='lat' dir='ltr'><strong>pompus</strong></span> <span class='ocrx_word' id='word_1_68' title='bbox 884 1537 942 1602; x_wconf 87' lang='lat' dir='ltr'><strong>lide</strong></span> <span class='ocrx_word' id='word_1_69' title='bbox 971 1539 1085 1619; x_wconf 79' lang='lat' dir='ltr'><strong>gratiae</strong></span> <span class='ocrx_word' id='word_1_70' title='bbox 1115 1538 1254 1618; x_wconf 82' lang='lat' dir='ltr'><strong>spiritalis</strong></span> <span class='ocrx_word' id='word_1_71' title='bbox 1272 1538 1298 1615; x_wconf 90' lang='lat'><strong>¹)</strong></span> 
     </span>
     <span class='ocr_line' id='line_1_11' title="bbox 278 1648 1297 1735; baseline -0.005 -16"><span class='ocrx_word' id='word_1_72' title='bbox 278 1648 450 1735; x_wconf 80' lang='lat' dir='ltr'><strong>abiecimus,</strong></span> <span class='ocrx_word' id='word_1_73' title='bbox 474 1655 571 1716; x_wconf 89' lang='lat' dir='ltr'><strong>eibum</strong></span> <span class='ocrx_word' id='word_1_74' title='bbox 595 1653 680 1714; x_wconf 89' lang='lat' dir='ltr'><strong>nobis</strong></span> <span class='ocrx_word' id='word_1_75' title='bbox 704 1658 813 1713; x_wconf 82' lang='lat' dir='ltr'><strong>tentum</strong></span> <span class='ocrx_word' id='word_1_76' title='bbox 837 1657 973 1731; x_wconf 86' lang='lat' dir='ltr'><strong>petemus</strong></span> <span class='ocrx_word' id='word_1_77' title='bbox 990 1658 1019 1712; x_wconf 89' lang='lat' dir='ltr'><strong>et</strong></span> <span class='ocrx_word' id='word_1_78' title='bbox 1034 1651 1154 1728; x_wconf 87' lang='lat' dir='ltr'><strong>victum,</strong></span> <span class='ocrx_word' id='word_1_79' title='bbox 1178 1651 1297 1734; x_wconf 77' lang='lat' dir='ltr'><strong>quando</strong></span> 
     </span>
     <span class='ocr_line' id='line_1_12' title="bbox 279 1761 1297 1843; baseline -0.007 -12"><span class='ocrx_word' id='word_1_80' title='bbox 279 1771 405 1832; x_wconf 82' lang='lat' dir='ltr'><strong>instruat</strong></span> <span class='ocrx_word' id='word_1_81' title='bbox 428 1769 565 1831; x_wconf 88' lang='lat' dir='ltr'><strong>dominus</strong></span> <span class='ocrx_word' id='word_1_82' title='bbox 589 1775 619 1830; x_wconf 88' lang='lat' dir='ltr'><strong>et</strong></span> <span class='ocrx_word' id='word_1_83' title='bbox 642 1765 776 1842; x_wconf 78' lang='lat' dir='ltr'><strong>dieet²):</strong></span> <span class='ocrx_word' id='word_1_84' title='bbox 802 1766 863 1843; x_wconf 81' lang='lat' dir='ltr'><strong>Oui</strong></span> <span class='ocrx_word' id='word_1_85' title='bbox 886 1787 949 1830; x_wconf 82' lang='lat' dir='ltr'><strong>nou</strong></span> <span class='ocrx_word' id='word_1_86' title='bbox 972 1761 1175 1840; x_wconf 76' lang='lat' dir='ltr'><strong>renuntiet⁸)</strong></span> <span class='ocrx_word' id='word_1_87' title='bbox 1197 1766 1297 1827; x_wconf 83' lang='lat' dir='ltr'><strong>omni-</strong></span> 
     </span>
    </p>
   </div>
   <div class='ocr_carea' id='block_1_5' title="bbox 278 1904 486 1913">
    <p class='ocr_par' dir='ltr' id='par_1_5' title="bbox 278 1904 486 1913">
     <span class='ocr_line' id='line_1_13' title="bbox 278 1904 486 1913; baseline -0.014 0"><span class='ocrx_word' id='word_1_88' title='bbox 278 1904 486 1913; x_wconf 68' lang='lat'><em>--—-———-—--</em></span> 
     </span>
    </p>
   </div>
   <div class='ocr_carea' id='block_1_6' title="bbox 278 1961 1298 2121">
    <p class='ocr_par' dir='ltr' id='par_1_6' title="bbox 278 1961 1298 2121">
     <span class='ocr_line' id='line_1_14' title="bbox 278 1961 1298 2040; baseline -0.006 -22"><span class='ocrx_word' id='word_1_89' title='bbox 278 1969 392 2019; x_wconf 74' lang='lat' dir='ltr'><strong>eontinet</strong></span> <span class='ocrx_word' id='word_1_90' title='bbox 410 1973 435 2015; x_wconf 89' lang='lat' dir='ltr'><strong>et</strong></span> <span class='ocrx_word' id='word_1_91' title='bbox 455 1965 521 2032; x_wconf 87' lang='lat' dir='ltr'><strong>quod</strong></span> <span class='ocrx_word' id='word_1_92' title='bbox 541 1965 739 2032; x_wconf 79' lang='lat' dir='ltr'><strong>superscriptum</strong></span> <span class='ocrx_word' id='word_1_93' title='bbox 758 1963 866 2015; x_wconf 80' lang='lat' dir='ltr'><strong>hebetur</strong></span> <span class='ocrx_word' id='word_1_94' title='bbox 881 1983 903 2031; x_wconf 85' lang='lat' dir='ltr'><strong>e,</strong></span> <span class='ocrx_word' id='word_1_95' title='bbox 924 1964 956 2015; x_wconf 81' lang='lat' dir='ltr'><strong>ab</strong></span> <span class='ocrx_word' id='word_1_96' title='bbox 969 1965 1000 2017; x_wconf 84' lang='lat' dir='ltr'><strong>el.</strong></span> <span class='ocrx_word' id='word_1_97' title='bbox 1015 1981 1047 2015; x_wconf 90' lang='lat' dir='ltr'><strong>m.</strong></span> <span class='ocrx_word' id='word_1_98' title='bbox 1061 1965 1175 2040; x_wconf 77' lang='lat' dir='ltr'><strong>insertis)</strong></span> <span class='ocrx_word' id='word_1_99' title='bbox 1193 1964 1236 2014; x_wconf 83' lang='lat' dir='ltr'><strong>det</strong></span> <span class='ocrx_word' id='word_1_100' title='bbox 1249 1961 1298 2026; x_wconf 82' lang='lat' dir='ltr'><strong>tob,</strong></span> 
     </span>
     <span class='ocr_line' id='line_1_15' title="bbox 279 2051 1298 2121; baseline -0.006 -15"><span class='ocrx_word' id='word_1_101' title='bbox 279 2055 417 2106; x_wconf 78' lang='lat' dir='ltr'><strong>eletirmnr</strong></span> <span class='ocrx_word' id='word_1_102' title='bbox 436 2052 470 2105; x_wconf 87' lang='lat' dir='ltr'><strong>Be</strong></span> <span class='ocrx_word' id='word_1_103' title='bbox 489 2061 516 2104; x_wconf 83' lang='lat' dir='ltr'><strong>et</strong></span> <span class='ocrx_word' id='word_1_104' title='bbox 531 2052 603 2116; x_wconf 86' lang='lat' dir='ltr'><strong>llcd;</strong></span> <span class='ocrx_word' id='word_1_105' title='bbox 621 2055 742 2116; x_wconf 69' lang='lat' dir='ltr'><strong>adaldrud,</strong></span> <span class='ocrx_word' id='word_1_106' title='bbox 760 2061 900 2121; x_wconf 74' lang='lat' dir='ltr'><strong>reperetur</strong></span> <span class='ocrx_word' id='word_1_107' title='bbox 914 2051 954 2102; x_wconf 87' lang='lat' dir='ltr'><strong>ttt.</strong></span> <span class='ocrx_word' id='word_1_108' title='bbox 992 2051 1070 2104; x_wconf 83' lang='lat' dir='ltr'><strong>Verb.</strong></span> <span class='ocrx_word' id='word_1_109' title='bbox 1088 2061 1230 2120; x_wconf 55' lang='grc' dir='ltr'><strong>κερασίων</strong></span> <span class='ocrx_word' id='word_1_110' title='bbox 1248 2064 1298 2102; x_wconf 88' lang='lat' dir='ltr'><strong>om.</strong></span> 
     </span>
    </p>
   </div>
   <div class='ocr_carea' id='block_1_7' title="bbox 281 2135 1298 2209">
    <p class='ocr_par' dir='ltr' id='par_1_7' title="bbox 281 2135 1298 2209">
     <span class='ocr_line' id='line_1_16' title="bbox 281 2135 1298 2209; baseline 0 -21"><span class='ocrx_word' id='word_1_111' title='bbox 281 2135 326 2188; x_wconf 85' lang='lat' dir='ltr'><strong>Be.</strong></span> <span class='ocrx_word' id='word_1_112' title='bbox 364 2137 425 2190; x_wconf 85' lang='lat' dir='ltr'><strong>Tum</strong></span> <span class='ocrx_word' id='word_1_113' title='bbox 446 2139 507 2192; x_wconf 87' lang='lat' dir='ltr'><strong>editi</strong></span> <span class='ocrx_word' id='word_1_114' title='bbox 524 2143 618 2207; x_wconf 73' lang='lat' dir='ltr'><strong>prorui</strong></span> <span class='ocrx_word' id='word_1_115' title='bbox 635 2149 776 2194; x_wconf 80' lang='lat' dir='ltr'><strong>remaneat.</strong></span> <span class='ocrx_word' id='word_1_116' title='bbox 814 2139 865 2192; x_wconf 86' lang='lat' dir='ltr'><strong>Sed</strong></span> <span class='ocrx_word' id='word_1_117' title='bbox 883 2139 1067 2209; x_wconf 71' lang='lat' dir='ltr'><strong>montebert</strong></span> <span class='ocrx_word' id='word_1_118' title='bbox 1085 2153 1099 2188; x_wconf 85' lang='lat' dir='ltr'><strong>e</strong></span> <span class='ocrx_word' id='word_1_119' title='bbox 1118 2137 1170 2190; x_wconf 76' lang='lat' dir='ltr'><strong>ttat</strong></span> <span class='ocrx_word' id='word_1_120' title='bbox 1191 2145 1216 2188; x_wconf 85' lang='lat' dir='ltr'><strong>et</strong></span> <span class='ocrx_word' id='word_1_121' title='bbox 1235 2135 1298 2200; x_wconf 72' lang='lat' dir='ltr'><strong>eat,</strong></span> 
     </span>
    </p>
   </div>
   <div class='ocr_carea' id='block_1_8' title="bbox 281 2222 1300 2294">
    <p class='ocr_par' dir='ltr' id='par_1_8' title="bbox 281 2222 1300 2294">
     <span class='ocr_line' id='line_1_17' title="bbox 281 2222 1300 2294; baseline -0.002 -19"><span class='ocrx_word' id='word_1_122' title='bbox 281 2227 341 2276; x_wconf 88' lang='lat' dir='ltr'><strong>item</strong></span> <span class='ocrx_word' id='word_1_123' title='bbox 363 2241 377 2275; x_wconf 83' lang='lat' dir='ltr'><strong>e</strong></span> <span class='ocrx_word' id='word_1_124' title='bbox 396 2225 484 2278; x_wconf 78' lang='lat' dir='ltr'><strong>Letinli</strong></span> <span class='ocrx_word' id='word_1_125' title='bbox 509 2227 584 2278; x_wconf 81' lang='lat' dir='ltr'><strong>libris.</strong></span> <span class='ocrx_word' id='word_1_126' title='bbox 622 2226 823 2294; x_wconf 75' lang='lat' dir='ltr'><strong>superscriptum</strong></span> <span class='ocrx_word' id='word_1_127' title='bbox 848 2226 941 2294; x_wconf 75' lang='lat' dir='ltr'><strong>legitur</strong></span> <span class='ocrx_word' id='word_1_128' title='bbox 965 2243 979 2277; x_wconf 84' lang='lat' dir='ltr'><strong>e</strong></span> <span class='ocrx_word' id='word_1_129' title='bbox 1003 2242 1022 2278; x_wconf 89' lang='lat' dir='ltr'><strong>r.</strong></span> <span class='ocrx_word' id='word_1_130' title='bbox 1044 2241 1074 2276; x_wconf 90' lang='lat' dir='ltr'><strong>m.</strong></span> <span class='ocrx_word' id='word_1_131' title='bbox 1096 2227 1119 2276; x_wconf 84' lang='lat' dir='ltr'><strong>ie</strong></span> <span class='ocrx_word' id='word_1_132' title='bbox 1139 2225 1186 2274; x_wconf 77' lang='lat' dir='ltr'><strong>tte.</strong></span> <span class='ocrx_word' id='word_1_133' title='bbox 1224 2222 1300 2274; x_wconf 73' lang='lat' dir='ltr'><strong>Culus</strong></span> 
     </span>
    </p>
   </div>
   <div class='ocr_carea' id='block_1_9' title="bbox 281 2313 1300 2430">
    <p class='ocr_par' dir='ltr' id='par_1_9' title="bbox 281 2313 1300 2430">
     <span class='ocr_line' id='line_1_18' title="bbox 281 2313 1300 2430; baseline 0 -16"><span class='ocrx_word' id='word_1_134' title='bbox 281 2363 339 2416; x_wconf 87' lang='lat' dir='ltr'><strong>loco</strong></span> <span class='ocrx_word' id='word_1_135' title='bbox 359 2362 395 2416; x_wconf 88' lang='lat' dir='ltr'><strong>Be</strong></span> <span class='ocrx_word' id='word_1_136' title='bbox 414 2375 439 2416; x_wconf 84' lang='lat' dir='ltr'><strong>el</strong></span> <span class='ocrx_word' id='word_1_137' title='bbox 457 2357 512 2418; x_wconf 81' lang='lat' dir='ltr'><strong>Med</strong></span> <span class='ocrx_word' id='word_1_138' title='bbox 532 2366 651 2418; x_wconf 78' lang='lat' dir='ltr'><strong>exhibent</strong></span> <span class='ocrx_word' id='word_1_139' title='bbox 670 2371 791 2430; x_wconf 75' lang='lat' dir='ltr'><strong>alienor,</strong></span> <span class='ocrx_word' id='word_1_140' title='bbox 820 2365 846 2415; x_wconf 89' lang='lat' dir='ltr'><strong>in</strong></span> <span class='ocrx_word' id='word_1_141' title='bbox 866 2363 905 2416; x_wconf 82' lang='lat' dir='ltr'><strong>mh</strong></span> <span class='ocrx_word' id='word_1_142' title='bbox 926 2373 964 2415; x_wconf 81' lang='lat' dir='ltr'><strong>est</strong></span> <span class='ocrx_word' id='word_1_143' title='bbox 983 2313 1112 2418; x_wconf 47' lang='lat' dir='ltr'><strong>‘terimi&#39;</strong></span> <span class='ocrx_word' id='word_1_144' title='bbox 1133 2369 1168 2428; x_wconf 75' lang='lat' dir='ltr'><strong>(et</strong></span> <span class='ocrx_word' id='word_1_145' title='bbox 1195 2365 1300 2415; x_wconf 71' lang='lat' dir='ltr'><strong>alienus</strong></span> 
     </span>
    </p>
   </div>
   <div class='ocr_carea' id='block_1_10' title="bbox 283 2457 1300 2569">
    <p class='ocr_par' dir='ltr' id='par_1_10' title="bbox 283 2457 1300 2569">
     <span class='ocr_line' id='line_1_19' title="bbox 283 2457 1300 2569; baseline -0.005 -14"><span class='ocrx_word' id='word_1_146' title='bbox 283 2521 358 2569; x_wconf 82' lang='lat' dir='ltr'><strong>eupre</strong></span> <span class='ocrx_word' id='word_1_147' title='bbox 379 2505 447 2555; x_wconf 75' lang='lat' dir='ltr'><strong>addit</strong></span> <span class='ocrx_word' id='word_1_148' title='bbox 475 2503 506 2553; x_wconf 80' lang='lat' dir='ltr'><strong>ab</strong></span> <span class='ocrx_word' id='word_1_149' title='bbox 526 2503 556 2554; x_wconf 84' lang='lat' dir='ltr'><strong>el.</strong></span> <span class='ocrx_word' id='word_1_150' title='bbox 577 2505 633 2566; x_wconf 77' lang='lat' dir='ltr'><strong>m),</strong></span> <span class='ocrx_word' id='word_1_151' title='bbox 653 2504 677 2553; x_wconf 89' lang='lat' dir='ltr'><strong>in</strong></span> <span class='ocrx_word' id='word_1_152' title='bbox 692 2501 712 2554; x_wconf 90' lang='lat' dir='ltr'>C</span> <span class='ocrx_word' id='word_1_153' title='bbox 729 2457 864 2556; x_wconf 41' lang='lat'><strong>3:222}</strong></span> <span class='ocrx_word' id='word_1_154' title='bbox 882 2506 917 2566; x_wconf 79' lang='lat' dir='ltr'><strong>(v.</strong></span> <span class='ocrx_word' id='word_1_155' title='bbox 936 2512 1080 2555; x_wconf 67' lang='lat' dir='ltr'><strong>extraneus</strong></span> <span class='ocrx_word' id='word_1_156' title='bbox 1100 2516 1113 2551; x_wconf 81' lang='lat' dir='ltr'><strong>a</strong></span> <span class='ocrx_word' id='word_1_157' title='bbox 1133 2518 1153 2551; x_wconf 85' lang='lat' dir='ltr'><strong>e.</strong></span> <span class='ocrx_word' id='word_1_158' title='bbox 1174 2516 1204 2568; x_wconf 82' lang='lat' dir='ltr'><strong>nr.</strong></span> <span class='ocrx_word' id='word_1_159' title='bbox 1225 2514 1300 2568; x_wconf 78' lang='lat' dir='ltr'><strong>supro</strong></span> 
     </span>
    </p>
   </div>
   <div class='ocr_carea' id='block_1_11' title="bbox 282 2584 1303 3263">
    <p class='ocr_par' dir='ltr' id='par_1_11' title="bbox 282 2584 1303 3263">
     <span class='ocr_line' id='line_1_20' title="bbox 283 2584 1300 2655; baseline -0.002 -16"><span class='ocrx_word' id='word_1_160' title='bbox 283 2590 404 2645; x_wconf 71' lang='lat' dir='ltr'><strong>adiecto).</strong></span> <span class='ocrx_word' id='word_1_161' title='bbox 444 2590 582 2639; x_wconf 78' lang='lat' dir='ltr'><strong>Aduotuvit</strong></span> <span class='ocrx_word' id='word_1_162' title='bbox 601 2591 750 2642; x_wconf 68' lang='lat' dir='ltr'><strong>nutemus.-</strong></span> <span class='ocrx_word' id='word_1_163' title='bbox 771 2584 849 2652; x_wconf 83' lang='lat' dir='ltr'><strong>„Cnm</strong></span> <span class='ocrx_word' id='word_1_164' title='bbox 868 2602 959 2638; x_wconf 82' lang='lat' dir='ltr'><strong>vocem</strong></span> <span class='ocrx_word' id='word_1_165' title='bbox 977 2590 1074 2655; x_wconf 78' lang='lat' dir='ltr'><strong>procul</strong></span> <span class='ocrx_word' id='word_1_166' title='bbox 1092 2589 1115 2638; x_wconf 89' lang='lat' dir='ltr'><strong>in</strong></span> <span class='ocrx_word' id='word_1_167' title='bbox 1137 2587 1205 2638; x_wconf 92' lang='lat' dir='ltr'><strong>nu&#39;llo</strong></span> <span class='ocrx_word' id='word_1_168' title='bbox 1224 2596 1300 2637; x_wconf 88' lang='lat' dir='ltr'><strong>vete-</strong></span> 
     </span>
     <span class='ocr_line' id='line_1_21' title="bbox 282 2672 1301 2741; baseline -0.003 -13"><span class='ocrx_word' id='word_1_169' title='bbox 282 2692 337 2728; x_wconf 91' lang='lat' dir='ltr'><strong>rum</strong></span> <span class='ocrx_word' id='word_1_170' title='bbox 357 2676 477 2727; x_wconf 88' lang='lat' dir='ltr'><strong>librorum</strong></span> <span class='ocrx_word' id='word_1_171' title='bbox 497 2682 638 2725; x_wconf 79' lang='lat' dir='ltr'><strong>nostrorum</strong></span> <span class='ocrx_word' id='word_1_172' title='bbox 658 2675 806 2741; x_wconf 79' lang='lat' dir='ltr'><strong>repererim,</strong></span> <span class='ocrx_word' id='word_1_173' title='bbox 826 2689 900 2741; x_wconf 83' lang='lat' dir='ltr'><strong>quem</strong></span> <span class='ocrx_word' id='word_1_174' title='bbox 921 2675 944 2724; x_wconf 90' lang='lat' dir='ltr'><strong>in</strong></span> <span class='ocrx_word' id='word_1_175' title='bbox 964 2672 1077 2738; x_wconf 83' lang='lat' dir='ltr'><strong>Tlrnuno,</strong></span> <span class='ocrx_word' id='word_1_176' title='bbox 1097 2673 1146 2724; x_wconf 85' lang='lat' dir='ltr'><strong>hue</strong></span> <span class='ocrx_word' id='word_1_177' title='bbox 1165 2674 1239 2726; x_wconf 84' lang='lat' dir='ltr'><strong>uelde</strong></span> <span class='ocrx_word' id='word_1_178' title='bbox 1260 2675 1301 2725; x_wconf 88' lang='lat' dir='ltr'><strong>iu-</strong></span> 
     </span>
     <span class='ocr_line' id='line_1_22' title="bbox 283 2756 1301 2829; baseline -0.001 -16"><span class='ocrx_word' id='word_1_179' title='bbox 283 2763 406 2813; x_wconf 85' lang='lat' dir='ltr'><strong>elinebnm</strong></span> <span class='ocrx_word' id='word_1_180' title='bbox 427 2771 454 2812; x_wconf 90' lang='lat' dir='ltr'><strong>ut</strong></span> <span class='ocrx_word' id='word_1_181' title='bbox 474 2761 594 2813; x_wconf 82' lang='lat' dir='ltr'><strong>delerem.</strong></span> <span class='ocrx_word' id='word_1_182' title='bbox 627 2760 722 2812; x_wconf 80' lang='lat' dir='ltr'><strong>Sensus</strong></span> <span class='ocrx_word' id='word_1_183' title='bbox 741 2756 805 2812; x_wconf 81' lang='lat' dir='ltr'><strong>enirn</strong></span> <span class='ocrx_word' id='word_1_184' title='bbox 827 2762 926 2828; x_wconf 81' lang='lat' dir='ltr'><strong>integer</strong></span> <span class='ocrx_word' id='word_1_185' title='bbox 946 2769 984 2812; x_wconf 82' lang='lat' dir='ltr'><strong>est</strong></span> <span class='ocrx_word' id='word_1_186' title='bbox 1001 2759 1096 2829; x_wconf 81' lang='lat' dir='ltr'><strong>absque</strong></span> <span class='ocrx_word' id='word_1_187' title='bbox 1110 2759 1153 2812; x_wconf 89' lang='lat' dir='ltr'><strong>illo</strong></span> <span class='ocrx_word' id='word_1_188' title='bbox 1166 2759 1301 2812; x_wconf 69' lang='lat' dir='ltr'><strong>vocabulo.</strong></span> 
     </span>
     <span class='ocr_line' id='line_1_23' title="bbox 284 2846 1302 2917; baseline -0.002 -19"><span class='ocrx_word' id='word_1_189' title='bbox 284 2847 372 2899; x_wconf 81' lang='lat' dir='ltr'><strong>Codex</strong></span> <span class='ocrx_word' id='word_1_190' title='bbox 384 2847 564 2916; x_wconf 81' lang='lat' dir='ltr'><strong>Seguierienue</strong></span> <span class='ocrx_word' id='word_1_191' title='bbox 583 2863 628 2916; x_wconf 88' lang='lat' dir='ltr'><strong>pro</strong></span> <span class='ocrx_word' id='word_1_192' title='bbox 646 2852 742 2917; x_wconf 66' lang='lat' dir='ltr'><strong>mucul</strong></span> <span class='ocrx_word' id='word_1_193' title='bbox 759 2847 835 2899; x_wconf 85' lang='lat' dir='ltr'><strong>hebet</strong></span> <span class='ocrx_word' id='word_1_194' title='bbox 854 2859 1009 2910; x_wconf 59' lang='lat' dir='ltr'><strong>eaetrnneue</strong></span> <span class='ocrx_word' id='word_1_195' title='bbox 1028 2861 1092 2897; x_wconf 76' lang='lat' dir='ltr'><strong>unus</strong></span> <span class='ocrx_word' id='word_1_196' title='bbox 1111 2863 1182 2897; x_wconf 76' lang='lat' dir='ltr'><strong>meus</strong></span> <span class='ocrx_word' id='word_1_197' title='bbox 1200 2855 1226 2896; x_wconf 90' lang='lat' dir='ltr'><strong>et</strong></span> <span class='ocrx_word' id='word_1_198' title='bbox 1239 2846 1302 2896; x_wconf 82' lang='lat' dir='ltr'><strong>eliue</strong></span> 
     </span>
     <span class='ocr_line' id='line_1_24' title="bbox 282 2931 1302 3004; baseline -0.002 -20"><span class='ocrx_word' id='word_1_199' title='bbox 282 2943 357 2985; x_wconf 77' lang='lat' dir='ltr'><strong>vetur</strong></span> <span class='ocrx_word' id='word_1_200' title='bbox 383 2945 525 3004; x_wconf 70' lang='lat' dir='ltr'><strong>depuratum</strong></span> <span class='ocrx_word' id='word_1_201' title='bbox 551 2946 668 2999; x_wconf 74' lang='lat' dir='ltr'><strong>enarrent,</strong></span> <span class='ocrx_word' id='word_1_202' title='bbox 698 2944 756 2987; x_wconf 85' lang='lat' dir='ltr'><strong>octo</strong></span> <span class='ocrx_word' id='word_1_203' title='bbox 786 2935 840 2986; x_wconf 90' lang='lat' dir='ltr'><strong>libri</strong></span> <span class='ocrx_word' id='word_1_204' title='bbox 867 2937 946 2985; x_wconf 81' lang='lat' dir='ltr'><strong>nostri</strong></span> <span class='ocrx_word' id='word_1_205' title='bbox 973 2943 999 2984; x_wconf 92' lang='lat' dir='ltr'><strong>et</strong></span> <span class='ocrx_word' id='word_1_206' title='bbox 1027 2941 1143 3002; x_wconf 80' lang='lat' dir='ltr'><strong>quattuor</strong></span> <span class='ocrx_word' id='word_1_207' title='bbox 1169 2931 1302 3001; x_wconf 77' lang='lat' dir='ltr'><strong>Anglieeui</strong></span> 
     </span>
     <span class='ocr_line' id='line_1_25' title="bbox 283 3018 1301 3094; baseline -0.004 -22"><span class='ocrx_word' id='word_1_208' title='bbox 283 3025 396 3074; x_wconf 77' lang='lat' dir='ltr'><strong>elienor·</strong></span> <span class='ocrx_word' id='word_1_209' title='bbox 434 3018 504 3082; x_wconf 72' lang='lat' dir='ltr'><strong>Qudne</strong></span> <span class='ocrx_word' id='word_1_210' title='bbox 531 3023 616 3072; x_wconf 80' lang='lat' dir='ltr'><strong>variae</strong></span> <span class='ocrx_word' id='word_1_211' title='bbox 644 3021 765 3094; x_wconf 72' lang='lat' dir='ltr'><strong>lectiones</strong></span> <span class='ocrx_word' id='word_1_212' title='bbox 793 3021 952 3073; x_wconf 82' lang='lat' dir='ltr'><strong>introductae</strong></span> <span class='ocrx_word' id='word_1_213' title='bbox 981 3020 1098 3070; x_wconf 86' lang='lat' dir='ltr'><strong>videntur</strong></span> <span class='ocrx_word' id='word_1_214' title='bbox 1124 3019 1156 3070; x_wconf 83' lang='lat' dir='ltr'><strong>eb</strong></span> <span class='ocrx_word' id='word_1_215' title='bbox 1184 3021 1230 3083; x_wconf 77' lang='lat' dir='ltr'><strong>iis,</strong></span> <span class='ocrx_word' id='word_1_216' title='bbox 1258 3019 1301 3088; x_wconf 89' lang='lat' dir='ltr'><strong>qui</strong></span> 
     </span>
     <span class='ocr_line' id='line_1_26' title="bbox 283 3106 1300 3171; baseline 0 -15"><span class='ocrx_word' id='word_1_217' title='bbox 283 3106 432 3158; x_wconf 78' lang='lat' dir='ltr'><strong>nesciebant</strong></span> <span class='ocrx_word' id='word_1_218' title='bbox 459 3122 548 3158; x_wconf 87' lang='lat' dir='ltr'><strong>vocem</strong></span> <span class='ocrx_word' id='word_1_219' title='bbox 576 3118 708 3160; x_wconf 83' lang='lat' dir='ltr'><strong>rerneneut</strong></span> <span class='ocrx_word' id='word_1_220' title='bbox 734 3107 813 3158; x_wconf 82' lang='lat' dir='ltr'><strong>eolenr</strong></span> <span class='ocrx_word' id='word_1_221' title='bbox 842 3107 997 3158; x_wconf 84' lang='lat' dir='ltr'><strong>constituere</strong></span> <span class='ocrx_word' id='word_1_222' title='bbox 1026 3106 1145 3171; x_wconf 87' lang='lat' dir='ltr'><strong>optimum</strong></span> <span class='ocrx_word' id='word_1_223' title='bbox 1172 3106 1300 3156; x_wconf 72' lang='lat' dir='ltr'><strong>sensum-⁰</strong></span> 
     </span>
     <span class='ocr_line' id='line_1_27' title="bbox 284 3189 1303 3263; baseline -0.003 -21"><span class='ocrx_word' id='word_1_224' title='bbox 284 3192 355 3256; x_wconf 79' lang='lat' dir='ltr'><strong>Quae</strong></span> <span class='ocrx_word' id='word_1_225' title='bbox 377 3208 432 3244; x_wconf 87' lang='lat' dir='ltr'><strong>cum</strong></span> <span class='ocrx_word' id='word_1_226' title='bbox 452 3193 485 3243; x_wconf 87' lang='lat' dir='ltr'><strong>ite</strong></span> <span class='ocrx_word' id='word_1_227' title='bbox 506 3195 571 3256; x_wconf 84' lang='lat' dir='ltr'><strong>sint,</strong></span> <span class='ocrx_word' id='word_1_228' title='bbox 600 3209 649 3262; x_wconf 73' lang='lat' dir='ltr'><strong>ego</strong></span> <span class='ocrx_word' id='word_1_229' title='bbox 673 3196 768 3263; x_wconf 73' lang='lat' dir='ltr'><strong>procul</strong></span> <span class='ocrx_word' id='word_1_230' title='bbox 786 3192 921 3242; x_wconf 86' lang='lat' dir='ltr'><strong>delendum</strong></span> <span class='ocrx_word' id='word_1_231' title='bbox 941 3192 1036 3242; x_wconf 84' lang='lat' dir='ltr'><strong>censui.</strong></span> <span class='ocrx_word' id='word_1_232' title='bbox 1084 3189 1303 3257; x_wconf 65' lang='lat' dir='ltr'><strong>imminente</strong></span> 
     </span>
    </p>
   </div>
   <div class='ocr_carea' id='block_1_12' title="bbox 263 3289 1312 3986">
    <p class='ocr_par' dir='ltr' id='par_1_12' title="bbox 263 3289 1312 3986">
     <span class='ocr_line' id='line_1_28' title="bbox 283 3289 1312 3384; baseline 0 -20"><span class='ocrx_word' id='word_1_233' title='bbox 283 3311 319 3364; x_wconf 71' lang='lat' dir='ltr'><strong>ec</strong></span> <span class='ocrx_word' id='word_1_234' title='bbox 338 3321 364 3364; x_wconf 75' lang='lat' dir='ltr'><strong>n</strong></span> <span class='ocrx_word' id='word_1_235' title='bbox 383 3312 447 3366; x_wconf 67' lang='lat' dir='ltr'><strong>uod.</strong></span> <span class='ocrx_word' id='word_1_236' title='bbox 484 3314 538 3365; x_wconf 82' lang='lat' dir='ltr'><strong>uu.</strong></span> <span class='ocrx_word' id='word_1_237' title='bbox 559 3315 645 3366; x_wconf 64' lang='lat' dir='ltr'><strong>rotun.</strong></span> <span class='ocrx_word' id='word_1_238' title='bbox 665 3313 751 3377; x_wconf 74' lang='grc'>6,-54.</span> <span class='ocrx_word' id='word_1_239' title='bbox 792 3313 836 3381; x_wconf 84' lang='lat' dir='ltr'><strong>tl)</strong></span> <span class='ocrx_word' id='word_1_240' title='bbox 852 3331 948 3384; x_wconf 58' lang='lat' dir='ltr'><strong>„nen</strong></span> <span class='ocrx_word' id='word_1_241' title='bbox 966 3310 994 3364; x_wconf 87' lang='lat' dir='ltr'><strong>c.</strong></span> <span class='ocrx_word' id='word_1_242' title='bbox 1032 3311 1101 3364; x_wconf 73' lang='lat' dir='ltr'><strong>uem</strong></span> <span class='ocrx_word' id='word_1_243' title='bbox 1119 3317 1166 3383; x_wconf 69' lang='grc' dir='ltr'><strong>με,</strong></span> <span class='ocrx_word' id='word_1_244' title='bbox 1187 3312 1228 3364; x_wconf 82' lang='lat' dir='ltr'><strong>nu</strong></span> <span class='ocrx_word' id='word_1_245' title='bbox 1245 3289 1312 3382; x_wconf 69' lang='lat' dir='ltr'><strong>ud..</strong></span> 
     </span>
     <span class='ocr_line' id='line_1_29' title="bbox 283 3393 1300 3470; baseline 0.004 -20"><span class='ocrx_word' id='word_1_246' title='bbox 283 3399 339 3450; x_wconf 84' lang='lat' dir='ltr'><strong>Mox</strong></span> <span class='ocrx_word' id='word_1_247' title='bbox 358 3401 418 3452; x_wconf 76' lang='lat' dir='ltr'><strong>elue</strong></span> <span class='ocrx_word' id='word_1_248' title='bbox 435 3404 592 3470; x_wconf 72' lang='lat' dir='ltr'><strong>renquinem</strong></span> <span class='ocrx_word' id='word_1_249' title='bbox 612 3399 646 3450; x_wconf 84' lang='lat' dir='ltr'><strong>Bc</strong></span> <span class='ocrx_word' id='word_1_250' title='bbox 666 3408 691 3451; x_wconf 81' lang='lat' dir='ltr'><strong>et</strong></span> <span class='ocrx_word' id='word_1_251' title='bbox 710 3399 774 3451; x_wconf 82' lang='lat' dir='ltr'><strong>llud.</strong></span> <span class='ocrx_word' id='word_1_252' title='bbox 812 3398 872 3451; x_wconf 85' lang='lat' dir='ltr'><strong>Tum</strong></span> <span class='ocrx_word' id='word_1_253' title='bbox 897 3402 998 3453; x_wconf 73' lang='lat' dir='ltr'><strong>deletio</strong></span> <span class='ocrx_word' id='word_1_254' title='bbox 1019 3395 1046 3450; x_wconf 83' lang='lat' dir='ltr'><strong>C.</strong></span> <span class='ocrx_word' id='word_1_255' title='bbox 1094 3393 1139 3466; x_wconf 79' lang='lat'><strong>12)</strong></span> <span class='ocrx_word' id='word_1_256' title='bbox 1157 3419 1174 3452; x_wconf 84' lang='lat' dir='ltr'><strong>u</strong></span> <span class='ocrx_word' id='word_1_257' title='bbox 1191 3404 1300 3454; x_wconf 81' lang='lat' dir='ltr'><strong>euneti-</strong></span> 
     </span>
     <span class='ocr_line' id='line_1_30' title="bbox 281 3477 1301 3556; baseline -0.002 -16"><span class='ocrx_word' id='word_1_258' title='bbox 281 3490 401 3556; x_wconf 71' lang='lat' dir='ltr'><strong>ficelione</strong></span> <span class='ocrx_word' id='word_1_259' title='bbox 419 3496 443 3540; x_wconf 84' lang='lat' dir='ltr'><strong>et</strong></span> <span class='ocrx_word' id='word_1_260' title='bbox 462 3503 572 3555; x_wconf 77' lang='lat' dir='ltr'><strong>corpere</strong></span> <span class='ocrx_word' id='word_1_261' title='bbox 589 3489 649 3540; x_wconf 78' lang='lat' dir='ltr'><strong>uiue</strong></span> <span class='ocrx_word' id='word_1_262' title='bbox 668 3485 706 3537; x_wconf 88' lang='lat' dir='ltr'><strong>W.</strong></span> <span class='ocrx_word' id='word_1_263' title='bbox 728 3485 765 3536; x_wconf 80' lang='lat' dir='ltr'><strong>lle</strong></span> <span class='ocrx_word' id='word_1_264' title='bbox 786 3493 812 3537; x_wconf 87' lang='lat' dir='ltr'><strong>et</strong></span> <span class='ocrx_word' id='word_1_265' title='bbox 831 3477 864 3537; x_wconf 74' lang='lat' dir='ltr'><strong>tta</strong></span> <span class='ocrx_word' id='word_1_266' title='bbox 884 3487 1061 3554; x_wconf 80' lang='lat' dir='ltr'><strong>editiouerque</strong></span> <span class='ocrx_word' id='word_1_267' title='bbox 1079 3495 1141 3538; x_wconf 77' lang='lat' dir='ltr'><strong>vett.</strong></span> <span class='ocrx_word' id='word_1_268' title='bbox 1162 3503 1184 3536; x_wconf 87' lang='lat' dir='ltr'><strong>c.</strong></span> <span class='ocrx_word' id='word_1_269' title='bbox 1201 3485 1301 3538; x_wconf 78' lang='lat' dir='ltr'><strong>Ereem.</strong></span> 
     </span>
     <span class='ocr_line' id='line_1_31' title="bbox 283 3569 1281 3640; baseline 0 -18"><span class='ocrx_word' id='word_1_270' title='bbox 283 3581 308 3623; x_wconf 91' lang='lat' dir='ltr'><strong>et</strong></span> <span class='ocrx_word' id='word_1_271' title='bbox 327 3572 412 3635; x_wconf 63' lang='lat' dir='ltr'><strong>Grau„</strong></span> <span class='ocrx_word' id='word_1_272' title='bbox 436 3591 451 3624; x_wconf 86' lang='lat' dir='ltr'><strong>e</strong></span> <span class='ocrx_word' id='word_1_273' title='bbox 470 3573 676 3638; x_wconf 74' lang='lat' dir='ltr'><strong>sanctificatione</strong></span> <span class='ocrx_word' id='word_1_274' title='bbox 693 3581 717 3623; x_wconf 85' lang='lat' dir='ltr'><strong>et</strong></span> <span class='ocrx_word' id='word_1_275' title='bbox 734 3575 793 3626; x_wconf 75' lang='lat' dir='ltr'><strong>eius</strong></span> <span class='ocrx_word' id='word_1_276' title='bbox 813 3589 921 3640; x_wconf 81' lang='lat' dir='ltr'><strong>corpore</strong></span> <span class='ocrx_word' id='word_1_277' title='bbox 940 3571 1036 3622; x_wconf 78' lang='lat' dir='ltr'><strong>llorell.</strong></span> <span class='ocrx_word' id='word_1_278' title='bbox 1076 3573 1146 3626; x_wconf 72' lang='lat' dir='ltr'><strong>lilius</strong></span> <span class='ocrx_word' id='word_1_279' title='bbox 1165 3588 1214 3625; x_wconf 89' lang='lat' dir='ltr'><strong>om.</strong></span> <span class='ocrx_word' id='word_1_280' title='bbox 1235 3569 1281 3624; x_wconf 87' lang='lat' dir='ltr'><strong>Bb.</strong></span> 
     </span>
     <span class='ocr_line' id='line_1_32' title="bbox 352 3655 1302 3730; baseline 0 -18"><span class='ocrx_word' id='word_1_281' title='bbox 352 3659 414 3712; x_wconf 80' lang='lat' dir='ltr'><strong>xlv,</strong></span> <span class='ocrx_word' id='word_1_282' title='bbox 455 3657 482 3724; x_wconf 83' lang='lat' dir='ltr'><strong>l)</strong></span> <span class='ocrx_word' id='word_1_283' title='bbox 499 3661 559 3725; x_wconf 77' lang='lat' dir='ltr'><strong>fidei</strong></span> <span class='ocrx_word' id='word_1_284' title='bbox 576 3662 678 3727; x_wconf 58' lang='lat' dir='ltr'><strong>gratiae</strong></span> <span class='ocrx_word' id='word_1_285' title='bbox 695 3661 829 3728; x_wconf 72' lang='lat' dir='ltr'><strong>spiritatis</strong></span> <span class='ocrx_word' id='word_1_286' title='bbox 849 3658 889 3708; x_wconf 85' lang='lat' dir='ltr'><strong>llb</strong></span> <span class='ocrx_word' id='word_1_287' title='bbox 908 3674 929 3709; x_wconf 89' lang='lat' dir='ltr'><strong>c.</strong></span> <span class='ocrx_word' id='word_1_288' title='bbox 950 3659 992 3709; x_wconf 91' lang='lat' dir='ltr'><strong>ed.</strong></span> <span class='ocrx_word' id='word_1_289' title='bbox 1011 3655 1117 3722; x_wconf 64' lang='lat' dir='ltr'><strong>Remo,</strong></span> <span class='ocrx_word' id='word_1_290' title='bbox 1134 3661 1195 3727; x_wconf 73' lang='lat' dir='ltr'><strong>fidei</strong></span> <span class='ocrx_word' id='word_1_291' title='bbox 1211 3661 1302 3730; x_wconf 64' lang='lat' dir='ltr'><strong>uratia</strong></span> 
     </span>
     <span class='ocr_line' id='line_1_33' title="bbox 282 3740 1299 3816; baseline 0.001 -16"><span class='ocrx_word' id='word_1_292' title='bbox 282 3750 350 3816; x_wconf 74' lang='lat' dir='ltr'><strong>epir.</strong></span> <span class='ocrx_word' id='word_1_293' title='bbox 370 3746 428 3798; x_wconf 89' lang='lat' dir='ltr'><strong>edd.</strong></span> <span class='ocrx_word' id='word_1_294' title='bbox 444 3740 488 3796; x_wconf 86' lang='lat' dir='ltr'><strong>SP.</strong></span> <span class='ocrx_word' id='word_1_295' title='bbox 503 3744 594 3797; x_wconf 89' lang='lat' dir='ltr'><strong>Venet.</strong></span> <span class='ocrx_word' id='word_1_296' title='bbox 609 3743 671 3797; x_wconf 80' lang='lat' dir='ltr'><strong>Dru.</strong></span> <span class='ocrx_word' id='word_1_297' title='bbox 687 3745 768 3798; x_wconf 89' lang='lat' dir='ltr'><strong>lluun.</strong></span> <span class='ocrx_word' id='word_1_298' title='bbox 783 3755 809 3798; x_wconf 87' lang='lat' dir='ltr'><strong>et</strong></span> <span class='ocrx_word' id='word_1_299' title='bbox 821 3745 916 3798; x_wconf 79' lang='lat' dir='ltr'><strong>Eresm.</strong></span> <span class='ocrx_word' id='word_1_300' title='bbox 953 3745 979 3798; x_wconf 87' lang='lat' dir='ltr'><strong>lu</strong></span> <span class='ocrx_word' id='word_1_301' title='bbox 998 3763 1071 3816; x_wconf 70' lang='lat' dir='ltr'><strong>seqq.</strong></span> <span class='ocrx_word' id='word_1_302' title='bbox 1091 3757 1115 3801; x_wconf 84' lang='lat' dir='ltr'><strong>et</strong></span> <span class='ocrx_word' id='word_1_303' title='bbox 1132 3751 1233 3800; x_wconf 80' lang='lat' dir='ltr'><strong>vietum</strong></span> <span class='ocrx_word' id='word_1_304' title='bbox 1248 3763 1299 3815; x_wconf 76' lang='lat' dir='ltr'><strong>pe-</strong></span> 
     </span>
     <span class='ocr_line' id='line_1_34' title="bbox 263 3817 1300 3903; baseline -0.004 -18"><span class='ocrx_word' id='word_1_305' title='bbox 263 3844 370 3887; x_wconf 63' lang='lat' dir='ltr'><strong>¹tremus</strong></span> <span class='ocrx_word' id='word_1_306' title='bbox 397 3832 445 3883; x_wconf 78' lang='lat' dir='ltr'><strong>lib.</strong></span> <span class='ocrx_word' id='word_1_307' title='bbox 489 3832 586 3886; x_wconf 73' lang='lat' dir='ltr'><strong>Desunt</strong></span> <span class='ocrx_word' id='word_1_308' title='bbox 613 3834 676 3886; x_wconf 86' lang='lat' dir='ltr'><strong>heee</strong></span> <span class='ocrx_word' id='word_1_309' title='bbox 702 3836 727 3885; x_wconf 88' lang='lat' dir='ltr'><strong>iu</strong></span> <span class='ocrx_word' id='word_1_310' title='bbox 754 3831 781 3886; x_wconf 83' lang='lat' dir='ltr'><strong>C.</strong></span> <span class='ocrx_word' id='word_1_311' title='bbox 801 3817 803 3822; x_wconf 38' lang='lat'>¹</span> <span class='ocrx_word' id='word_1_312' title='bbox 823 3833 889 3886; x_wconf 85' lang='lat' dir='ltr'><strong>Delu</strong></span> <span class='ocrx_word' id='word_1_313' title='bbox 915 3851 975 3887; x_wconf 83' lang='lat' dir='ltr'><strong>eum</strong></span> <span class='ocrx_word' id='word_1_314' title='bbox 1001 3817 1048 3901; x_wconf 79' lang='lat' dir='ltr'><strong>pro</strong></span> <span class='ocrx_word' id='word_1_315' title='bbox 1075 3836 1176 3903; x_wconf 82' lang='lat' dir='ltr'><strong>quande</strong></span> <span class='ocrx_word' id='word_1_316' title='bbox 1203 3831 1300 3883; x_wconf 80' lang='lat' dir='ltr'><strong>Erarm.</strong></span> 
     </span>
     <span class='ocr_line' id='line_1_35' title="bbox 282 3911 1299 3986; baseline -0.002 -17"><span class='ocrx_word' id='word_1_317' title='bbox 282 3919 311 3985; x_wconf 79' lang='lat'><strong>2]</strong></span> <span class='ocrx_word' id='word_1_318' title='bbox 331 3918 389 3970; x_wconf 88' lang='lat' dir='ltr'><strong>Lue.</strong></span> <span class='ocrx_word' id='word_1_319' title='bbox 407 3919 447 3983; x_wconf 78' lang='lat' dir='ltr'><strong>tt,</strong></span> <span class='ocrx_word' id='word_1_320' title='bbox 461 3917 503 3972; x_wconf 75' lang='lat'><strong>33.</strong></span> <span class='ocrx_word' id='word_1_321' title='bbox 530 3911 569 3986; x_wconf 85' lang='grc' dir='ltr'><strong>Ι3)</strong></span> <span class='ocrx_word' id='word_1_322' title='bbox 588 3923 784 3978; x_wconf 64' lang='lat' dir='ltr'><strong>renuntiaverit</strong></span> <span class='ocrx_word' id='word_1_323' title='bbox 792 3919 832 3974; x_wconf 84' lang='lat' dir='ltr'><strong>W.</strong></span> <span class='ocrx_word' id='word_1_324' title='bbox 847 3919 905 3972; x_wconf 75' lang='lat' dir='ltr'><strong>ttnt.</strong></span> <span class='ocrx_word' id='word_1_325' title='bbox 920 3917 954 3972; x_wconf 78' lang='lat' dir='ltr'><strong>ea</strong></span> <span class='ocrx_word' id='word_1_326' title='bbox 967 3919 1074 3972; x_wconf 75' lang='lat' dir='ltr'><strong>-etedd</strong></span> <span class='ocrx_word' id='word_1_327' title='bbox 1087 3926 1148 3970; x_wconf 72' lang='lat' dir='ltr'><strong>reti.</strong></span> <span class='ocrx_word' id='word_1_328' title='bbox 1164 3933 1186 3968; x_wconf 86' lang='lat' dir='ltr'><strong>c.</strong></span> <span class='ocrx_word' id='word_1_329' title='bbox 1200 3917 1299 3970; x_wconf 72' lang='lat' dir='ltr'><strong>Erum.</strong></span> 
     </span>
    </p>
   </div>
   <div class='ocr_carea' id='block_1_13' title="bbox 0 0 1467 4692">
    <p class='ocr_par' dir='ltr' id='par_1_13' title="bbox 0 0 1467 4692">
     <span class='ocr_line' id='line_1_36' title="bbox 0 0 1467 4692; baseline 0 0"><span class='ocrx_word' id='word_1_330' title='bbox 0 0 1467 4692; x_wconf 95' lang='lat' dir='ltr'><strong> </strong></span> 
     </span>
    </p>
   </div>
  </div>
 </body>
</html>
