2880 4696
772 449 836 515 teo

290 625 364 674 suec
387 608 464 672 comi
486 615 536 673 aut
558 607 596 672 de
618 626 709 672 carne
732 607 816 672 etde
831 608 896 670 eius
916 603 921 690 Ι
939 605 1157 690 pulchritudine
1172 606 1356 692 glorierius

291 742 357 788 oum
378 723 457 786 nuile
481 723 520 786 sit
540 721 597 786 illis
620 723 715 804 magis
747 739 835 803 quam
867 721 1015 785 adversus
1045 737 1167 784 samem
1197 721 1305 786 conlu-

290 840 379 902 ctatio
409 844 438 902 et
460 836 600 901 vincendi
622 837 759 919 corporis
782 855 817 900 eo
841 835 980 901 domandi
1003 836 1149 900 obstinata
1172 838 1305 902 certatio.

289 954 396 1017 Paulus
409 949 435 1030 ²)
459 953 528 1016 iorti
550 970 585 1016 ac
608 951 724 1015 sublimi
749 969 828 1016 voce
858 951 1037 1033 proclamat:
1067 949 1144 1014 tithi
1159 947 1187 1030 ³.)
1208 959 1307 1015 auten

263 1069 375 1141 subsit
394 1068 528 1152 piorinri
548 1069 613 1130 nisi
634 1069 668 1131 in
691 1086 782 1130 cruce
812 1068 930 1130 domini
960 1067 1062 1130 nestri
1082 1066 1155 1129 Iesu
1179 1063 1305 1144 Christi,

285 1203 455 1268 perquem
476 1182 549 1246 mihi
570 1183 703 1246 mundns
726 1182 896 1263 munificus
920 1190 969 1244 est
989 1187 1020 1242 et
1040 1197 1096 1262 epo
1113 1181 1234 1243 mundo.
1271 1177 1307 1242 Et
1347 1237 1354 1246 ,

289 1299 377 1383 virgo
415 1298 446 1360 in
482 1297 609 1361 ecclesia
646 1297 685 1360 de
716 1297 819 1378 specie
853 1297 952 1359 carnis
987 1314 1022 1358 ao
1039 1292 1067 1373 4)
1101 1293 1138 1358 de
1171 1292 1305 1374 compris

289 1411 505 1495 pulchritudine
538 1411 692 1494 gloriatur.
757 1410 849 1474 Addit
881 1410 988 1474 Paulus
1021 1416 1051 1472 et
1084 1408 1154 1471 dicit
1165 1404 1210 1486 ⁵):
1247 1405 1307 1481 Oui

289 1527 369 1589 enine
390 1533 464 1589 sunt
488 1523 604 1590 Christi
628 1545 750 1588 coenem
765 1521 793 1604 ⁶)
824 1525 1049 1605 crucifixerunt
1080 1543 1148 1586 curn
1169 1519 1256 1584 citiis
1279 1527 1309 1581 et

251 1677 277 1719 10
291 1641 558 1721 concupiscentiis.
603 1639 641 1702 Et
663 1657 741 1720 quae
763 1655 797 1701 se
824 1615 1073 1720 concupiscentiis
1103 1635 1201 1698 carnis
1220 1627 1246 1712 7)
1278 1639 1308 1695 et

290 1755 368 1818 vitiis
398 1755 587 1818 renuntiasse
616 1753 772 1835 profitetur
802 1751 833 1814 in
863 1749 957 1816 isdem
972 1745 1001 1830 ⁸)
1024 1750 1129 1832 quibus
1151 1748 1307 1812 renuntia-

290 1875 376 1933 verat
397 1867 553 1932 invenitur.
598 1863 857 1947 Deprehendens,
881 1864 985 1948 virgo;
1013 1862 1173 1945 detegeris.
1217 1859 1307 1923 Aliud

290 1991 321 2049 te
351 2001 419 2048 esse
435 1978 463 2062 9)
492 1982 594 2052 ίεοῐεε,
611 1985 642 2042 et
671 1978 750 2042 aliud
779 1977 921 2042 adfectus.
975 1977 1098 2046 Maeuiis
1129 1983 1159 2039 te
1189 1957 1306 2038 concuss

292 2211 451 2266 etAldhelm.
461 2209 501 2262 ed.
510 2206 585 2260 Giles.
605 2207 718 2262 Petunt
727 2202 860 2258 scribitW.
885 2197 1304 2270 Paulopostittiexhibentlinlun

292 2310 317 2356 ct
329 2299 428 2365 Gotdn,
440 2299 509 2362 iltis,
527 2295 595 2366 quod
608 2311 623 2346 a
635 2293 674 2346 tic
685 2292 767 2357 abest,
786 2300 813 2343 et
825 2290 901 2342 codd.
914 2297 941 2341 et
953 2289 1012 2341 edd.
1024 2288 1080 2342 reti.
1094 2303 1190 2341 ornnes.
1220 2285 1307 2338 Posuit

291 2390 359 2442 enim
376 2386 469 2439 Noster
487 2387 545 2438 iltis
563 2399 610 2451 per
627 2380 771 2450 enallagen,
790 2380 862 2448 quasi
878 2376 1060 2446 praecessisset
1081 2380 1209 2447 uir-pines.
1245 2373 1307 2424 Tum

291 2478 430 2534 obluctatio
448 2472 498 2538 tte,
517 2487 626 2540 moxque
644 2478 689 2524 out
707 2471 830 2523 demendi
848 2466 908 2518 edd.
928 2465 1096 2518 Manutianam
1115 2462 1307 2525 antecedentes,

290 2575 315 2620 et
331 2563 482 2618 deminuendi
498 2557 539 2623 W,
558 2559 709 2612 dominandi
726 2570 764 2622 pr.
785 2554 861 2604 etiarn
879 2551 929 2606 Mb.
966 2551 996 2620 2)
1014 2554 1119 2606 Paulus
1138 2566 1237 2620 quoque
1254 2545 1305 2610 idb,

290 2655 351 2705 item
369 2650 426 2702 cdd.
443 2656 521 2711 vett,
546 2644 635 2716 quibus
654 2643 779 2696 accedunt
796 2640 892 2693 Erasm.
912 2638 987 2693 Grau.
1007 2647 1034 2691 et
1051 2638 1148 2691 hiereli.
1184 2636 1213 2688 ln
1232 2633 1305 2686 Gran.

291 2748 376 2792 antem
395 2738 461 2790 coni.
478 2752 579 2806 queque
604 2731 779 2785 minutioribus
802 2731 869 2798 typis
896 2737 935 2782 est
960 2743 1061 2781 excusa.
1098 2725 1197 2777 Deinde
1224 2725 1250 2774 in
1269 2723 1309 2775 ida

291 2827 414 2879 mendose
440 2822 558 2878 scribitur
580 2815 662 2892 fortini
686 2839 726 2874 nc.
770 2817 819 2870 Pro
845 2835 876 2871 nc
902 2819 929 2868 in
947 2817 989 2868 did
1013 2822 1096 2868 emtat
1118 2822 1149 2866 et.
1192 2809 1309 2862 Proxime

291 2918 418 2970 deciment
435 2914 460 2963 in
481 2911 514 2962 W
531 2919 557 2964 et
574 2910 622 2964 Me.
650 2908 703 2963 Gal.
722 2909 748 2972 6,
769 2908 810 2959 id.
855 2904 883 2972 3)
902 2903 1007 2958 Addidit
1028 2919 1049 2958 r.
1068 2919 1100 2954 m.
1120 2915 1197 2968 snpra
1221 2899 1264 2970 iin.
1282 2898 1311 2950 in
1348 2929 1353 2940 .
1436 2959 1437 2978 χ

292 3005 341 3070 hic,
359 3005 439 3057 unichi
456 2998 540 3052 ethic
558 3000 627 3050 etin
645 3013 715 3066 seqq.
730 2993 807 3046 hebet
820 2993 868 3045 Md.
908 2992 970 3044 Tum
988 2993 1088 3046 domini
1107 2991 1158 3042 mei
1175 2985 1311 3055 legebatur

293 3101 351 3146 ante
368 3089 502 3151 Granium
527 3087 587 3140 dein
610 3089 689 3139 ihesu
711 3081 787 3135 solito
811 3096 882 3133 nore
906 3078 1009 3151 exhibet
1034 3075 1163 3150 exemplar
1185 3073 1309 3126 stcntr.

190 3176 192 3182 ’
292 3182 352 3234 liiox
368 3179 436 3232 idem
452 3176 677 3236 michinentia,
696 3171 930 3226 Amundusmihi.
967 3166 996 3234 4)
1015 3173 1091 3235 utque
1111 3162 1168 3216 edd.
1182 3160 1310 3212 Manutiu-

293 3285 351 3322 nam
368 3265 553 3335 praecedentes
572 3270 598 3312 et
616 3258 777 3322 tioreiliana,
801 3265 847 3310 aut
864 3255 914 3308 Md.
951 3253 1040 3307 Statim
1062 3253 1257 3322 pulcritudine,
1283 3255 1311 3298 ut

294 3358 385 3422 solent,
405 3354 437 3406 W
454 3362 481 3406 et
492 3350 523 3403 d„
559 3350 587 3414 5)
608 3347 661 3400 Gai.
675 3347 701 3413 5,
719 3346 761 3400 nt.
797 3343 826 3411 6)
841 3341 915 3406 Quod
932 3342 1002 3411 cuiq.
1021 3339 1121 3393 additur
1140 3354 1219 3392 suast
1235 3341 1310 3387 recte

294 3462 344 3499 om.
363 3441 436 3495 codd.
458 3440 517 3492 Ver.
537 3438 561 3488 1.
580 3434 613 3485 W
631 3443 657 3486 et
674 3433 744 3499 Mac,
769 3434 829 3485 item
856 3429 877 3482 B
903 3432 929 3481 in
947 3429 974 3482 L.
992 3427 1034 3480 ΙΙΙ.
1054 3427 1086 3479 ad
1107 3425 1204 3490 Quirin.
1224 3439 1246 3475 c.
1266 3421 1310 3473 64.

294 3555 320 3606 p.
339 3532 402 3597 3233
431 3539 469 3583 est
490 3529 558 3580 eninr
579 3526 605 3576 in
625 3523 722 3574 Graeco
746 3517 790 3586 rhu
813 3517 886 3587 cipue
903 3513 1044 3584 ἒςαύρωσαν.
1081 3512 1215 3580 conspirat
1233 3511 1312 3562 etiarn

293 3622 357 3674 liber
376 3619 528 3673 Giarcmont.
564 3613 594 3681 7)
613 3612 704 3665 curnis
723 3609 946 3678 concupiscentiis
965 3603 1032 3669 edd,
1052 3617 1118 3671 quse
1137 3607 1197 3651 ante
1215 3597 1312 3648 Manui.

295 3709 451 3779 prodierunt,
470 3713 497 3756 et
515 3699 613 3753 diorell.
657 3698 686 3762 8)
705 3697 742 3748 lta
759 3695 793 3746 W
811 3703 837 3747 et
855 3693 923 3758 dibd,
942 3695 970 3746 in
987 3693 1100 3745 hiisdem
1118 3687 1150 3751 A,
1168 3689 1197 3738 in
1214 3687 1314 3739 iisdem

295 3797 364 3866 vulg.
382 3803 409 3848 ct
427 3792 476 3857 Mc,
493 3795 523 3844 in
540 3791 638 3843 eisdem
656 3785 703 3838 tta.
723 3783 743 3834 B
762 3791 839 3852 atque
864 3780 904 3833 cd.
923 3778 1045 3831 Deventr.
1081 3775 1138 3826 Vid.
1157 3770 1260 3824 Oehlcr.
1280 3769 1315 3823 ad

295 3880 399 3936 Terruit.
418 3877 529 3948 Apolog.
548 3891 570 3928 c.
592 3873 632 3926 15.
651 3890 677 3941 p.
695 3871 744 3937 85,
768 3872 828 3921 item
846 3867 878 3919 ad
896 3875 946 3919 nat.
966 3883 988 3919 c.
1008 3865 1051 3916 14.
1068 3881 1093 3932 p.
1113 3860 1165 3914 394
1183 3867 1210 3911 ct
1228 3875 1250 3910 c.
1273 3856 1316 3908 15.

296 3989 322 4040 p.
340 3963 412 4023 39⁷.
444 3965 472 4031 9)
491 3965 529 4016 lta
553 3977 600 4030 pro
625 3977 686 4016 esec
708 3969 733 4014 te
749 3958 790 4011 W.
808 3955 890 4008 nane.
908 3953 930 4008 B
947 3950 1141 4008 insedentibus
1164 3947 1238 4000 libris
1255 3952 1317 3998 ante

296 4059 391 4114 ttsnnt
409 4055 484 4110 editis
501 4060 529 4106 ct
545 4049 703 4104 Meretttm.
