2834 4686
777 363 842 428 250

297 525 440 604 saptiam
476 533 507 587 et
542 511 668 586 inone'm
703 523 869 601 fulloniam
905 524 1075 586 seeundum
1116 522 1301 584 traditionem

297 641 472 718 bominum,
505 641 677 704 seeundum
706 639 855 700 elementa
880 639 988 700 mundi
1012 646 1042 700 et
1062 634 1126 700 uon
1148 635 1301 697 secundun

300 754 467 832 Christum,
491 757 568 836 puio
590 755 624 816 ira
647 755 719 834 ipso
745 753 900 816 innabitat
922 754 1023 816 ononis
1043 753 1210 831 plenitudo
1231 751 1300 814 dioi-

297 869 415 930 raitatis.
463 868 497 928 Et
520 868 579 932 alio
603 867 671 931 loco
692 865 747 939 ¹¹):
779 866 875 930 Nemo
898 885 948 942 se,
977 867 1087 947 inquit,
1112 867 1248 946 decipiat
1264 861 1301 938 Ι1).

296 981 333 1044 Si
363 982 417 1061 pai
437 976 478 1058 18)
504 987 599 1059 putat
626 979 800 1059 sapientem
829 997 862 1041 ee
892 997 961 1041 erse
990 979 1027 1040 ira
1055 978 1164 1056 rabis,
1200 979 1300 1040 mando

297 1096 371 1158 bario
393 1096 507 1156 stultus
528 1097 594 1176 flat,
617 1104 653 1156 ut
672 1095 731 1173 fiat
752 1094 887 1171 rupiana
926 1092 1090 1172 Sapientia
1113 1094 1193 1156 enirn
1212 1090 1302 1153 mundi

297 1209 390 1272 buius
412 1209 547 1298 stuititia
568 1215 616 1273 est
636 1209 721 1288 opud
740 1207 828 1268 aeuu
844 1202 892 1282 ¹⁴).
930 1207 1086 1287 Scriptum
1102 1201 1150 1268 est
1164 1206 1243 1267 enin
1255 1200 1302 1278 ¹⁵):

298 1323 535 1402 Reprehendunt
552 1319 594 1398 ¹⁶)
617 1321 774 1402 sapienter
796 1321 830 1382 in
855 1321 972 1382 astutia
995 1321 1144 1399 ipsaruna
1192 1315 1228 1380 Et
1251 1317 1301 1378 ite-

298 1455 363 1499 rurn
384 1431 439 1512 ¹⁷):
477 1435 634 1516 Capaoait
662 1433 806 1498 dontinus
826 1427 862 1506 ¹⁸)
896 1433 1101 1513 capitatioues
1128 1431 1302 1512 sapientiora

298 1551 374 1630 quia
396 1559 471 1612 sunt
490 1549 612 1612 stultae.
659 1548 759 1621 Quare
782 1549 807 1609 si
827 1541 865 1624 ¹⁹)
894 1546 1036 1628 sapientia
1068 1546 1125 1609 irtio
1155 1545 1229 1608 vira
1254 1560 1301 1605 noo

299 1667 355 1740 ast,
379 1679 449 1725 esse
471 1665 655 1744 noupotest
679 1667 709 1722 et
731 1677 804 1722 vera
827 1660 976 1742 patientia.
1016 1659 1089 1721 Naro
1105 1660 1130 1721 si
1146 1651 1301 1741 pariensi)

299 1831 338 1882 W.
359 1832 397 1884 bia
419 1841 445 1885 at
463 1804 529 1898 Bos
545 1843 663 1887 oestnua
689 1848 736 1902 pro
761 1851 811 1887 aas
835 1831 877 1884 A·
904 1831 965 1883 Tum
989 1797 1161 1902 ddpraedatur
1185 1787 1209 1885 b.
1232 1832 1301 1900 glosas

298 1923 410 1990 deripiat
434 1938 448 1973 a
467 1936 486 1971 r.
507 1937 538 1972 m.
558 1922 730 1988 superscripta
751 1920 793 1970 dut
814 1919 861 1970 bib.
899 1919 969 1971 idem
994 1917 1059 1972 libor
1083 1935 1139 1972 cum
1159 1917 1198 1970 bb
1222 1929 1244 1973 ot
1263 1934 1300 1970 re·

298 2016 414 2061 auratum
438 2011 570 2062 elementa.
609 2007 673 2059 Daiu
698 2011 794 2061 inabitat
814 2005 857 2058 sa.
879 2005 933 2058 nou
961 2016 987 2058 st
1011 2024 1048 2076 pr.
1069 2007 1116 2072 W,
1141 2009 1204 2058 item
1225 2006 1302 2066 Baius..

295 2096 424 2147 innabitat
444 2095 523 2146 ceteri
542 2093 598 2144 iibri
616 2101 665 2145 tum
684 2095 780 2162 scripti,
802 2111 875 2162 ᾳιιηπι
896 2093 958 2146 editi
977 2103 1080 2162 praeter
1097 2093 1144 2160 Bo,
1164 2097 1190 2146 iu
1211 2109 1257 2162 quo
1273 2097 1303 2142 art

296 2183 464 2234 iubaiitabat.
502 2179 540 2232 cf.
560 2185 689 2236 Sabatiar.
740 2183 783 2249 11)
804 2183 912 2234 Additur
930 2185 994 2236 diait
1013 2184 1038 2233 ia
1058 2177 1106 2233 bib.
1143 2181 1200 2232 Vid.
1222 2178 1302 2233 1.Gor.

297 2281 322 2347 3,
344 2281 383 2334 18·
424 2283 468 2346 12)
484 2287 584 2354 Neque,
603 2288 695 2354 inquit,
714 2303 745 2340 se
763 2277 873 2354 deripiat
892 2285 923 2337 Α.
968 2285 1013 2350 13)
1034 2284 1068 2337 ita
1087 2284 1127 2350 W,
1146 2289 1173 2340 ei
1192 2261 1247 2356 qui
1263 2283 1302 2346 111,

296 2375 341 2440 pui
366 2375 405 2436 (si
430 2373 539 2438 omisso)
559 2373 612 2437 Bo,
639 2377 666 2430 aa·
685 2377 748 2443 quie
774 2372 925 2425 codd-rull.
945 2380 969 2422 et
988 2371 1086 2440 vulgati
1105 2371 1169 2424 iibri.
1209 2371 1262 2423 Vid.
1279 2369 1302 2421 ad

187 2525 190 2530 .
296 2456 390 2510 Donat.
410 2475 466 2527 cap.
485 2459 550 2511 11111.
571 2469 623 2511 not.
646 2463 667 2512 1.
706 2459 770 2511 Dein
789 2470 910 2528 reputat
928 2463 1072 2527 sapientam
1090 2476 1151 2514 osse
1169 2458 1213 2511 Mb
1235 2455 1302 2510 atbb
1365 2489 1366 2498 .

296 2560 319 2594 o.
339 2545 378 2594 ed.
398 2543 501 2610 Balad,
529 2564 559 2600 so
583 2551 728 2615 sapientam
753 2563 813 2600 assa
834 2547 897 2598 Dav.
918 2545 992 2599 Grae.
1012 2556 1037 2599 at
1057 2546 1114 2597 cod.
1135 2546 1172 2612 Α,
1202 2566 1232 2601 ee
1254 2561 1303 2599 area
1365 2555 1366 2584 t

295 2630 516 2702 sapientem'bib
542 2637 685 2698 eapientem
708 2652 738 2687 se
763 2651 823 2687 ease
841 2633 881 2685 W.
902 2634 956 2685 bisc
977 2642 1003 2684 et
1022 2633 1074 2697 oa,
1101 2636 1160 2684 item
1180 2633 1270 2684 Noster
1285 2632 1303 2680 io

297 2715 400 2767 bustim.
420 2717 460 2768 111,
481 2717 521 2770 69.
541 2737 564 2786 p.
578 2718 638 2770 324.
677 2719 839 2773 Concordaut
856 2721 915 2773 sdd.
935 2721 990 2772 rell.
1029 2721 1093 2779 11οι
1105 2731 1134 2774 nt
1151 2726 1190 2774 ait
1208 2724 1305 2789 sapient

296 2801 345 2852 bib.
366 2801 401 2853 ba
422 2813 577 2876 veteresque
596 2806 653 2859 edd.
673 2825 696 2859 c.
711 2807 807 2860 Ernsm.
823 2817 849 2860 et
862 2807 935 2860 Gruv.
975 2809 1019 2874 11]
1040 2807 1138 2860 Desunt
1155 2805 1225 2860 huuc
1242 2809 1265 2860 ia
1276 2806 1305 2866 bt

207 2929 214 2944 .
295 2892 365 2944 euim
389 2905 437 2942 om.
465 2893 523 2944 add.
552 2891 699 2945 Graviunam
726 2895 920 2947 antecedentes.
963 2893 1025 2946 Tum
1050 2899 1133 2950 buius
1156 2897 1262 2959 mundi,
1285 2897 1307 2943 1¹⁸

253 3047 257 3060 Ι
295 2973 360 3026 Test.
381 2977 397 3029 1.
418 2979 597 3043 c.‚'exbibent
616 2979 654 3030 W.
678 2981 717 3032 bib
737 2990 763 3031 et
784 2991 886 3034 ratores
905 2983 963 3033 odd.
984 3000 1004 3034 c.
1027 2981 1125 3034 Eraam.
1145 2980 1221 3035 Grau.
1241 2990 1305 3048 atqua
1363 3015 1364 3046 3

295 3061 391 3116 biorell.
428 3064 464 3118 ita
484 3069 566 3133 primo
585 3067 720 3136 legebatur
740 3071 816 3120 etiam
834 3071 859 3121 iu
874 3068 922 3134 bie,
940 3071 964 3120 iu
978 3086 1027 3138 quo
1042 3071 1158 3138 proximo
1173 3076 1306 3122 correctura
1363 3047 1364 3109 1

295 3159 334 3200 ast
360 3154 435 3206 deum
461 3170 492 3204 ex
517 3171 583 3208 eum.
633 3154 676 3220 15)
699 3155 751 3207 iob.
773 3155 858 3220 5,13.
907 3153 1172 3232 16)·11ῳὲοὴοηάοιιε
1193 3157 1234 3208 W.
1253 3155 1305 3206 biae.

296 3234 330 3286 Ra
351 3239 447 3301 (exstat
466 3241 490 3300 io
510 3239 608 3293 Graeco
626 3238 641 3290 o‘
659 3240 846 3313 δρασσόμενος),
864 3237 1038 3312 reprebee'adea
1057 3243 1126 3296 Test.
1145 3243 1161 3296 l.
1184 3261 1222 3309 c.,
1241 3261 1305 3298 oont-
1362 3281 1363 3286 ,

293 3327 450 3392 monendam
471 3327 511 3379 od.
535 3327 599 3381 Dav.
637 3329 697 3381 Turn
716 3335 744 3384 iu
763 3336 879 3386 astutias
899 3331 940 3382 Mb
960 3339 985 3382 et
1006 3348 1098 3386 aarum
1123 3346 1169 3400 pro
1197 3335 1307 3402 ipsorum
1362 3287 1363 3371 i

296 3410 334 3476 b,
355 3420 381 3464 ut
399 3412 457 3465 libri
477 3425 535 3468 anto
555 3417 648 3469 bisnai.
669 3418 737 3469 editi.
778 3419 821 3483 17)
841 3419 949 3471 Additur
966 3423 1043 3486 dicit,
1063 3427 1202 3487 utsupra,
1224 3421 1248 3469 iu
1266 3413 1304 3466 111.

295 3497 353 3551 Vid.
373 3502 396 3553 1.
411 3501 475 3554 Cor·
491 3503 523 3569 3,
543 3503 584 3556 20.
604 3505 662 3556 coli.
683 3503 773 3558 Psaim.
793 3506 841 3570 93,
862 3507 903 3558 11.
952 3505 996 3569 18)
1016 3509 1083 3560 deuo
1101 3504 1161 3556 Ver.
1182 3505 1224 3557 W.
1245 3500 1306 3555 biatd
1361 3561 1362 3566 ,

295 3595 321 3638 at
339 3585 393 3655 bb,
420 3593 543 3645 dominus
564 3596 686 3662 soporavit
704 3593 772 3646 Tsst.
791 3595 807 3645 1.
827 3611 849 3645 e.
886 3592 912 3644 in
934 3591 1031 3645 Graeco
1050 3603 1088 3645 eat
1108 3589 1185 3661 κύριος
1204 3589 1305 3662 γινώσκει.
1361 3577 1362 3632 i

293 3674 359 3727 Dein
378 3676 439 3729 Ver.
459 3677 537 3729 babet
554 3683 689 3734 nominum
707 3684 877 3751 rapientium,
898 3679 938 3732 Ma
956 3689 983 3732 ot
1001 3682 1022 3734 11
1041 3682 1103 3733 daut
1122 3684 1272 3751 sapientum
1287 3684 1307 3728 ei

181 3777 183 3780 ·
294 3778 341 3829 pro
354 3774 418 3818 soant
430 3767 527 3820 stultae
542 3768 601 3819 edd.
612 3767 752 3821 Manutiana
768 3770 925 3836 antiquiores
938 3773 1036 3824 stultae
1047 3779 1118 3823 aunt.
1148 3769 1192 3838 19]
1206 3764 1307 3838 Quae?

293 3852 321 3902 ai
338 3849 369 3900 W
390 3859 416 3903 st
435 3849 480 3917 oa,
499 3873 580 3923 quare
599 3859 660 3926 quia
679 3860 706 3910 ei
724 3857 755 3921 b,
777 3863 804 3913 aa·
823 3873 842 3908 r.
862 3873 895 3907 ru.
915 3873 989 3924 supra
1009 3855 1106 3907 addidit
1124 3857 1148 3906 iu
1169 3855 1217 3906 bic.
1255 3853 1305 3904 Tura

293 3952 347 3988 nan
365 3947 406 3991 att
423 3955 487 3993 aera
507 3941 535 3990 Α.
573 3942 621 4008 20)
640 3941 675 3992 ita
694 3941 769 3995 codd.
788 3941 827 3994 W.
848 3941 927 3994 Macd.
948 3941 1008 3993 Bab.
1031 3942 1060 3992 Α.
1080 3941 1190 3994 vindob.
1212 3949 1238 3992 at
1257 3945 1305 3990 octo
