2868 4700
703 467 723 528 5

209 622 263 684 des
282 615 323 698 13)
346 622 457 685 animas
477 624 594 702 incauta
613 623 787 688 credulitate
803 624 935 705 decepit:
958 627 1001 689 sic
1018 625 1054 702 ¹⁴)
1070 628 1217 692 dominnm

209 736 304 817 ipsum
328 744 471 819 temptare
491 746 625 817 conatus,
649 742 732 820 quasi
749 741 910 822 obreperet
925 757 1029 804 rursus
1046 748 1075 803 et
1091 742 1216 822 falleret,

208 849 335 913 latenter
357 849 482 914 accessit
491 873 501 927 ς
531 853 697 915 intellectus
727 859 824 915 tamen
856 859 902 914 est
932 859 961 914 ct
988 862 1108 918 retusus
1125 854 1165 933 15)
1189 865 1218 920 et

209 966 277 1028 ideo
293 964 468 1046 prostratus,
485 966 553 1048 quia
569 968 686 1050 agnilus
703 973 790 1048 atque
807 968 952 1033 detectus.
981 969 1065 1032 Unde
1082 972 1165 1033 nobis
1178 967 1217 1046 16)

69 1119 75 1128 .
184 1077 376 1157 sexemplum
400 1075 498 1138 datum
521 1084 569 1139 est
590 1079 701 1140 veteris
724 1079 849 1141 hominis
872 1082 947 1142 viam
972 1081 1094 1164 lugere,
1121 1087 1218 1146 vesti-

209 1191 266 1273 giis
297 1189 402 1253 Christi
431 1191 576 1254 vincentis
601 1185 639 1268 ¹⁷)
668 1190 821 1271 insistere,
854 1211 893 1254 ne
925 1192 1022 1256 denuo
1052 1197 1159 1258 incauti
1189 1199 1219 1260 in

209 1307 312 1369 mortis
334 1306 471 1386 laqueum
491 1305 691 1385 revolvamur,
714 1305 768 1368 sed
792 1305 827 1370 ad
850 1309 1012 1388 periculum
1032 1311 1147 1390 providi
1163 1329 1218 1373 ac·
1328 1363 1333 1372 .

210 1425 296 1499 cepta
318 1419 525 1482 inmortalitate
550 1419 702 1501 potiamur.
746 1418 955 1482 inmortalitate
978 1413 1015 1496 18)
1040 1428 1136 1485 autem
1159 1440 1218 1504 po·
1274 1461 1277 1466 -

210 1534 257 1602 tiri
281 1534 430 1614 quomodo
453 1552 628 1617 possumus,
651 1534 708 1596 nisi
731 1552 777 1614 ea,
800 1536 906 1616 quibus
929 1553 1010 1598 mors
1033 1543 1219 1620 expugnatur

171 1647 240 1730 tect
268 1649 410 1728 vincitur,
442 1648 549 1712 Christi
578 1648 711 1711 mandata
742 1667 896 1712 servemus
927 1651 992 1732 ipso
1022 1659 1162 1714 monente
1190 1658 1220 1714 et

210 1763 327 1826 dicente
344 1757 401 1842 ¹⁹):
430 1763 465 1826 st
486 1765 534 1826 uis
557 1764 599 1826 ad
618 1765 711 1826 eitam
734 1765 853 1841 venire,
877 1782 967 1826 aerea
988 1766 1139 1828 mandate.
1183 1765 1219 1828 Et
1276 1843 1280 1852 Ι

210 1881 317 1942 iterum
332 1873 390 1956 ²⁰):
422 1880 457 1941 st
484 1880 622 1960 feceritis
640 1875 681 1956 ²¹)
704 1879 786 1961 qood
806 1879 916 1941 mundo
938 1879 1043 1958 nobis,·
1073 1884 1135 1944 iem
1158 1901 1219 1946 aon

209 1995 278 2056 dico
294 1990 337 2072 ²²)
357 2012 413 2056 eos
436 2012 552 2070 aereos,
575 1993 631 2056 sed
651 1994 775 2054 amieos.
813 1993 875 2054 llos
896 1991 1024 2074 denique
1042 1995 1135 2058 fortes
1151 1995 1219 2058 dicit

211 2115 240 2170 ct
263 2108 382 2171 stabiles
398 2105 457 2186 ²³),
491 2108 547 2170 bos
569 2124 661 2187 super
683 2111 795 2188 petram
817 2106 940 2198 robusta
962 2106 1041 2168 mole
1072 2109 1218 2191 fundatos,

171 2223 265 2286 rohos
289 2227 392 2285 eontra
416 2238 518 2284 omnes
542 2224 732 2300 tempestates
755 2225 785 2281 et
808 2218 939 2280 turbines
962 2221 1073 2283 saeculi
1090 2222 1219 2285 inmobili

279 2382 327 2471 13)
345 2405 458 2472 poducere
476 2399 523 2451 tto.
561 2398 622 2450 Tum
640 2367 748 2455 intonasti⁸
765 2397 811 2451 Bb.
848 2397 914 2451 Dein
933 2403 1060 2456 cruditate
1082 2419 1135 2470 pn,
1161 2412 1219 2470 post

209 2507 272 2545 vero
291 2491 443 2544 erudelitate
455 2486 504 2538 blb.
541 2487 585 2550 ti)
605 2489 652 2540 Sic
670 2486 797 2537 intercidit
815 2487 840 2537 in
859 2486 899 2537 ed.
913 2485 998 2539 Baluz.
1031 2487 1089 2541 Mox
1108 2501 1219 2544 curratur

208 2571 286 2629 habet
303 2576 343 2627 Ma
362 2584 388 2626 et
407 2577 535 2644 abriperet
552 2572 601 2623 lllb.
640 2572 684 2639 15)
703 2583 828 2625 retrusus
846 2570 900 2624 Bab
920 2583 945 2625 et
965 2583 1080 2644 quattuor
1098 2576 1177 2628 Italici
1196 2593 1217 2630 c.

209 2665 268 2717 edd.
288 2672 346 2715 ante
365 2647 467 2724 Manat,
486 2661 507 2710 si
526 2660 634 2725 excipias
653 2657 870 2724 Daventriensem,
890 2661 1013 2726 omnibus,
1033 2665 1142 2732 itemque
1161 2663 1217 2714 blo-

206 2752 327 2814 relliana3
346 2752 472 2804 reclusus
484 2745 531 2798 blc.
563 2745 679 2797 Proxime
700 2757 723 2799 et
741 2762 786 2814 pro
805 2757 879 2826 atque
896 2747 926 2799 Α.
958 2735 1087 2818 oerncep's
1105 2755 1219 2806 detectus

208 2850 248 2894 eet
266 2839 302 2889 Ba
322 2846 347 2888 et
359 2837 389 2888 Α.
426 2835 472 2903 16)
490 2838 567 2889 nebia
586 2833 654 2884 sacili
673 2837 858 2899 permutatione
877 2834 920 2888 Bb.
958 2836 1002 2904 17)
1022 2842 1137 2892 viventis
1154 2855 1217 2906 per-

207 2943 296 2996 peram
315 2924 399 2977 Belua.
443 2922 488 2990 18)
506 2925 728 2976 Immortalitatem
746 2921 803 2972 Ver.
840 2921 898 2974 blox
914 2941 1062 2993 pessumae
1081 2942 1096 2977 e
1115 2941 1180 2977 corr.
1198 2941 1217 2977 r.

208 3031 241 3066 m.
261 3015 300 3065 W.
337 3013 403 3064 Dein
422 3015 592 3079 improperatur
608 3009 638 3058 A.
675 3008 744 3060 Idem
762 3014 896 3063 sermonis
914 3025 961 3078 pro
979 3029 1126 3066 aeroemne.
1157 3012 1218 3064 Tum

210 3119 242 3156 aa
260 3115 306 3168 pro
325 3110 348 3153 et
366 3097 412 3149 tta.
450 3094 720 3163 tetamentum.
758 3095 804 3164 20)
823 3095 911 3148 Joanu.
928 3097 969 3163 15,
985 3099 1024 3149 14.
1061 3099 1106 3168 21)
1124 3105 1156 3155 Si
1172 3106 1217 3172 fe.

209 3193 318 3251 ceritis,
337 3188 422 3254 iiepuit
439 3183 489 3234 blb.
525 3180 613 3233 Statim
632 3187 699 3252 qnod
718 3185 776 3251 [pro
796 3185 872 3253 puae)
890 3189 984 3239 maredo
1002 3185 1061 3239 Ver.
1079 3187 1119 3239 W.
1137 3188 1217 3241 blabe.

208 3274 271 3328 Bab.
296 3273 376 3340 Neap.
402 3271 455 3326 llat.
477 3271 502 3322 4.
528 3270 559 3322 Α.
584 3288 606 3324 c.
632 3271 707 3336 edd,
735 3287 800 3338 quae
824 3271 991 3324 Manutianam
1018 3283 1218 3340 antecesserunt,

208 3366 269 3415 item
286 3360 448 3424 blorelliana‚
476 3374 525 3410 nee
549 3358 622 3410 aliter
644 3360 669 3409 iu
688 3357 768 3425 Epist.
787 3357 867 3414 txut.
887 3375 911 3426 p.
934 3359 990 3412 108.
1017 3361 1135 3413 exhibent
1158 3343 1218 3412 editi

208 3451 266 3502 libri
284 3458 309 3502 et
326 3457 394 3513 tres,
418 3463 481 3515 quos
499 3443 610 3513 inspexi,
635 3444 711 3495 codd.
731 3461 787 3496 mss.
824 3444 898 3496 Solus
917 3445 973 3510 lld,
992 3457 1018 3498 ut
1038 3449 1061 3499 b.
1081 3449 1113 3514 1.,
1133 3447 1218 3498 scribit

209 3556 283 3609 puae.
318 3536 414 3602 Recepi
432 3536 509 3602 igitur
527 3536 582 3585 sine
600 3532 765 3583 haesitatione
785 3537 859 3602 quod,
879 3533 940 3585 licet
958 3537 982 3585 in
999 3534 1101 3588 Graecis
1120 3533 1218 3600 legatur

208 3623 224 3675 t
242 3623 286 3692 ἐγώ
304 3621 446 3686 ἐντέλλομαι.
483 3622 529 3689 22)
548 3621 584 3673 lta
603 3619 677 3671 codd.
695 3635 783 3672 omnes
802 3631 908 3689 excepto
922 3624 952 3685 Α,
971 3625 995 3674 in
1010 3638 1059 3690 quo
1073 3629 1110 3671 est
1122 3623 1215 3685 dicum,

209 3713 278 3782 quod
302 3714 328 3763 in
351 3711 431 3778 Epist.
458 3712 499 3760 cit.
523 3709 600 3761 habet
618 3708 665 3758 llc.
702 3713 795 3761 Dicam
820 3713 917 3777 scripsit
939 3707 1064 3761 Pamelius
1089 3707 1165 3776 idque
1191 3709 1217 3758 iu

209 3854 321 3922 quinque
338 3849 409 3902 libris
426 3857 488 3901 vett.
508 3850 602 3915 reperit
621 3811 745 3900 Baluuius.
782 3847 882 3902 Deinde
899 3849 922 3900 h.
942 3849 959 3899 l.
972 3782 1019 3899 εἴ
1031 3850 1132 3901 amieos
1157 3847 1218 3915 (aed

210 3955 225 3990 a
250 3955 269 3990 r.
289 3955 320 3990 m.
345 3936 526 4005 superscripto)
553 3936 626 3988 offert
649 3936 678 3988 Α.
726 3935 772 4004 23)
792 3942 876 4003 sortes
901 3945 926 3988 et
947 3936 1054 3986 usatites
1078 3938 1142 3988 dicit
1165 3933 1214 3998 Mb.

210 4025 287 4078 Paulo
311 4035 367 4094 post
391 4035 481 4078 eontra
505 4009 640 4103 molestiae
665 4042 755 4078 omines
780 4024 839 4076 edd.
863 4019 1072 4076 vosautem.
1109 4021 1175 4074 Dein
1193 4029 1217 4076 et

211 4115 356 4170 turbidines
374 4111 418 4166 Da.
454 4111 533 4168 Deest
551 4115 668 4168 inmobili
686 4113 710 4165 iu
729 4111 779 4167 lic.
