2858 4688
690 373 704 390 ·
734 359 794 426 itt

253 519 387 602 spiritus
407 527 570 603 pecientes.
608 517 650 580 lli
667 513 704 590 ¹⁰)
727 527 802 581 suot
822 535 903 599 quos
920 517 1085 581 lebuinus
1101 516 1274 598 aliquando

253 637 287 698 irs
311 637 381 701 risu
405 643 435 697 et
458 633 492 694 iu
514 632 721 696 similitudine
743 632 932 711 inproperii.
973 630 1042 694 Nos
1063 631 1220 706 issspsuti
1236 629 1273 707 ¹¹)

252 754 348 812 vitum
370 743 761 811 illosumosstimobourus
783 747 941 808 issooiour
970 752 1000 807 et
1026 745 1117 825 linem
1146 745 1274 807 illorum

252 865 319 926 sisse
342 863 472 925 iocose.
517 857 675 934 Quomodo
697 858 861 937 couputoti
881 864 957 919 sust
984 857 1067 920 iuter
1093 857 1181 938 Alios
1211 857 1272 936 dei,

253 983 284 1037 et
313 977 393 1037 iuter
424 982 554 1038 sauctos
572 971 612 1049 ΙΙ)
641 992 716 1037 sors
744 991 852 1046 eorum
874 972 945 1034 est?
989 967 1074 1052 liupo
1097 972 1272 1034 mouimus

254 1107 275 1150 o
296 1088 351 1149 oio
372 1085 537 1164 ueritatis,
570 1093 600 1146 et
621 1084 762 1147 iustitiae
785 1083 887 1144 lumen
908 1101 973 1146 ooo
996 1082 1080 1146 lucit
1098 1080 1138 1157 13)
1168 1083 1271 1160 uobis,

253 1207 284 1261 et
304 1199 356 1263 sol
377 1217 441 1261 ooo
465 1205 513 1260 est
538 1197 628 1259 ortus
654 1195 756 1258 uobis.
801 1193 932 1257 Lassoti
961 1215 1066 1259 sumus
1095 1196 1273 1277 iniquitatis

252 1310 308 1374 oio
326 1306 363 1387 Ι1)
387 1317 418 1371 et
434 1309 647 1390 perditionis,
675 1314 704 1368 et
728 1304 955 1368 ambulavimus
976 1307 1162 1370 solitudines
1183 1307 1271 1387 disfi-

252 1509 346 1577 legitur
371 1508 438 1558 enim
464 1507 489 1555 in
516 1502 614 1554 Graeco
641 1499 680 1562 dui
706 1502 861 1566 ςινοχωρίαν.
897 1497 1059 1550 concordent
1085 1502 1111 1552 iu
1137 1504 1211 1570 epist.
1239 1503 1272 1554 sd

253 1593 383 1647 Fortunat.
402 1591 477 1644 codd.
498 1590 557 1641 Ver.
577 1587 674 1640 Benev.
694 1587 734 1638 W.
755 1587 821 1639 lleb.
840 1586 884 1638 Be.
903 1585 983 1653 llesp.
1004 1593 1030 1637 et
1047 1585 1140 1640 Noster
1159 1591 1184 1640 in
1205 1587 1271 1642 Test.

254 1677 376 1732 Ceterum
394 1679 599 1746 'impositiones
616 1693 664 1743 per
683 1684 709 1727 et
724 1693 791 1746 pros
809 1677 833 1726 in
854 1673 945 1740 codd„
972 1682 1061 1741 utpote
1080 1691 1127 1742 per
1145 1691 1270 1744 compen-

253 1768 321 1819 dium
340 1767 462 1832 scriptae,
481 1765 572 1832 passim
593 1762 786 1814 confunduntur.
824 1761 870 1825 10)
889 1765 935 1816 titt
953 1760 986 1811 W
1004 1777 1017 1812 u
1033 1779 1065 1813 ιιι.
1079 1778 1117 1829 pr.
1131 1760 1196 1815 ttae.
1211 1761 1270 1816 Bab.

254 1854 275 1906 A
295 1859 322 1905 st
340 1851 469 1920 exemplu
490 1851 554 1901 θαι.
591 1847 653 1902 Tum
673 1852 813 1919 aliquando
831 1852 973 1904 Aoiuiutus
991 1846 1028 1899 Bb
1048 1857 1074 1900 et
1092 1849 1131 1901 ile
1149 1857 1270 1902 veteres·

140 1963 146 1974 =
252 1956 302 2009 qus
318 1940 380 1991 edd.
401 1956 423 1991 e.
441 1935 545 2008 Erosm.
560 1943 586 1986 et
605 1935 679 1987 Grau.
717 1935 764 1986 Pro
788 1938 818 1989 irs
836 1938 955 1990 mum
973 1944 997 1988 st
1014 1939 1042 1988 ist
1060 1939 1270 2002 similitudinum

253 2028 320 2098 quod
341 2043 397 2077 cum
416 2025 490 2076 editis
508 2038 641 2074 commuue
656 2020 751 2074 habent
765 2021 813 2072 Md.
830 2021 885 2074 Vst.
897 2022 920 2073 l.
934 2032 961 2073 et
972 2022 1003 2088 A,
1023 2024 1047 2073 iu
1061 2038 1165 2090 quorum
1179 2032 1269 2091 poste-

253 2117 321 2166 riore
334 2121 392 2182 post
403 2117 431 2166 io
444 2115 561 2166 derium
574 2110 667 2178 legitur
679 2115 721 2164 ool
732 2115 760 2164 in
773 2113 948 2164 similitudine
960 2107 1130 2178 (conveniunt
1139 2108 1203 2161 hoec
1214 2126 1270 2163 cum

253 2198 365 2252 Graeco:
379 2198 483 2265 ἔσχομέν
496 2215 558 2246 ποτε
570 2197 601 2254 εἰς
614 2199 705 2266 γέλωτα
718 2201 755 2245 καὶ
769 2194 930 2265 παραβολήν),
946 2214 961 2248 ο
975 2198 1049 2249 codd.
1060 2197 1118 2250 Ver.
1134 2197 1194 2250 Bab.
1209 2198 1230 2249 Α
1244 2207 1271 2249 el

254 2287 295 2338 ed.
308 2285 398 2338 Alenut.
412 2287 498 2352 recepi
514 2289 541 2338 irs
553 2289 615 2340 risu
627 2295 651 2339 st
663 2289 691 2339 iu
704 2288 885 2350 similitudine,
899 2301 947 2336 nec
959 2284 1032 2336 sliter
1041 2287 1121 2354 primo
1131 2284 1179 2336 luit
1188 2288 1212 2338 in
1224 2285 1270 2338 Mc.

253 2369 405 2440 Conspirent
422 2371 480 2422 libri
495 2363 553 2423 Ver'.
574 2371 613 2422 W.
635 2371 691 2423 Msb
711 2380 737 2423 et
756 2371 836 2438 lieup.
856 2374 882 2422 iu
901 2389 941 2440 ep.
961 2373 992 2423 od
1011 2370 1152 2437 Furtum„
1171 2372 1214 2424 ubi
1234 2370 1270 2424 Bo

252 2458 340 2510 scribit
363 2462 391 2511 iss
416 2461 509 2513 derisu
532 2469 556 2511 st
578 2461 607 2510 iu
630 2460 820 2520 similitudins;
848 2462 876 2510 iu
893 2463 997 2514 risuet
1015 2461 1192 2512 sirnititudiue
1210 2458 1270 2510 dont

252 2544 285 2595 W
304 2554 330 2597 et
348 2545 402 2608 tta,
427 2547 456 2598 iu
474 2547 563 2596 sirum
581 2552 604 2595 et
620 2546 650 2596 in
668 2545 871 2596 similitudinem
889 2541 929 2592 tib
950 2551 976 2594 et
993 2560 1007 2594 s
1027 2560 1047 2595 r.
1067 2559 1100 2595 ru.
1121 2543 1159 2594 tte
1183 2547 1270 2612 sicque

253 2631 278 2680 iu
297 2628 365 2680 lest.
385 2627 424 2680 W.
444 2627 484 2678 tib
504 2634 530 2678 et
547 2625 599 2692 Be,
625 2641 731 2696 quorum
749 2627 791 2678 hic
810 2625 889 2679 ultore
903 2619 966 2679 'loeo
984 2631 1082 2682 issem.
1128 2629 1174 2696 11)
1193 2629 1272 2682 Deest

253 2717 277 2768 h.
300 2731 325 2768 v.
351 2717 376 2766 iu
402 2714 432 2766 A.
469 2713 530 2766 Tum
557 2719 628 2768 visse
651 2727 783 2782 operosum
809 2715 903 2766 incuria
930 2714 1009 2766 hebet
1031 2715 1072 2768 ed.
1099 2715 1184 2768 Belus.
1221 2715 1270 2768 Pro

251 2803 360 2856 ι’ϋοιιιιιι
379 2805 481 2868 (sorum
500 2800 535 2866 A)
555 2800 585 2851 W
605 2809 630 2852 et
650 2800 689 2852 llo
708 2799 822 2852 scribunt
840 2801 882 2851 liic
900 2809 926 2852 et
949 2804 1064 2868 proxime
1090 2806 1183 2868 illius,
1211 2803 1270 2855 (lein

252 2891 453 2942 aestimavimus
470 2896 510 2939 est
527 2889 552 2939 in
566 2887 606 2938 W.
646 2887 703 2940 llos
721 2893 796 2957 finem
814 2905 905 2942 eorum
924 2888 1047 2942 exhibent
1065 2889 1127 2942 Bab.
1149 2890 1187 2942 lle
1207 2892 1269 2942 etA

252 2977 365 3043 itemque
389 2975 430 3025 od.
451 2972 560 3040 Monet,
588 2978 613 3026 in
639 2977 710 3027 euius
735 2975 875 3042 exemplari
898 2975 1056 3045 Gottingensi
1080 2993 1095 3028 s
1120 2980 1175 3030 viro
1200 2978 1270 3029 doct.

252 3069 394 3112 correctum
413 3061 508 3129 legitur
524 3065 641 3117 illos-uus.
688 3063 952 3126 interemisti.
981 3063 1078 3116 Statim
1097 3068 1205 3120 illorum
1223 3080 1271 3134 pro

252 3165 344 3201 eorus·
363 3146 429 3198 ttae.
450 3147 495 3200 Bb.
515 3148 537 3200 A
562 3158 716 3218 veteresque
737 3149 796 3202 edd.
816 3167 839 3202 o.
859 3150 956 3202 Erssm.
976 3159 1002 3202 et
1021 3151 1095 3204 Grae.
1132 3151 1169 3203 lts
1188 3160 1271 3203 exstet

252 3235 328 3284 etism
353 3233 378 3283 in
403 3249 444 3300 ep.
470 3236 502 3285 sd
528 3234 658 3286 Fortuost.
684 3243 709 3286 et
733 3237 758 3286 iu
781 3235 850 3288 lest.
897 3238 943 3300 13)
966 3241 1069 3292 inluxit
1090 3237 1137 3290 tta.
1175 3238 1270 3290 llutuvi

254 3317 348 3370 deiude
367 3320 495 3388 vulgetum
514 3321 649 3374 verborum
667 3323 799 3374 ordinem:
826 3335 851 3378 st
876 3329 919 3379 sol
941 3343 994 3378 uois
1019 3334 1095 3379 ortus
1117 3335 1159 3379 est
1181 3329 1269 3392 solis,

254 3405 398 3459 iubentibus
421 3403 490 3459 tibiis
509 3407 549 3458 W.
571 3405 670 3460 lllsbcd.
693 3407 729 3460 Bb
754 3418 780 3461 et
805 3410 841 3474 A,
870 3411 1018 3479 quibuscum
1045 3411 1201 3462 concordant
1226 3412 1269 3463 ed.

253 3491 357 3556 linotet,
379 3493 463 3544 versic
481 3494 595 3560 uotique,
614 3494 673 3544 item
693 3509 734 3561 ep.
754 3495 785 3546 ud
798 3493 929 3547 Fortuost.
946 3503 973 3547 et
985 3481 1052 3548 lest.
1089 3493 1188 3550 [luunt
1206 3497 1271 3550 hoec

252 3667 362 3735 uotique,
380 3669 529 3736 iniquitatis
547 3670 576 3720 iu
593 3672 639 3722 eiu
651 3671 739 3738 Lisoif.
754 3668 806 3722 cst.
818 3670 844 3722 L.
858 3671 876 3724 l.
889 3685 936 3738 pro
950 3672 975 3724 S.
990 3671 1126 3724 Athenesio
1144 3687 1168 3739 p.
1184 3670 1271 3724 195..

253 3752 305 3819 (op.
326 3751 472 3817 Sabatia).
516 3751 572 3821 Ego
597 3753 683 3807 delevi
708 3759 939 3824 praepositionem,
965 3774 1031 3828 quse
1057 3759 1166 3828 glossam
1194 3760 1271 3826 sepit,

253 3839 432 3904 praeeuntibus
451 3838 522 3892 libris
541 3840 581 3891 W.
601 3840 681 3894 llsbe.
701 3841 745 3896 Bu.
764 3843 785 3895 A
805 3852 831 3896 et
850 3845 890 3894 ed.
910 3845 987 3912 Bou,
1008 3849 1101 3916 iuquit,
1121 3849 1272 3915 iniquitatis

252 3927 313 3982 oiss
335 3928 420 3994 reperi
444 3927 470 3978 iu
489 3925 541 3995 Bb,
566 3933 627 3983 oisc
643 3931 667 3980 in
687 3930 717 3981 W
737 3939 763 3981 et
784 3931 830 3983 llo.
867 3929 1059 3986 coniunctionis
1079 3931 1228 4002 porticulum
1247 3941 1273 3986 st
