2880 4696
576 417 687 482 1129

147 593 185 639 an
206 577 295 660 virgo
319 577 365 640 sit.
410 577 513 640 Parem
543 593 578 640 se
594 574 635 656 η)
665 577 820 661 integritas
850 579 881 640 in
911 577 1046 641 omnibns
1069 595 1162 659 prae-

145 696 221 770 stet,
250 709 307 754 nec
335 693 445 756 bonnm
465 672 612 774 'corporis
642 693 737 756 cultus
767 693 894 754 iniamet.
940 691 1017 766 Quid
1044 698 1158 771 ornata,

147 801 217 884 quid
247 811 363 886 compta
380 801 420 884 ¹³)
450 805 601 887 procedit,
633 808 717 888 quasi
748 808 881 868 maritum
914 813 963 868 aut
985 806 1091 867 habeat
1114 812 1164 868 aut

147 919 296 998 quaerat?
341 918 456 982 Timeat
478 922 577 1001 potius
608 921 743 1001 placere,
774 921 802 996 si
832 921 919 1002 virgo
950 925 1012 998 est,
1045 937 1102 982 nec
1124 917 1164 997 ¹⁴)

118 1031 312 1114 opericulum
335 1033 382 1094 soi
406 1031 525 1114 adpetat
547 1051 625 1114 quae
647 1032 685 1095 ad
707 1033 831 1095 meliora
848 1038 877 1094 et
893 1031 991 1096 divina
1007 1051 1041 1096 se
1058 1038 1166 1098 servat.

147 1144 233 1219 Quae
248 1141 397 1222 virum¹⁵t
422 1163 483 1208 non
506 1145 625 1224 habent,
649 1147 697 1208 cui
719 1145 838 1226 placere
860 1163 894 1208 se
917 1144 1063 1223 simulent,
1086 1146 1167 1206 inte-

146 1277 223 1341 grae
247 1264 276 1320 et
298 1275 392 1338 purae
415 1275 477 1321 non
499 1263 611 1320 tanturn
633 1257 846 1340 corporaliter,
870 1257 924 1321 sed
946 1265 976 1321 et
998 1258 1168 1339 spiritaliter

145 1375 355 1454 perseverent.

573 1531 677 1634 n.

235 1713 342 1795 Neque
362 1708 385 1790 ¹)
416 1709 494 1774 enim
524 1709 671 1794 virginem
701 1709 747 1773 ias
770 1708 876 1774 estad
900 1710 1033 1792 speciem
1054 1711 1169 1776 formae

220 1989 265 2055 12)
284 1992 373 2042 Toleni
390 2003 421 2042 se
437 1987 493 2039 cod.
507 1986 621 2056 Seguier.
652 1985 782 2056 Deinceps
802 1993 942 2060 intepretes
960 2007 975 2042 a
994 2007 1027 2041 m.
1044 2006 1093 2057 pn,
1111 2007 1126 2041 a
1143 2007 1164 2044 r.

146 2082 299 2148 intepritate
322 2076 371 2129 lile.
412 2075 481 2127 ldem
505 2076 572 2128 liber
595 2091 633 2144 pr.
652 2094 715 2145 nec,
743 2085 801 2145 post
825 2093 889 2128 vero
912 2096 959 2144 ne,
984 2078 1051 2146 quod
1076 2077 1169 2146 legitur

147 2168 228 2219 etiarn
255 2166 281 2216 in
299 2163 331 2214 W
350 2172 377 2216 et
398 2163 446 2216 llla.
489 2163 550 2217 Post
577 2169 671 2220 tortum
695 2163 812 2216 Baluaius
838 2167 916 2216 tacite
945 2165 1039 2216 adiecit
1063 2151 1168 2232 inertis,

150 2258 245 2308 ionem
265 2257 312 2306 sai
329 2255 451 2322 eorporis
471 2270 493 2306 o.
514 2251 575 2303 olim
592 2256 741 2321 scripserat
759 2249 871 2306 Gravius.
909 2251 954 2320 13)
968 2257 1038 2320 Qraid
1056 2263 1164 2323 compto,

151 2340 379 2410 puidomatolid.
416 2339 461 2405 14)
473 2357 506 2394 ne
517 2340 566 2392 lld.
604 2340 785 2408 15Joiros-
799 2344 891 2395 ——cni
909 2339 971 2408 (sic)
990 2341 1029 2393 od.
1043 2341 1163 2393 Daventr.

148 2426 190 2480 Pr.
211 2432 285 2483 tsalct
302 2427 341 2481 W.
377 2426 443 2480 Dein
460 2431 578 2482 similent
595 2427 618 2478 Α
636 2435 662 2480 et
683 2429 723 2480 ed.
741 2428 878 2492 Deventr.;
896 2431 1023 2482 simulent
1040 2444 1089 2495 pn,
1107 2437 1164 2495 post

147 2531 212 2569 vero
229 2519 358 2570 simulant
375 2515 426 2581 ttb,
445 2518 572 2570 simulent
590 2517 665 2568 etiarn
683 2515 715 2566 W
734 2525 759 2568 et
775 2515 875 2584 Fragm.
895 2515 974 2568 Ernnr.
994 2517 1018 2569 2.
1063 2515 1124 2568 Turn
1142 2527 1166 2571 et

147 2608 267 2674 inteproe
285 2603 338 2668 tte,
361 2607 476 2674 pedicas
499 2619 546 2672 pro
563 2623 647 2673 perae
664 2604 723 2656 Ver.
744 2604 769 2658 1.
803 2603 852 2655 Pro
869 2604 963 2673 vulgat.
983 2605 1094 2657 lectione
1113 2623 1165 2658 non

147 2700 250 2746 tmolum
268 2709 386 2761 corpore,
408 2695 456 2746 soal
473 2695 552 2746 etiam
569 2696 684 2761 spiritu,
707 2707 782 2761 wem
800 2707 851 2744 non
869 2693 917 2744 nisi
934 2694 960 2744 in
978 2691 1075 2744 duobus
1094 2691 1166 2744 libris

147 2787 213 2832 vett.
231 2779 326 2847 reperit
343 2777 472 2844 Balneius,
495 2779 602 2832 ecodd.
621 2779 661 2830 W.
680 2779 763 2830 llnbd.
783 2779 812 2831 Β.
832 2788 859 2831 et
876 2777 917 2830 Fr.
936 2777 1016 2832 Emm.
1035 2779 1060 2830 2.
1078 2781 1166 2846 recepi

147 2885 203 2922 nore
229 2876 329 2921 tantam
354 2869 545 2936 corporaliter,
571 2871 619 2922 ced
644 2877 669 2922 et
692 2870 858 2936 spiritaliter.
902 2867 942 2918 lle
962 2874 988 2916 et
1006 2865 1028 2916 ll
1047 2866 1167 2918 exhibent

147 2971 203 3008 aon
220 2963 285 3007 tarot.
304 2955 493 3023 corporaliter,
517 2956 565 3006 secl
582 2961 606 3006 et
624 2955 810 3022 spiritualiter.
849 2951 1028 3018 ,Dissimulare
1046 2967 1097 3005 non
1116 2952 1166 3004 de-

147 3041 216 3106 beo,
242 3042 277 3092 ait
294 3039 426 3104 Belmina,
451 3039 542 3090 decem
561 3047 587 3091 et
604 3053 697 3091 novero
721 3047 809 3091 vetera
834 3039 1003 3106 exemplaria,
1028 3048 1055 3091 et
1078 3042 1104 3091 in
1128 3039 1166 3092 his

148 3129 359 3198 Sognieriannrn,
378 3125 474 3180 habere
493 3143 546 3180 non
564 3129 652 3180 solam
670 3125 709 3194 (l)
731 3129 905 3196 corporaliter
922 3130 971 3181 sed
989 3125 1028 3194 (l)
1047 3131 1165 3198 spirita-

147 3218 237 3270 liter.“
274 3213 395 3268 Ceterum
414 3217 591 3284 corporaliter
610 3222 636 3266 et
652 3217 811 3284 spiritaliter
828 3215 891 3266 item
908 3215 934 3265 in
952 3215 1005 3266 suis
1029 3214 1103 3268 codd.
1122 3217 1165 3266 in-

147 3313 277 3357 venerunt
291 3301 389 3354 lllorell.
403 3310 429 3354 et
440 3300 544 3367 ramat,
563 3305 737 3372 corporaliter
755 3310 783 3354 et
800 3304 978 3372 spiritualiter
995 3311 1108 3356 notatum
1127 3312 1167 3356 est

148 3407 184 3445 ex
202 3391 259 3443 tat.
278 3387 402 3443 omnibus.
1086 3433 1087 3436 ,

223 3479 253 3531 v.
283 3479 310 3544 1)
328 3483 382 3534 Nec
400 3474 442 3530 Fr.
460 3475 541 3528 Emm.
560 3477 595 3543 2.,
614 3479 708 3548 inquo
728 3479 864 3545 deinceps,
888 3486 916 3530 ut
936 3480 962 3530 in
981 3480 1072 3530 ceteris
1091 3478 1165 3531 codd.

149 3569 242 3621 nostris
262 3567 380 3619 omnibus
398 3574 424 3617 et
441 3565 507 3633 apud
520 3565 545 3618 S.
558 3565 721 3619 Aldltelrn.
740 3568 772 3618 de
790 3567 906 3620 laudibus
925 3568 1075 3636 virginitatis
1090 3582 1111 3618 c.
1124 3565 1165 3616 56.

150 3659 193 3725 (in
211 3655 324 3708 eiusdem
343 3651 408 3722 Opp.
427 3654 469 3706 ed.
487 3652 564 3708 Giles.
582 3669 607 3722 p.
625 3654 691 3723 il),
709 3669 756 3722 pro
772 3659 818 3724 [aa
836 3667 878 3710 ese
896 3659 1027 3725 otrpipsem
1045 3654 1167 3719 scripturn

149 3744 243 3814 legitor
268 3745 400 3813 oirpirtem
424 3747 469 3810 {os
497 3751 543 3796 est.
588 3741 646 3794 Mox
673 3759 740 3797 suae
758 3748 866 3812 fornace
892 3743 987 3795 hahent
1013 3723 1167 3805 eiamplaria

150 3837 210 3884 anto
223 3829 316 3882 Manat.
334 3829 402 3895 typis
421 3829 553 3895 exscripto.
583 3826 651 3879 Dein
671 3845 772 3882 comam
790 3831 895 3882 nutrire
913 3830 972 3881 cdd.
987 3835 1047 3881 vett.
1078 3824 1167 3878 Statim

150 3922 183 3974 rio
200 3935 282 3974 carno
299 3920 359 3972 aias
377 3925 402 3970 ot
418 3919 613 3986 pulchritudine
630 3914 660 3980 B,
680 3925 725 3970 aot
743 3919 774 3970 ilo
792 3919 851 3970 eiac
868 3919 977 3984 peterit.
995 3914 1032 3978 Α;
1058 3921 1102 3967 out
1120 3927 1167 3979 pro

149 4016 175 4064 st
192 4005 252 4061 edd.
270 4013 352 4070 ratt.;
370 4014 395 4060 et
412 4008 444 4061 do
459 4007 565 4076 palolr.
582 4008 642 4061 cias
660 4002 709 4056 llb.
745 4001 860 4056 Alteram
876 4005 907 4057 ds
925 4017 975 4055 om.
993 4001 1035 4054 Fr.
1046 3999 1167 4056 lemme

940 4088 960 4156 9
