2882 4692
696 333 758 400 153

217 509 287 556 num
311 490 471 576 conloquia
493 491 607 556 incesta
629 494 775 576 miscere,
805 496 910 560 audire
939 499 1020 580 quod
1049 518 1109 564 nen
1138 500 1234 581 decet,

217 606 298 691 quod
322 606 475 670 nonlicet
498 605 617 688 dicere,
649 610 823 690 obversari,
855 631 923 677 esse
952 621 1129 696 praesentes
1159 618 1236 680 inter

217 722 310 787 verba
333 722 430 803 turpia
454 730 484 788 et
506 723 667 786 temulenta
691 725 847 806 convivia,
878 729 984 809 quibus
1009 730 1162 794 libidinum
1184 731 1235 796 fo-

218 854 281 900 mes
306 836 488 917 accenditur,
511 855 624 919 sponsa
647 838 683 900 ad
706 841 876 921 patientiam
898 845 1002 926 stupri,
1026 844 1063 907 ad
1085 845 1237 910 audaciam

112 990 120 1008 .
192 961 347 1033 ⁵sponsus
371 952 523 1016 animatur.
569 953 641 1027 Quis
668 954 710 1017 illi
727 950 754 1032 ³)
784 957 815 1018 in
842 957 952 1038 nuptiis
980 959 1065 1022 loeus
1097 966 1158 1038 est,
1190 961 1237 1024 cui

218 1066 333 1130 animus
356 1065 393 1129 ad
415 1067 533 1148 nuptias
557 1084 617 1130 non
641 1073 703 1146 est,
733 1076 784 1130 aut
815 1070 981 1152 voluptaria
1010 1071 1070 1134 illie
1099 1079 1130 1133 et
1160 1072 1237 1135 laeta

219 1197 302 1244 esse.
320 1197 397 1268 quae
427 1186 572 1261 possunt,
603 1179 653 1242 ubi
683 1186 713 1242 et
737 1180 834 1244 studia
857 1189 887 1244 et
909 1189 979 1245 vota
1003 1182 1122 1248 diversa
1145 1187 1238 1250 sunt?

220 1293 297 1369 Quid
321 1295 380 1358 illio
410 1293 547 1375 discitur,
579 1293 649 1375 quid
680 1295 822 1360 videtur?
875 1298 1022 1371 Quantum
1043 1319 1060 1362 a
1083 1303 1237 1384 proposito

220 1428 278 1474 suo
300 1412 388 1495 virgo
412 1409 510 1474 deficit
522 1407 560 1492 ⁴),
584 1409 702 1490 quando
725 1409 832 1493 pudica
853 1431 929 1493 quae
944 1423 1078 1495 venerat,
1100 1415 1237 1497 inpudice
1312 1489 1321 1507 .

224 1571 431 1590 Μ

219 1679 330 1740 veram·
350 1675 472 1729 Darentr.
490 1678 517 1726 et
534 1669 607 1724 Grau.
645 1669 720 1736 Quod
745 1669 830 1740 reigo·
849 1673 964 1741 sequitur
987 1681 1012 1728 et
1036 1675 1110 1726 omisi
1135 1683 1239 1730 auctore

220 1768 278 1822 cod.
288 1765 343 1831 iiia3
362 1767 474 1832 praestat
486 1762 554 1811 euim
567 1757 718 1824 asyndeton.
755 1755 785 1827 3)
798 1762 852 1826 Qua·
863 1761 920 1813 ittie
931 1757 977 1824 B.;
995 1763 1055 1816 tue
1067 1763 1106 1814 W.
1121 1762 1186 1818 dieb.
1198 1763 1239 1818 Fr.

220 1856 302 1908 ΕΜ,
323 1851 347 1905 1,
366 1853 396 1902 Α.
416 1849 454 1918 (in
472 1845 512 1898 tte
530 1863 546 1900 a
566 1847 689 1914 erasum),
708 1847 751 1899 itti
767 1843 808 1895 ttd
828 1861 850 1897 c.
870 1845 952 1898 editis.
990 1845 1050 1900 Tum
1068 1853 1170 1906 cottiis
1188 1853 1240 1920 (pr.

220 1942 336 2014 nuptiis)
355 1947 381 1992 ct
399 1939 495 2007 puttam
513 1949 560 2003 pro
583 1938 628 1988 eei
644 1931 673 1986 Β.
717 1932 818 1984 Deinde
848 1932 915 1985 idem
940 1932 1007 1985 liber
1031 1940 1145 1993 nuttios.
1181 1938 1240 1993 Mox
1299 2007 1304 2018 υ

111 2041 117 2056 .
221 2047 269 2101 pro
287 2028 439 2099 „opuppm'a
456 2021 499 2076 Fr.
517 2021 599 2075 Emm.
620 2025 642 2075 1.
660 2023 830 2086 aeternamm,
849 2023 908 2073 item
926 2038 964 2089 pr.
984 2022 1039 2089 Me,
1059 2041 1074 2076 a
1092 2041 1113 2078 s.
1133 2043 1166 2079 m.
1185 2046 1238 2082 eo-

162 2209 165 2214 ’
222 2192 360 2247 tentandae.
397 2183 484 2238 Statim
501 2129 554 2240 tet:
571 2179 598 2250 (e
615 2179 647 2232 ab
666 2196 685 2233 r.
699 2195 733 2232 m.
751 2163 889 2250 superem.)
910 2181 978 2234 idem
996 2181 1070 2248 liber,
1089 2187 1240 2241 voluntarie

224 2313 255 2322 ..
280 2281 328 2332 tete
352 2273 409 2326 edd.
429 2271 474 2325 SP.
492 2269 591 2335 uuna,
614 2272 764 2324 coterntcre'e
783 2297 814 2306 -
833 2271 899 2324 taeta
916 2269 1007 2322 Venet.
1028 2273 1051 2323 1.
1070 2271 1093 2324 2.
1115 2270 1236 2326 Deveutr.

222 2365 327 2430 Renum,
352 2363 519 2418 voluntariae
539 2387 571 2399 -
590 2360 674 2412 tectae
697 2355 793 2431 Eresm.
813 2355 887 2430 Grau.
905 2356 1020 2424 Mureti,
1043 2363 1192 2430 voluptaria
1214 2369 1239 2416 ιι

222 2458 288 2508 tacte
315 2468 375 2506 eece
401 2455 517 2518 poscunt
539 2444 597 2511 Md,
625 2447 776 2514 voluptarie
802 2473 832 2484 -
860 2447 928 2500 taeta
954 2446 1030 2498 codd.
1053 2445 1109 2498 reli.
1133 2463 1156 2500 o.
1180 2445 1237 2499 edd.

223 2540 316 2592 Manat.
328 2536 423 2590 Pamel.
442 2536 584 2603 ceterisque
602 2531 795 2601 posterioribus.
826 2532 893 2586 Part.
911 2544 935 2588 et
952 2541 1010 2586 ante
1028 2538 1118 2590 studia
1135 2550 1185 2589 om.
1197 2535 1237 2588 W.

222 2629 253 2697 4)
272 2627 371 2680 Desunt
387 2626 452 2677 haec
470 2623 550 2678 verbe
567 2624 592 2674 ie
609 2619 652 2674 Fr.
671 2620 752 2674 Emm.
773 2620 806 2687 1,
826 2621 861 2693 qia
881 2623 910 2688 (i.
930 2639 954 2676 e.
974 2626 1084 2692 queneto.
1105 2639 1119 2676 a
1137 2639 1170 2676 m.
1189 2639 1238 2693 pr.,

222 2733 237 2768 a
256 2733 276 2768 s.
295 2714 430 2786 quantum)
445 2741 476 2750 -
488 2715 565 2781 eirpe
583 2713 667 2780 deficit
686 2711 793 2780 (defecit
811 2709 876 2774 Mb),
897 2714 935 2780 φῖ
948 2713 1109 2780 impeditior
1127 2740 1162 2749 -—
1178 2731 1237 2782 pu.
1318 2749 1322 2756 .

221 2807 281 2859 dice
290 2805 402 2858 discedit
413 2799 516 2852 exhibet
529 2797 582 2862 Mc;
600 2807 725 2867 precantum
743 2801 904 2868 impeditior
915 2826 950 2836 -
961 2801 1096 2868 pudieed.
1109 2799 1160 2864 Md,
1178 2800 1240 2850 item

223 2891 281 2945 Ver.
292 2898 318 2943 et
328 2888 475 2942 Corbeiens.
483 2887 609 2956 probante
617 2885 742 2954 Rigalti03
755 2896 879 2954 querutum
885 2889 1008 2962 pudicior
1021 2915 1048 2926 -
1061 2889 1200 2957 impudice
1208 2885 1239 2953 B,

223 3059 347 3122 peractam
363 2986 489 3118 puditt'o'r
512 3049 544 3114 (ti
562 3046 594 3098 ab
617 3045 650 3098 al.
669 3061 701 3098 m.
721 3061 797 3113 supra
822 3043 922 3113 addito]
941 3074 972 3084 -
991 3049 1122 3117 inpudice
1147 3050 1172 3101 d.
1191 3045 1239 3112 Ma,

223 3149 348 3210 quantum
369 3138 490 3205 pudicior
515 3136 686 3204 (impedietur
713 3134 763 3201 pr.)
790 3161 823 3174 -
846 3135 981 3202 inpudica
997 3133 1021 3185 d.
1045 3132 1086 3198 W,
1115 3143 1241 3203 quantem

113 3241 116 3249 '
222 3228 408 3297 impudicicior
436 3226 536 3293 (inpud
561 3220 603 3274 Fr.
627 3220 707 3275 Emm.
733 3222 769 3290 1.)
799 3251 831 3262 -
857 3225 956 3293 pudica
984 3226 1008 3276 d.
1041 3220 1083 3274 Fr.
1108 3221 1190 3275 Emm.
1218 3225 1240 3276 1.

223 3332 246 3368 c.
266 3313 324 3366 edd.
345 3320 408 3364 vett.
428 3319 453 3363 et
470 3309 575 3376 Remb.,
600 3322 693 3381 quante
717 3314 890 3381 impedietur,
918 3329 984 3381 quae
1001 3320 1111 3366 acesceret
1130 3315 1238 3382 pedica,

223 3401 359 3466 at.dianut.,
373 3409 467 3469 quanto
478 3403 575 3469 pedico
586 3429 629 3468 -,
643 3403 801 3471 impedietur
809 3403 833 3453 rt.
844 3398 951 3464 Motell,
967 3403 1071 3470 quando
1083 3403 1182 3469 pudica
1196 3426 1239 3466 -,

223 3491 383 3558 impudieier
412 3489 436 3539 d.
460 3485 572 3552 Erasm,
603 3490 704 3556 quande
729 3491 827 3556 pudico
861 3517 907 3555 -,
942 3491 1076 3556 impudice
1107 3490 1130 3540 ct
1165 3484 1238 3538 Grau.

224 3574 292 3628 Pam.
311 3573 366 3643 tog.
386 3571 432 3626 Ox.
451 3573 536 3627 Belua.
555 3573 643 3628 Goidh.
679 3573 735 3644 Ego
754 3584 857 3628 secutus
876 3592 930 3626 sum
949 3575 1038 3627 librum
1057 3564 1125 3639 Mb,
1137 3575 1181 3643 qui
1206 3575 1241 3626 ita

226 3661 339 3714 exhibet:
359 3664 459 3730 quande
476 3665 573 3730 pedica
590 3671 795 3732 peneveeneret,
817 3665 945 3731 inpudice
962 3666 1082 3717 discedit.
1120 3660 1240 3712 Similiter

226 3748 319 3802 Noster
337 3748 369 3800 ed
387 3747 512 3802 Donatum
536 3766 563 3818 p.
582 3750 621 3801 d:
648 3767 714 3820 qnae
736 3752 835 3819 pudiea
857 3753 976 3819 fortunae
1000 3753 1034 3803 od
1059 3751 1240 3818 spectaculum

224 3847 345 3892 matrone
367 3847 552 3908 praemonet,
580 3841 612 3892 de
637 3840 787 3907 spectaculo
811 3840 958 3892 revertitur
983 3838 1117 3906 inpudice.
1162 3833 1190 3885 Iu
1214 3834 1237 3886 A

226 3923 374 3978 exciderunt
390 3925 456 3980 haee
475 3933 502 3978 et
518 3942 590 3998 seqq.
608 3942 689 3996 usque
708 3925 741 3978 ad
757 3923 836 3979 verba
855 3942 886 3980 ac
903 3933 995 3980 mente
