2882 4692
667 326 733 410 ἐει

196 504 307 566 artifex
329 509 397 566 tuus
419 510 449 567 te
472 521 533 568 non
556 511 773 588 recognoscat,
796 503 832 568 ad
854 523 908 570 sua
929 505 1059 588 praemia
1082 512 1112 568 et
1133 523 1210 588 pro·
1295 561 1297 574 ,

197 622 288 684 misso
312 622 480 683 venientem
503 627 657 683 removeat
680 625 711 682 et
733 619 889 699 excludat,
919 622 1076 703 increpans
1104 620 1211 704 vigore

196 736 333 802 censoris
366 741 396 797 et
425 733 530 796 iudicis
561 733 673 797 dicatz·
689 731 770 815 Opus
786 733 825 811 ¹¹)
857 733 915 797 boc
945 753 1042 797 meum
1071 739 1211 814 nonest,

196 871 254 914 nec
275 852 374 933 imago
398 850 472 912 haec
494 855 596 912 nostra
620 855 674 910 est.
721 845 882 925 Guten12)
914 848 989 913 falso
1019 848 1212 911 medicamine

170 965 345 1048 spclluisti,
377 963 490 1024 crinem
521 960 783 1036 adulter0,colore
807 960 940 1040 mutasti,
974 970 1143 1046 expugnato
1167 969 1212 1025 est

196 1078 352 1143 mendacio
376 1075 482 1155 iacies,
505 1076 601 1159 figura
623 1079 762 1156 corrupta
786 1080 848 1154 est,
879 1075 977 1139 vultus
1010 1076 1124 1140 alienus
1157 1084 1211 1140 est.

197 1195 293 1256 Deum
315 1191 419 1256 videre
441 1209 502 1254 nun
525 1190 649 1271 poteriS,
674 1187 792 1270 quando
817 1188 895 1252 oculi
918 1189 970 1252 tibi
987 1186 1026 1264 ¹³)
1049 1209 1109 1254 non
1134 1198 1212 1271 sunt,

199 1324 275 1389 quos
299 1305 372 1369 deus
395 1304 481 1385 iecit,
511 1303 565 1367 sed
589 1321 665 1385 quos
688 1301 822 1366 diabolus
845 1302 954 1366 infecit.
998 1303 1080 1366 Illum
1103 1310 1134 1366 tu
1157 1322 1212 1367 se-

199 1429 335 1500 metues,
357 1421 461 1484 rutilos
474 1417 516 1496 ¹⁴)
541 1427 630 1501 atque
647 1419 781 1500 depictos
805 1419 908 1482 oculos
931 1420 1078 1500 serpentis
1100 1419 1210 1481 imitata

158 1527 249 1616 roes,
288 1535 326 1598 de
359 1535 477 1598 inimico
510 1539 561 1596 tuo
596 1539 727 1614 compta,
764 1549 837 1622 cum·
869 1531 918 1594 illo
952 1533 1063 1612 pariter
1096 1549 1208 1594 arsura.

197 1654 279 1717 Haec
292 1647 346 1730 ¹⁵),
370 1667 441 1728 cro,
473 1666 534 1711 non
560 1647 718 1730 cogitanda
747 1653 816 1709 sunt
846 1645 894 1706 dei
924 1647 1039 1725 servis,
1068 1662 1130 1707 non
1162 1645 1210 1708 die

198 1785 317 1849 semper
340 1783 375 1828 ac
396 1768 485 1827 nocte
507 1760 690 1825 metuenda?
727 1759 861 1822 Viderint
877 1758 947 1839 quid
969 1760 1026 1822 sibi
1048 1766 1157 1842 nuptae
1171 1753 1210 1835 ¹⁶)

199 1929 405 1942 .......—--——-

271 2021 316 2088 ii)
335 2037 399 2091 opcc
409 2015 451 2069 Fr.
465 2015 544 2067 Emm.
560 2013 583 2066 1.
620 2010 695 2075 Quod
712 2013 826 2079 sequitur
844 2015 893 2064 boc
907 1973 956 2063 om.
971 2009 1017 2062 bic.
1050 2009 1107 2063 Mox
1124 2013 1211 2082 imcqo

199 2121 261 2171 baec
279 2109 450 2180 praebuerunt
467 2104 507 2155 W.
526 2100 624 2153 diabcd.
643 2097 685 2153 Fr.
703 2099 784 2152 Emm.
805 2099 827 2150 1.
846 2097 875 2150 Β.
895 2098 931 2164 Α,
959 2099 1019 2153 item
1038 2098 1097 2150 edd.
1118 2097 1210 2152 Mauut.

200 2199 296 2254 bioreli.
315 2196 383 2248 Pam.
403 2191 460 2260 mg.
473 2187 530 2256 On,
548 2193 612 2243 boec
628 2191 714 2256 imopc
733 2186 792 2237 dant
810 2184 868 2238 edd.
882 2185 1025 2238 Manutiana
1044 2187 1209 2255 antiquiores,

202 2295 262 2344 boec
279 2286 344 2338 male
364 2298 412 2334 om.
432 2279 516 2331 Bnlur.
536 2284 561 2328 ct
579 2274 669 2327 Goldb.
706 2273 751 2341 12)
770 2283 853 2328 comto
869 2274 929 2339 (sic)
942 2273 985 2326 Fr.
999 2273 1078 2326 Emm.
1096 2273 1127 2338 1.‚
1147 2291 1211 2326 cnr-

202 2397 259 2432 nem
277 2390 323 2443 pro
343 2375 441 2426 crinem
453 2366 500 2419 Mc.
537 2363 564 2414 br
584 2360 694 2414 clausula
711 2363 812 2414 euticus
831 2365 935 2416 aliertua
953 2362 1016 2428 (sic)
1028 2359 1069 2413 Fr.
1083 2361 1163 2413 Emm.
1178 2346 1216 2426 1.‚'

201 2471 286 2536 [acics
311 2465 396 2515 eliaca
415 2457 462 2508 bie.
497 2451 676 2504 TumWom.
696 2457 743 2502 εει.
790 2448 834 2514 13)
858 2447 895 2499 Ita
914 2448 954 2500 W.
975 2447 1072 2499 biabcd.
1094 2445 1163 2498 B.A
1190 2455 1214 2497 et

202 2553 259 2605 edd.
279 2563 366 2601 omnes
385 2545 497 2611 exceptis
517 2541 602 2592 Buluz.
623 2547 649 2590 et
667 2537 766 2600 Goldh.‚
786 2536 920 2606 inquibus
942 2545 981 2588 est
1000 2539 1070 2590 oculi
1089 2539 1141 2598 tui3
1169 2537 1215 2588 tibi

201 2644 273 2696 oculi
291 2637 368 2689 babet
384 2633 426 2685 Fr.
438 2631 519 2683 Emm.
539 2631 562 2680 i.
601 2625 698 2677 Deinde
719 2628 774 2678 sint
792 2623 831 2675 W.
851 2623 932 2676 biabd.
953 2624 973 2674 Α
993 2632 1017 2674 ει
1037 2621 1076 2673 Fr.
1097 2621 1176 2674 Emm.
1191 2621 1214 2674 1.

198 2729 260 2780 Item
274 2724 331 2778 edd.
344 2731 406 2775 vett.
420 2739 442 2773 c.
455 2717 543 2772 Remb.
554 2716 650 2768 Eresm.
662 2715 736 2766 Grau.
764 2713 823 2764 bion
835 2716 902 2782 quod
914 2717 978 2766 deris
992 2709 1019 2763 B.
1052 2711 1097 2780 14)
1110 2713 1215 2766 rutinico

200 2815 248 2868 bib.
282 2813 341 2865 Post
354 2813 455 2865 imitate
468 2807 490 2860 Α
503 2823 552 2858 om.
567 2824 604 2860 ec.
638 2803 696 2856 bion
708 2807 808 2873 puriter
819 2819 919 2854 arcura
931 2800 1028 2850 restitui
1048 2815 1078 2848 ex
1091 2798 1163 2849 codd.
1175 2796 1214 2851 W.

200 2901 298 2954 Mabcd.
309 2899 349 2952 Fr.
357 2897 437 2950 Emm.
446 2895 469 2947 1.
479 2893 499 2946 B
509 2903 535 2947 et
546 2909 577 2946 ex
585 2893 644 2945 edd.
654 2891 822 2943 Manutienam
836 2887 1054 2950 antecedentibus,
1068 2885 1215 2954 quibuscum

200 2992 327 3058 conspiret
354 2982 560 3048 estenderet,
588 2985 690 3051 pariter
708 2988 731 3031 ει
750 2994 850 3030 arsura
869 2974 990 3025 exhibent
1010 2973 1101 3023 bianut.
1120 2969 1215 3042 Pamel.

200 3089 352 3144 ceteraeque
376 3074 540 3126 recentiores.
587 3069 630 3131 15)
649 3069 702 3121 Nec
719 3065 749 3116 Α.
792 3061 858 3114 Dein
883 3080 935 3114 saun
962 3064 1099 3132 copitando
1124 3059 1218 3145 scripsi¹

198 3163 376 3234 praeeuntibus
395 3159 469 3212 codd.
481 3158 521 3210 W.
534 3156 618 3208 biebd.
630 3153 671 3206 Fr.
684 3153 763 3204 Emm.
780 3155 802 3203 1.
817 3151 846 3202 B.
860 3151 881 3202 Α
899 3159 924 3200 ει
944 3149 1000 3200 edd.
1015 3147 1103 3200 Remb.
1117 3145 1215 3198 Erasm.

201 3254 274 3306 Grau.
293 3259 367 3320 atque
393 3246 491 3300 biorcll.
510 3261 556 3313 pro
584 3247 720 3313 capitonda
744 3259 812 3308 nort,
843 3239 911 3308 quod
939 3255 970 3289 ex
994 3238 1086 3290 bianut.
1111 3239 1136 3288 in
1156 3236 1215 3288 rell.

201 3413 354 3481 posteriores
372 3406 476 3470 influxit,
494 3351 568 3458 εειοιῗ
579 3405 654 3472 oepit.
673 3401 740 3469 (scon
757 3415 771 3450 a
791 3417 811 3451 r.
831 3415 864 3450 m.
883 3413 958 3464 supra
979 3397 1056 3460 corr.)
1076 3394 1122 3448 bic.
1161 3395 1216 3447 bion

200 3505 268 3556 diem
288 3529 316 3538 -
339 3515 370 3552 oc
386 3494 461 3550 noete
478 3492 510 3556 A,
530 3495 586 3546 dica
605 3523 637 3532 -
657 3507 688 3542 ac
706 3499 781 3542 nocte
800 3485 841 3538 Fr.
861 3483 942 3537 Emm.
964 3485 985 3537 1.
1023 3483 1061 3536 Ad
1080 3485 1216 3536 ntetuendo

200 3588 304 3640 adnotat
328 3584 457 3637 Betucius:
486 3578 621 3646 „Erasmus
649 3577 745 3626 monuit
772 3573 832 3624 alibi
860 3573 889 3639 [i.
914 3588 936 3624 e.
963 3573 987 3622 in
1013 3571 1053 3622 ed.
1078 3569 1214 3636 Deventr.]

201 3676 253 3744 legi
281 3675 443 3736 meditanda,
473 3683 549 3740 quam
578 3667 716 3718 tectionem
747 3676 796 3730 ego
822 3662 907 3728 reperi
935 3662 960 3711 in
988 3659 1051 3710 libro
1078 3656 1212 3708 Fuxensi.“

204 3763 249 3832 16)
268 3771 364 3832 neptae
382 3775 431 3812 cm.
450 3757 491 3810 Fr.
510 3755 590 3808 Emm.
612 3755 652 3819 1.‚
677 3755 771 3805 arettae
796 3747 883 3801 scribit
900 3746 929 3800 B.
964 3745 1040 3797 Paulo
1058 3750 1114 3811 post
1133 3752 1215 3795 emnem

200 3864 250 3919 pro
268 3853 331 3905 dcem
348 3847 426 3900 babet
443 3846 474 3900 A.
505 3844 567 3896 Tem
585 3847 614 3897 tn
632 3841 804 3896 excecatione
822 3855 874 3891 cuc
892 3836 952 3888 dant
969 3833 1008 3884 W.
1022 3831 1070 3884 bia.
1086 3829 1115 3882 B.
1150 3828 1215 3880 Dein

201 3941 345 3994 adciscunt
368 3936 422 4003 tto,
446 3937 587 3991 miscent
609 3929 637 3983 B.
656 3928 714 3993 bid,
732 3928 793 3979 item
817 3925 874 3977 edd.
894 3924 985 3975 venet.
1006 3920 1028 3972 1.
1047 3920 1072 3972 2.
1092 3917 1214 3970 Darentr.
