2858 4688
736 349 798 420 loo

256 527 343 592 quam
366 527 456 574 carne
480 513 616 575 viventes
639 511 775 575 firmitate
799 514 887 576 animi
910 497 1106 580 infirmitatem
1138 515 1278 598 corporis

255 623 409 688 vincimus.
454 625 511 688 Per
533 627 595 707 ipsa
620 643 697 707 quae
720 644 777 691 vos
795 621 822 704 τ)
845 629 977 692 cruciant
1000 636 1030 693 et
1052 631 1177 715 fatigant
1199 647 1277 713 pro-

255 737 319 804 bari
343 745 372 805 et
394 740 587 806 corroborari
610 757 666 804 nos
689 741 800 805 scimus
824 747 853 804 et
876 741 1002 809 fidimus.

728 937 801 1010 xli.

341 1079 451 1143 Putatis
480 1097 536 1144 nos
557 1077 579 1154 ¹)
611 1079 738 1143 adversa
769 1079 923 1142 vobiscum
955 1081 1118 1162 aequaliter
1147 1084 1275 1164 perpeti,

256 1213 321 1258 cum
346 1193 451 1256 eadem
474 1193 601 1257 adversa
625 1193 751 1258 videatis
773 1181 902 1282 a'ndbis
926 1201 956 1257 et
976 1195 1060 1258 vobis
1079 1213 1138 1258 non
1157 1199 1275 1278 aequa-

254 1309 322 1371 liter
344 1307 512 1371 sustineri?
551 1301 644 1389 alpad
668 1325 723 1370 vor
746 1307 918 1390 inpatientia
942 1308 1071 1372 clamosa
1096 1327 1216 1399 semper
1245 1316 1275 1373 et

245 1421 377 1505 'querula
391 1417 418 1499 ²)
441 1428 504 1498 est3
528 1419 604 1502 apud
629 1439 684 1485 nos
706 1419 793 1485 fortis
815 1427 845 1484 et
859 1421 1002 1506 religiosa
1018 1425 1157 1506 patientia
1174 1425 1274 1506 quieta

254 1517 374 1615 semp'er
397 1539 427 1596 et
448 1517 568 1613 semper
590 1533 620 1594 in
644 1531 730 1594 deum
753 1529 836 1616 grata
861 1539 922 1610 cst;
947 1552 1004 1596 nec
1027 1536 1183 1617 quicquam
1203 1536 1274 1599 istic

253 1616 362 1711 lactum
385 1652 435 1709 aut
457 1663 635 1727 prosperum
659 1646 714 1707 sibi
738 1645 883 1724 vindicat,
916 1647 968 1708 sed
992 1648 1068 1709 mitis
1092 1657 1122 1710 et
1143 1649 1220 1710 lenis
1244 1655 1274 1710 et

255 1768 357 1824 contra
388 1777 493 1822 omnes
521 1757 690 1820 fluctuantia
721 1743 819 1821 mundi
850 1761 984 1823 turbines
1014 1761 1127 1824 stabilis
1154 1763 1273 1826 divinae

254 1847 473 1958 pollicitationis
497 1857 611 1956 tempus
636 1878 798 1955 exspectat.
838 1874 931 1947 Quam
949 1870 1037 1951 dial)
1062 1876 1139 1937 enim
1162 1893 1273 1958 corpus

208 2007 213 2011 .
253 2010 461 2028 ‚„-.......-.-

254 2093 345 2142 cicant
364 2083 403 2149 W,
421 2085 546 2152 punitati
561 2082 584 2132 Α
603 2089 629 2132 et
646 2097 659 2132 a
679 2097 712 2132 m.
731 2097 767 2148 pr.
789 2079 838 2144 lib,
858 2086 910 2130 tum
929 2068 1079 2149 inmanitate
1098 2081 1139 2134 Ba.
1176 2083 1204 2148 7)
1224 2103 1275 2138 aar

254 2173 294 2225 W.
315 2171 403 2222 illabcd
430 2179 456 2222 et
480 2169 547 2234 Bab,
574 2171 632 2220 itam
659 2167 718 2218 add.
737 2163 832 2218 Manui.
851 2165 948 2216 librali.
970 2165 1064 2220 Pamol.
1085 2167 1178 2236 Rigalt.
1197 2177 1274 2238 atque

255 2259 354 2322 Onon,
372 2276 423 2311 nar
441 2256 462 2307 A
482 2273 504 2309 c.
524 2257 616 2307 celeria
636 2255 719 2306 editis.
756 2253 854 2305 Deinde
872 2257 1049 2308 conroborari
1067 2255 1120 2321 Bo,
1146 2275 1272 2327 compro.

254 2350 312 2400 bari
325 2345 368 2396 Ba.
405 2344 431 2396 ln
450 2342 560 2395 clausula
578 2346 688 2409 fidamus
701 2341 732 2392 W
751 2351 776 2392 et
790 2341 839 2406 ila,
856 2345 962 2409 fidimus
983 2341 1036 2407 (alt.
1049 2346 1059 2396 a·
1073 2345 1097 2394 iu
1111 2359 1159 2396 raa.
1173 2344 1273 2411 script.)

254 2431 310 2498 ub,
331 2435 487 2499 confidimus
507 2431 547 2481 Md
568 2447 589 2479 c.
611 2429 669 2481 odd.
690 2438 750 2481 vett.
774 2429 871 2482 Eranam.
892 2426 965 2480 Grav.
986 2437 1010 2479 et
1030 2428 1126 2480 Mosell.

324 2519 387 2570 XVl.
425 2518 453 2584 l)
472 2535 522 2570 noa
541 2517 579 2566 bia
598 2517 677 2567 babet
695 2515 742 2568 Bb.
779 2515 840 2567 Tum
859 2520 997 2570 noliacum
1016 2517 1047 2568 Α.
1067 2516 1181 2576 ,Verbaa
1204 2535 1272 2585 par-

252 2610 305 2675 pcta'
318 2633 348 2644 -
361 2621 415 2658 nvn
434 2606 578 2671 acqualiter
596 2619 645 2653 cnr.
660 2603 697 2654 Bb
717 2611 742 2653 et
756 2602 785 2652 Α.
823 2601 873 2653 Pro
892 2619 951 2656 cum
972 2605 1018 2668 (ita
1032 2605 1127 2671 primus
1141 2602 1274 2670 Erasmus)

254 2710 269 2742 e
295 2690 368 2742 codd.
396 2696 421 2740 et
446 2689 504 2740 edd.
529 2697 607 2754 vett,
636 2690 782 2758 quibuscum
808 2690 869 2741 iacit
895 2689 1008 2755 llorell.=,
1036 2692 1134 2742 restitui
1159 2693 1272 2760 quando.

254 2777 311 2829 llox
332 2788 356 2831 ct
374 2798 390 2830 a
408 2779 485 2830 cotia.
503 2774 545 2828 Ba.
592 2777 620 2844 2)
642 2781 749 2846 quercla
769 2778 807 2842 A,
835 2781 946 2846 querula
971 2793 985 2828 e
1012 2793 1077 2830 corr.
1102 2779 1128 2828 ia
1151 2793 1201 2830 ras.
1221 2771 1273 2826 llo.

254 2865 342 2916 Statim
361 2867 431 2935 aptant
450 2881 499 2917 aar
520 2861 565 2914 Bb.
602 2862 663 2914 Tum
683 2874 722 2918 cat
739 2879 785 2930 pro
805 2874 829 2918 at
848 2861 893 2927 Ba,
912 2867 1043 2934 roleqioea
1063 2862 1120 2928 llb,
1138 2865 1275 2932 sapientia

252 2967 299 3020 pro
318 2955 445 3023 patientia
464 2950 510 3002 Bb.
547 2949 663 3002 Proxime
682 2955 711 3004 in
729 2942 863 3004 dominum
881 2950 923 3016 W,
942 2953 971 3004 a'aa
990 2953 1036 3004 deo
1056 2949 1111 3000 bibo
1131 2957 1156 3000 at
1175 2946 1222 3012 Bb,
1242 2951 1274 3000 a'ar

252 3043 356 3094 damino
375 3039 422 3090 Ma.
461 3037 524 3089 Dein
545 3049 586 3092 eal
605 3043 630 3104 (a
651 3055 670 3089 r.
691 3040 752 3102 m),
780 3048 804 3091 ct
821 3055 869 3091 nac
887 3037 927 3089 W.
964 3037 1037 3101 Quod
1056 3037 1170 3104 sequitur
1190 3035 1271 3103 'quic-

252 3145 330 3196 quam
348 3129 373 3177 ia
390 3125 429 3176 lib
449 3141 462 3176 a
481 3142 500 3176 r.
520 3143 552 3178 nr.
573 3134 718 3193 corruptum
737 3133 776 3176 est
795 3126 819 3176 in
839 3129 989 3194 quicquam,
1011 3124 1079 3193 qaod
1099 3123 1226 3190 reperitur
1244 3121 1272 3170 in

253 3212 294 3263 ad.
314 3210 394 3275 Dav„
422 3215 561 3280 paticipatam
586 3211 679 3262 babent
703 3209 779 3262 Gran.
799 3211 892 3263 Manat.
912 3211 1006 3263 Pamel.
1026 3211 1117 3279 Rigalt.
1144 3215 1170 3260 et
1188 3207 1271 3258 Oxou.

252 3297 314 3348 'lum
333 3301 413 3350 ieta'rm
426 3300 455 3349 A.
493 3297 551 3348 dlox
569 3299 693 3350 vendicat
706 3297 745 3347 tle
764 3305 790 3348 at
808 3314 821 3348 a
841 3315 860 3350 a.
881 3315 912 3350 m.
927 3297 968 3350 llb
987 3315 1007 3349 c.
1029 3298 1087 3349 edd.
1103 3296 1166 3347 Dar.
1180 3291 1272 3367 ilem-b.

252 3383 349 3436 Eraam.
370 3383 444 3435 Grav.
461 3383 557 3434 Morell.
578 3390 604 3432 et
618 3382 697 3434 Onon.
736 3383 762 3434 ln
782 3401 852 3454 seqq.
872 3389 1032 3455 fluctuantes
1046 3384 1098 3436 Bab
1117 3391 1145 3435 et
1162 3399 1199 3450 pr.
1215 3381 1272 3443 Μῦς

250 3475 453 3542 pollicitationes
477 3473 559 3534 primo
584 3473 702 3536 scripturn
729 3469 776 3521 luit
801 3474 825 3522 in
852 3472 917 3523 libro
941 3472 1100 3538 posteriora,
1127 3472 1152 3520 in
1175 3480 1226 3535 quo
1244 3481 1272 3518 v·

251 3567 352 3627 tempus
372 3574 390 3610 r.
411 3573 442 3607 m.
463 3571 538 3622 supra
558 3555 661 3606 addidit.
699 3557 767 3608 idem
794 3558 857 3610 liber
883 3559 960 3610 babet
983 3577 1087 3627 semper
1109 3565 1273 3626 exspectans

202 3654 205 3662 ’
251 3649 298 3729 (ὦ
317 3679 332 3714 a
351 3677 415 3713 corr.
435 3662 461 3710 in
480 3663 650 3728 raapoaito).
687 3663 716 3725 3)
737 3663 772 3715 lta
785 3664 825 3715 llic
845 3672 871 3715 et
889 3664 946 3715 edd.
961 3663 1041 3714 liano.
1057 3661 1148 3713 Manui.
1163 3656 1272 3723 Pamel,

251 3769 328 3819 quum
343 3750 347 3814 Ι
364 3752 409 3802 aliu
429 3745 490 3812 (al.
511 3746 541 3796 ad
561 3747 592 3814 l.)
612 3748 641 3798 W
663 3757 688 3800 et
702 3747 762 3816 Bb,
786 3754 910 3820 quamdin
930 3748 1003 3801 llabd
1023 3759 1049 3802 et
1067 3749 1105 3814 A,
1130 3749 1190 3798 item
1210 3745 1272 3797 add.

250 3833 312 3887 Dav.
332 3833 421 3886 Remb.
442 3834 539 3885 Brasm.
560 3833 634 3887 Grav.
655 3835 748 3905 Rigalt.
769 3837 850 3890 Oxon.
870 3845 895 3887 et
914 3835 1022 3903 Goldb.,
1049 3831 1221 3906 pumerabat
1246 3847 1272 3885 c.

251 3923 308 3976 edd.
329 3921 374 3974 ΒΡ.
394 3921 456 3973 Ven.
478 3919 574 3974 llorell.
601 3931 627 3974 at
649 3921 736 3976 Bolua.
773 3923 835 3976 Tum
859 3927 902 3978 bic
925 3939 972 3992 pro
996 3929 1044 3978 boe
1071 3923 1129 3975 edd.
1155 3928 1218 3973 volt.
1245 3935 1272 3971 e.
