2882 4692
758 355 779 416 6

255 535 312 600 qua
336 533 408 590 ore,
426 532 488 594 -qua
512 518 611 574 ruente
636 516 714 572 lotus
738 511 853 573 auditor
878 527 911 572 es
936 516 967 571 et
988 508 1046 572 lroo
1068 526 1192 588 amore,
1216 529 1276 590 quo

255 629 361 710 diligis.
407 627 544 689 Getarum
569 625 656 705 quale
681 624 728 685 vel
753 630 893 705 quantum
920 629 966 686 est
998 623 1079 704 quud
1110 624 1139 686 iu
1172 631 1276 705 peetus

254 750 334 808 tuum
357 741 457 804 veniat
480 757 519 802 ex
542 739 629 800 uobis
646 733 703 814 ⁹l‘l
748 736 840 800 Exilis
864 738 976 822 ingenii
1000 743 1126 821 angusta
1148 731 1185 816 ¹⁰)
1208 756 1276 800 ure-

254 857 395 920 diuoritas
418 862 523 916 leuues
547 851 703 914 admodum
728 851 833 936 fruges
856 853 951 934 parit,
983 851 1071 918 uullis
1101 852 1137 914 ad
1157 855 1277 935 'copiam

255 970 375 1036 leouudi
399 967 540 1048 caespitis
565 965 740 1028 culminibus
764 968 952 1048 ingravescit.
993 965 1163 1047 Adgrediar
1178 975 1275 1030 mmeu

255 1086 405 1164 facultate,
429 1099 486 1165 qua
504 1081 607 1154 valeo;
631 1097 697 1142 uam
722 1088 752 1142 el
769 1078 805 1157 ¹¹)
829 1081 950 1143 materia
974 1079 1093 1160 dicendi
1117 1080 1187 1144 laoil
1208 1101 1275 1144 me-

254 1219 329 1262 cum.
371 1197 407 1260 lu
431 1197 545 1261 iudiciis
562 1197 612 1274 ¹²),
637 1198 665 1258 iu
691 1195 910 1276 contiuuepro
934 1197 1040 1260 rostris
1065 1195 1203 1278 opulenta
1227 1194 1275 1258 la-

253 1369 349 1378 m
362 1371 386 1376 --
401 1371 460 1376 —---

254 1475 292 1526 lrie
310 1474 405 1526 iaciunt
422 1472 480 1524 libri
499 1481 557 1523 ante
578 1471 668 1538 lligrdt.
690 1469 751 1522 aditi
775 1469 888 1536 itemque
907 1468 992 1520 Belua.
1012 1479 1038 1522 et
1058 1469 1147 1521 Goldlr.
1185 1471 1273 1522 Statim
1353 1490 1359 1498 ·

254 1580 305 1630 pua
329 1578 390 1624 aro,
416 1578 467 1628 qua
491 1569 574 1612 merite
593 1557 623 1608 W
650 1565 676 1607 et
695 1556 733 1608 lla
759 1557 929 1608 coniecturum
955 1558 1112 1624 ingeniosam
1139 1559 1175 1609 lo.
1197 1560 1272 1610 Μ.

256 1648 386 1700 &rodoald
411 1642 567 1710 (Observato
588 1643 628 1694 ΙΙΙ.
652 1645 689 1694 12.
714 1661 738 1710 p.
759 1642 809 1693 262
835 1643 875 1694 ed.
894 1643 1022 1710 Frolaoh.)
1049 1645 1153 1714 egregie
1178 1643 1271 1695 coufir-

165 1763 168 1768 ·
254 1742 365 1796 mantea,
393 1751 443 1801 pua
462 1749 522 1799 ore,
542 1751 593 1801 pua
613 1742 695 1784 mente
713 1729 753 1781 tte
772 1738 798 1781 el
817 1729 852 1794 A,
877 1749 926 1799 quo
945 1747 1049 1793 amore,
1068 1749 1119 1798 qua
1136 1741 1219 1783 areale
1237 1727 1286 1788 Bu¹

254 1865 281 1907 et
291 1858 316 1906 io
329 1869 417 1922 apogr.
430 1853 451 1904 1.
465 1852 488 1904 2.
504 1851 554 1917 ltu,
573 1853 616 1903 ubi
630 1861 720 1920 postea
734 1854 759 1903 in
773 1851 816 1903 alt.
830 1867 918 1920 apogr.
932 1853 1052 1919 seriptum
1067 1860 1106 1902 ert
1118 1869 1132 1906 a
1145 1853 1198 1921 pud
1211 1821 1273 1855 ’κη

253 1950 352 2005 menta,
379 1939 447 2008 qaod
466 1941 592 2005 reperitur
612 1941 687 1990 etiam
708 1941 731 1990 irr
752 1937 805 2002 Bb,
831 1950 884 1993 lana
902 1956 962 2002 ore,
982 1956 1059 2007 qaam
1077 1948 1161 1992 merite
1179 1939 1272 1990 habeut

253 2027 333 2096 Boug.
355 2035 381 2080 et
398 2026 438 2078 lut
458 2043 479 2078 e.
500 2026 558 2079 edd.
579 2026 744 2095 lligaltirmam
763 2026 991 2091 antecedentibus,
1018 2043 1095 2094 quam
1113 2042 1176 2090 ore,
1195 2044 1272 2095 quum

216 2143 220 2149 ·
253 2123 335 2168 mente
354 2113 445 2182 Rigalt.
466 2123 491 2165 et
510 2111 607 2177 Orou.‚
627 2123 678 2167 tam
698 2133 773 2180 rure,
792 2133 870 2184 quam
888 2123 971 2168 urente
988 2110 1073 2164 Baluz.
1093 2111 1182 2164 Goldlr.
1219 2111 1271 2164 Ce-

252 2212 333 2258 terum
359 2201 390 2251 de
416 2201 546 2266 locutione
570 2191 672 2270 quit*
691 2221 743 2270 qua
768 2201 819 2254 vid.
840 2197 1269 2255 draaaa.l.c.er11ttmtraud.

252 2289 283 2342 ad
304 2289 402 2357 Apuleii
423 2287 585 2355 lletemorplr.
606 2287 644 2339 llll
665 2289 706 2339 ld.
730 2307 754 2356 p.
774 2287 832 2340 863.
871 2286 931 2338 Tum
956 2305 992 2341 em
1010 2291 1059 2340 lroc
1077 2303 1167 2341 umore
1185 2285 1226 2338 ltu
1246 2295 1271 2338 et
1303 2298 1308 2318 ⁸

253 2375 298 2428 Bb.
336 2375 401 2427 Delu
421 2385 488 2446 quod
505 2376 611 2446 dittpta,
632 2377 655 2426 iu
676 2377 718 2426 alt.
738 2391 825 2442 apogr.
844 2393 894 2444 quo
913 2378 1029 2444 dolopes,
1049 2389 1081 2425 ex
1099 2373 1199 2424 erueud.
1221 2392 1270 2443 quo

252 2504 342 2569 dilipr'a
359 2500 408 2550 ttb.
446 2499 476 2567 9)
495 2501 581 2554 emolat
599 2469 620 2499 ’ἱ
638 2515 674 2550 eu·
691 2501 768 2550 aratia
787 2499 810 2548 iu
830 2510 917 2564 apogr.
941 2499 974 2557 1.,
994 2499 1081 2550 aarum
1100 2506 1124 2550 el
1142 2513 1177 2550 em
1193 2499 1269 2551 tolie

252 2591 276 2640 in
295 2588 331 2650 2.,
351 2589 375 2638 iu
395 2601 446 2653 quo
465 2594 539 2638 etex
557 2592 630 2650 parte
649 2599 748 2636 eranum
768 2591 816 2645 eal,
834 2583 938 2636 exhibet
958 2583 1005 2635 llb.
1044 2583 1089 2644 10)
1110 2593 1224 2652 amputa
1239 2582 1269 2632 A.

252 2674 309 2726 Mox
334 2676 427 2727 elmlea
453 2681 543 2724 muer
569 2667 615 2720 Bb.
659 2669 686 2720 lu
712 2685 781 2737 seqq.
808 2685 854 2736 pro
880 2675 991 2740 reapilla
1018 2671 1107 2736 scripsi
1132 2673 1268 2738 oaupitia.

252 2760 307 2812 Vld.
328 2760 452 2825 Waprrer.
472 2755 489 2810 l.
509 2773 530 2824 o.
551 2764 578 2806 at
595 2759 681 2825 Sillim
702 2755 718 2806 l.
736 2771 758 2815 o.
801 2757 843 2822 11)
863 2760 891 2810 iu
911 2773 957 2824 pro
975 2769 999 2811 et
1018 2757 1048 2808 Α.
1085 2755 1156 2808 ldeur
1174 2756 1269 2806 deiude

251 2854 347 2904 martur
364 2858 410 2912 pro
430 2860 539 2899 meeum.
575 2843 620 2901 l2l
639 2845 671 2897 lu
689 2845 787 2896 iudicio
809 2843 857 2894 ild.
894 2843 967 2906 Quod
987 2844 1100 2912 requitur
1117 2845 1146 2896 iu
1164 2857 1214 2894 om.
1229 2841 1267 2891 W.

252 2933 349 2988 dubet.
369 2932 430 2984 Bab.
450 2935 470 2982 Α
490 2940 517 2984 et
535 2931 575 2982 ed.
591 2929 687 3005 llorell.
727 2929 792 2983 Dein
811 2935 931 2986 cantione
949 2948 972 2986 c.
991 2932 1049 2984 edd.
1069 2929 1114 2982 st.
1134 2930 1222 2982 verret.
1243 2938 1269 2980 et

253 3019 315 3073 Dur.
342 3028 414 3073 reela
440 3018 527 3072 rorilrit
553 3018 593 3068 W.
636 3017 693 3069 Vid.
720 3021 807 3088 Sillip.
834 3018 851 3070 1.
877 3034 899 3070 e.
942 3022 1101 3077 uuerdent
1129 3020 1153 3071 iu
1179 3016 1268 3068 llluaeo

251 3106 372 3174 philolog.
393 3105 506 3158 Rheon.
526 3103 590 3156 dun.
611 3103 674 3156 Vlll.
699 3121 724 3170 p.
745 3104 795 3160 226
815 3112 841 3154 at
859 3104 918 3156 233.
954 3103 1089 3172 Perpetem
1115 3107 1269 3160 aaudieiane

251 3193 283 3256 Α,
303 3195 464 3246 eouteulioee
482 3190 533 3255 Ba,
552 3193 730 3247 eutolmium
749 3189 800 3254 Bu,
819 3194 848 3244 iu
866 3196 961 3246 iudicia·
979 3194 1098 3246 caudeae
1117 3190 1175 3245 edd.
1196 3198 1268 3253 retu,

250 3283 279 3330 ira
302 3280 395 3332 iudicii
419 3279 580 3332 oouteatiaue
598 3274 712 3340 Ermum,
738 3280 767 3329 iu
790 3279 886 3330 iudicii
909 3281 1078 3334 eudaemona
1096 3275 1170 3328 Grau.
1207 3274 1268 3328 Tum

250 3374 279 3402 Μ
292 3415 341 3466 pro
356 3399 456 3452 restria
469 3400 591 3467 opulenta
604 3368 634 3402 Μ
647 3401 784 3465 facundia,
805 3373 874 3414 'm‘
885 3401 997 3453 volubili
1009 3401 1146 3452 ambitione
1158 3401 1268 3452 iactetur

250 3485 275 3534 iu
294 3497 381 3551 apogr.
400 3481 425 3532 2.
445 3482 522 3534 habet
540 3481 597 3547 lib,
625 3501 706 3538 aa-
727 3513 759 3522 -
785 3489 822 3538 ait
846 3488 989 3556 facundia,
1018 3501 1099 3555 araque
1123 3487 1198 3536 etiam
1219 3483 1268 3548 Bu,

250 3572 361 3622 alitione
373 3565 420 3631 Blr,
439 3568 606 3623 laetatur-lib
626 3571 650 3621 iu
669 3586 758 3638 apogr.
774 3573 806 3636 1.,
827 3576 932 3624 laetata
947 3587 978 3621 m.
994 3585 1043 3638 pr„
1062 3585 1142 3622 areo.
1157 3571 1269 3624 iaeletm

250 3655 296 3706 lle.
334 3657 395 3722 Qud
416 3656 444 3718 li.
463 3669 485 3706 e.
505 3659 639 3724 quonium)
659 3657 712 3724 pro*
724 3675 783 3711 eum
801 3659 896 3725 ubique
916 3657 944 3708 Α.
983 3657 1061 3721 Vero,
1079 3656 1147 3725 quod
1166 3655 1266 3707 addeu-

249 3739 307 3790 dum
328 3754 384 3790 esea
406 3739 500 3790 monuit
518 3743 643 3796 Latinius
662 3743 687 3794 irr
706 3741 864 3794 Bibliotheca
883 3759 947 3794 eaor.
968 3761 992 3810 p.
1016 3743 1079 3807 171,
1107 3757 1163 3793 eum
1182 3758 1267 3810 neque

250 3822 333 3888 codd,
353 3840 437 3894 neque
456 3824 513 3876 add.
534 3835 594 3878 ante
613 3828 704 3898 lligelt.
723 3837 878 3898 agnoscant,
899 3829 923 3880 iu
943 3837 1038 3882 textum
1057 3830 1171 3880 irrorare
1191 3844 1268 3881 ausus

249 3922 297 3960 uon
323 3926 386 3962 auur.
425 3911 503 3964 Alteri
527 3913 559 3966 alr
585 3915 626 3966 ed.
654 3913 746 3967 Manat.
772 3917 847 3968 etiam
874 3918 919 3978 de;
947 3917 971 3966 iu
998 3915 1155 3986 Gotliugeuei
1181 3922 1266 3967 autem
