2904 4692
670 417 731 482 ¹33

116 563 127 578 ’
187 594 264 660 ergo
287 577 316 638 in
340 577 492 657 praesenti
515 574 691 638 mortalitate
715 577 887 656 contristat,
911 576 990 657 quod
1015 579 1065 657 qui
1088 583 1208 658 paratus

188 688 224 754 ad
249 688 473 753 confessionem
497 688 611 752 fueram
636 688 723 752 etad
752 690 936 754 tolerantiam
967 692 1114 773 passionis
1145 696 1207 755 toto

140 863 145 868 .
189 821 236 878 nae
256 801 395 894 cordeet
410 802 496 883 plena
512 803 622 866 virtute
638 802 831 882 devoveram,
854 805 995 886 martyrio
1012 823 1079 867 meo
1096 805 1207 885 privor,

189 915 258 980 dnm
287 921 393 979 morte·
411 916 598 998 praevenior.
648 917 744 979 Primo
774 918 804 980 in
834 918 903 979 loco
934 935 995 980 non
1024 924 1069 980 est
1099 919 1129 979 in
1160 923 1207 980 tua

187 1034 353 1112 potestate,
377 1028 431 1091 sed
454 1031 485 1091 in
508 1029 561 1091 dei
581 1030 755 1112 dignatione
778 1031 966 1113 martyrium,
997 1049 1054 1094 nec
1069 1028 1107 1107 ²)·
1121 1038 1207 1113 potes
1309 1013 1317 1018 ’

189 1149 219 1203 te
243 1139 344 1205 dicere
366 1141 536 1223 perdidisse
567 1142 648 1222 qnod
678 1146 777 1207 nescis
806 1130 849 1207 an‘
874 1145 1018 1208 merearis
1047 1136 1206 1230 nccilpere.
1222 1157 1259 1196 ²³⁴

189 1255 272 1319 Tunc
295 1253 404 1317 deinde
428 1255 502 1317 deos
521 1250 566 1334 3),
596 1263 746 1318 scrutator
767 1257 849 1320 renis
872 1265 903 1319 et
924 1256 1024 1320 cordis
1047 1263 1077 1319 et
1101 1256 1206 1320 occul-

189 1374 286 1430 torum
312 1366 528 1449 contemplator
550 1371 580 1428 et
603 1368 751 1448 cognitor,
775 1366 855 1432 videt
871 1373 900 1430 te
916 1375 946 1431 et
960 1369 1061 1432 laudat
1076 1374 1105 1430 et
1121 1386 1206 1432 oom-

188 1480 313 1561 probct,
346 1483 376 1540 et
399 1477 450 1556 qui
472 1476 613 1558 perspicit
636 1477 713 1559 epod
738 1484 767 1540 te
789 1483 919 1560 paratam
943 1478 1036 1543 luisse
1061 1481 1206 1558 virtutem,

188 1591 294 1655 reddet
315 1606 370 1673 pro
394 1591 503 1651 virtute
523 1589 700 1660 mercedem.
736 1591 810 1653 Num
831 1591 900 1671 quid
914 1588 942 1666 ⁴)
960 1591 1041 1671 Cain,
1065 1611 1131 1655 corn
1148 1592 1206 1656 deo

189 1722 294 1768 munus
317 1703 451 1779 offerret,
475 1702 531 1764 iarn
555 1707 724 1783 peremerat
748 1701 895 1765 fratrem?
940 1701 976 1764 Et
992 1708 1089 1768 tamen
1106 1705 1206 1786 perri-

188 1817 296 1882 cidiutn
321 1823 420 1878 rnente
444 1822 620 1904 conceptum
644 1815 720 1878 deus
743 1816 886 1899 providus
912 1823 979 1880 ante
997 1814 1024 1892 ⁵)
1050 1816 1206 1879 damnavit.

188 1929 226 1992 Ut
239 1927 265 2004 ⁶)
291 1930 349 1993 illic
373 1930 513 2014 cogitatio
538 1929 611 1991 mala
636 1937 665 1991 et
687 1930 857 2012 perniciosa
881 1929 1039 2011 conceptio
1058 1927 1115 1990 dec
1130 1947 1206 2010 pro-

189 2041 309 2106 vidente
332 2048 490 2124 prospecle
514 2035 579 2120 est,
607 2044 646 2106 ite
676 2049 705 2106 ct
735 2044 766 2105 in
796 2042 844 2105 dei
872 2043 989 2122 servis,
1022 2040 1100 2123 apud
1131 2058 1206 2122 quos

185 2293 272 2346 scribit
290 2291 333 2345 ea.
371 2291 471 2344 Deinde
494 2295 703 2362 priesefssercm
723 2291 779 2356 blb3
804 2297 944 2366 passionis
964 2309 1014 2345 orn.
1035 2292 1082 2343 lla.
1120 2291 1205 2344 Statirn

185 2390 237 2435 toto
256 2400 311 2436 mec
331 2384 409 2436 carde
429 2380 473 2430 dat
491 2377 535 2430 ca.
573 2379 598 2430 ln
619 2379 657 2430 llo
680 2383 835 2434 devoveram
860 2388 1001 2431 correctum
1027 2388 1067 2430 est
1088 2395 1102 2431 e
1122 2381 1205 2432 decc-

187 2484 317 2522 ceceroos.
355 2466 414 2519 Post
432 2470 562 2536 martyrio
579 2469 603 2518 in
617 2468 638 2518 A
651 2466 818 2522 exciditsnec.
856 2469 884 2532 2)
903 2485 956 2522 non
969 2466 1015 2518 Bb.
1053 2470 1207 2521 Perdidisee

185 2571 199 2605 a
227 2543 292 2605 corr.
319 2571 352 2605 ro.
378 2555 402 2606 in
428 2571 476 2623 rog.
502 2553 579 2606 habet
598 2553 645 2605 lla.
684 2553 745 2605 'lum
770 2559 880 2609 nesciae
899 2556 929 2606 A.
975 2554 1004 2621 3)
1029 2557 1087 2608 dein
1105 2570 1143 2620 pr.
1165 2551 1206 2630 W,

186 2645 251 2696 desse
270 2644 360 2695 deinsde
380 2640 416 2704 Α,
445 2644 535 2694 deinde
554 2643 629 2694 renis
649 2651 672 2694 et
691 2644 781 2695 cordis
799 2651 935 2696 scrutatos·
953 2646 1020 2696 deus
1039 2641 1093 2706 lld,
1121 2658 1205 2693 scru-

186 2737 254 2781 tator
273 2736 312 2780 eet
326 2725 364 2776 W.
380 2725 460 2779 blebo.
475 2726 556 2778 ΒΜ
575 2729 647 2792 (ante
665 2731 740 2782 renis
760 2729 784 2778 in
800 2727 837 2778 lla
858 2737 1008 2794 expunctum
1027 2731 1074 2792 et),
1092 2729 1206 2782 strenis

188 2829 233 2892 ea,
251 2847 345 2884 renum
364 2829 460 2880 Erssna.
481 2830 555 2882 Grav.
577 2839 603 2880 et
620 2830 716 2882 llorell.
753 2829 817 2880 Dein
837 2814 877 2911 {st
895 2836 1083 2900 contemplator
1100 2841 1140 2886 est
1158 2831 1205 2894 lla,
1250 2833 1253 2841 '

187 2936 323 3002 cmitesnpl.
343 2942 382 2989 est
401 2935 489 2986 scribit
508 2936 583 2985 etiam
597 2933 637 2983 W.
674 2935 716 2986 d'e'
729 2947 780 2982 om.
794 2932 826 2996 A,
845 2932 882 2982 ltb
901 2941 985 2984 eutero
1001 2931 1033 2983 sb
1046 2932 1078 2982 al.
1092 2947 1125 2982 nr.
1140 2934 1207 2984 inter

186 3036 275 3072 versus
293 3021 379 3072 babet.
415 3019 473 3082 Pro,
484 3023 635 3087 comprobet
648 3019 706 3070 blbd
726 3017 821 3070 babent
841 3022 998 3087 conprobat.¹
1025 3017 1091 3069 Male
1106 3023 1207 3086 perficit

186 3108 208 3159 A
228 3121 337 3175 moxque
356 3110 440 3160 reddit
457 3124 506 3175 pro
525 3108 643 3160 mercede
659 3109 793 3170 visentem,
816 3107 900 3158 reddit
916 3123 964 3173 pro
983 3109 1082 3160 virtute
1100 3121 1204 3160 merce-

185 3198 242 3248 dem
268 3194 334 3246 idern
359 3193 439 3255 libera
465 3196 551 3247 reddit
575 3193 652 3244 etiarn
672 3192 743 3243 llacd
769 3200 795 3244 et
813 3190 866 3244 Bab
887 3209 909 3243 c.
930 3193 971 3244 ed.
992 3192 1101 3256 Menon,
1127 3193 1205 3244 ceteri

185 3291 270 3332 tamen
290 3280 566 3348 eademeadem.
603 3281 632 3343 4)
655 3279 690 3332 lta
710 3279 748 3330 W.
769 3279 812 3330 lla.
832 3279 926 3332 Pemsl.
946 3289 972 3332 ct
990 3280 1062 3348 inp,
1080 3282 1207 3349 nempsstd

186 3366 242 3418 rell.
261 3367 349 3434 scripti
369 3375 394 3419 et
415 3366 477 3419 editi
496 3367 610 3432 exceptis
624 3364 697 3418 Grav.
718 3376 744 3418 et
756 3366 865 3431 blcrell.,
883 3369 908 3420 in
921 3368 1012 3430 quibos
1026 3367 1119 3436 legitur
1130 3385 1204 3422 nun-

185 3457 255 3523 quid.
293 3454 357 3506 Dein
377 3457 480 3508 domino
500 3456 591 3520 (itaet
611 3452 659 3522 Ba)
680 3471 777 3510 monne
797 3458 887 3525 offeret
906 3454 937 3506 Α.
973 3453 1106 3510 Statimv.
1124 3469 1203 3521 pere-

186 3551 269 3594 nsernt
287 3541 438 3593 correctoris
458 3555 545 3591 manns
565 3543 589 3592 in
603 3539 644 3591 lllb
663 3541 777 3607 corrupit
792 3541 816 3591 in
829 3543 979 3608 periotes-ot,
999 3539 1066 3607 quod
1080 3539 1205 3606 reperitur

186 3627 261 3678 etism
280 3627 305 3678 in
319 3627 359 3677 W.
398 3627 427 3694 5)
446 3636 505 3680 saite
524 3626 597 3677 deest
616 3627 641 3676 in
658 3624 688 3676 Α.
727 3625 797 3676 ldens
816 3633 842 3677 et
860 3625 897 3676 Bh
916 3626 1028 3678 scribunt
1046 3629 1204 3694 dampnavit.

185 3713 213 3776 b)
234 3709 332 3766 Omissa
351 3715 440 3781 partic.
460 3723 488 3766 ut
503 3712 544 3763 blb
564 3711 640 3764 babet
657 3713 706 3764 illi.
743 3709 803 3764 Tum
821 3716 976 3781 periculosa
994 3717 1126 3784 cassceptio
1146 3714 1203 3764 cod.

185 3800 367 3870 Seguierlanus
386 3819 425 3870 ap.
447 3801 532 3854 Belus.
570 3800 657 3852 Statim
683 3801 787 3854 domino
805 3804 956 3870 procidente
974 3800 1011 3866 Α,
1038 3789 1205 3869 praecidentis

186 3889 256 3954 blac,
281 3893 434 3960 presidente
456 3899 594 3960 perspecto
614 3887 780 3939 Goldhornius
806 3904 837 3940 en
862 3903 912 3938 ono
932 3881 1003 3938 V'oss.
1017 3887 1041 3938 3.
1061 3903 1101 3957 ap.
1122 3885 1204 3940 Oion.

186 3974 404 4046 Praepositiocsm
422 3981 451 4032 s'n
469 3986 528 4030 sote
546 3979 588 4032 dei
605 3978 695 4032 sessis
714 3991 764 4029 om.
783 3976 812 4030 Α.
850 3974 876 4028 ln
895 3990 966 4045 seqq.
985 3974 1054 4028 idem
1072 3973 1138 4028 liber
1156 3990 1203 4030 ex·
