2834 4686
223 591 226 597 .
278 535 346 600 cuio
370 535 556 602 recedamus.
602 534 633 599 in
657 532 773 596 tristitia
801 539 830 595 et
858 533 971 617 gemitu
1002 533 1094 596 simus
1110 527 1139 610 9)
1167 549 1295 609 necesse

278 657 324 714 est
348 651 485 713 omuibus
508 647 613 712 diebus
638 648 717 710 vitae
740 653 871 725 nostroe,
895 645 1017 708 edamus
1040 663 1146 728 panem
1168 663 1295 710 necesse

181 749 184 760 ¹
277 771 323 828 est
354 781 420 828 cura
452 763 566 826 sudore
599 769 629 824 et
658 759 771 824 labore.
816 758 904 823 Unde
933 760 1139 842 unusquisque
1159 755 1198 834 11)
1229 779 1295 822 curu

277 878 408 942 nuscitur
431 883 459 940 ct
481 876 611 960 bospitio
634 872 734 938 nmndi
757 875 843 938 buius
869 875 1036 958 excipitur,
1068 875 1181 936 initium
1207 875 1298 936 sumit

277 1009 293 1054 e
317 991 447 1054 lacrimis
470 996 499 1053 ct
523 992 659 1072 quamvis
682 989 778 1053 adbuc
802 991 930 1052 omnium
963 988 1084 1052 nescius
1113 995 1144 1048 et
1172 988 1297 1070 igneum

277 1103 350 1166 nibil
373 1103 450 1166 eliud
475 1107 558 1168 norit
579 1107 610 1168 in
634 1103 681 1166 iiia
704 1104 768 1186 ipsa
791 1105 886 1187 prima
908 1103 1078 1180 nativitate,
1102 1117 1189 1182 quam
1212 1100 1295 1162 flere.

277 1214 466 1280 Providentia
490 1216 616 1278 naturaii
638 1211 839 1298 iaimcntatur,
872 1215 949 1276 vitae
972 1212 1104 1281 mortalis
1122 1211 1163 1285 ¹¹)
1186 1214 1338 1276 anxie-m
1394 1243 1395 1252 κ

276 1334 353 1392 tates
377 1334 407 1391 et
428 1329 549 1392 labores
571 1333 601 1390 et
622 1328 773 1410 procellas
795 1326 912 1405 mundi,
944 1341 1019 1407 quus
1049 1325 1235 1409 ingreditur,
1267 1328 1296 1389 iu
1394 1305 1395 1308 Ἴ

277 1440 405 1503 exordio
428 1441 524 1502 statim
547 1457 604 1504 suo
627 1439 745 1522 ploratu
769 1444 797 1502 et
818 1439 930 1522 gemitu
946 1437 1029 1500 ruatis
1044 1439 1139 1504 sobna
1155 1445 1297 1515 testatum

277 1552 402 1616 sudetur
433 1551 528 1621 enirn.
561 1567 648 1632 quarn
680 1548 730 1612 diu
760 1550 827 1612 istic
844 1547 885 1625 ¹²)
915 1549 1042 1629 viritm,
1074 1557 1105 1612 et
1133 1550 1296 1613 laboratur.

277 1663 341 1728 diac
364 1665 538 1728 sudantibus
561 1671 591 1727 ct
613 1665 817 1729 laborantibus
839 1671 966 1748 possunt
988 1665 1044 1728 etia
1069 1665 1182 1748 magis,
1209 1681 1296 1746 quarn

231 1749 235 1763 Ι
277 1781 436 1864 petientiee
459 1779 622 1843 subvenire
653 1779 761 1842 solacia
782 1751 838 1852 ”ic
875 1797 952 1860 quac
983 1797 1048 1842 cum
1079 1785 1146 1860 epta
1179 1778 1240 1839 sint
1269 1783 1299 1837 et

243 1954 246 1957 ,
277 1875 448 1954 necessaria
478 1892 508 1953 in
540 1891 598 1954 isto
630 1889 739 1953 mundo
771 1891 938 1968 universis,
972 1897 1042 1952 tuuc
1073 1893 1167 1972 nugis
1199 1892 1298 1967 nobis,

278 2005 329 2086 qui
352 2003 470 2067 diabolo
492 2003 677 2086 inpugnantc
700 2002 767 2084 plus
791 2001 949 2082 quatimur,
971 2002 1022 2083 qui
1046 2004 1075 2065 in
1098 2002 1163 2063 acic
1187 2002 1299 2064 cotidie
1394 1983 1395 2002 ¹

278 2218 300 2256 c
316 2200 412 2254 Erasm
432 2198 507 2252 Grer.
526 2205 552 2251 at
572 2196 680 2264 ttoreii,
698 2199 758 2251 item
778 2200 945 2270 Aupuetinuc
964 2196 980 2250 1.
997 2215 1035 2261 c.;
1053 2211 1187 2270 apameae
1205 2212 1300 2266 mres,

277 2299 305 2341 ut
329 2288 421 2357 tegitur
444 2290 469 2339 iu
495 2286 559 2338 ttbro
585 2287 617 2338 dc
642 2286 762 2338 mortalit.
790 2301 844 2352 cap,
865 2283 905 2336 111.
925 2285 984 2349 bn,
1013 2285 1133 2338 exhibent
1152 2288 1212 2338 cdd.
1234 2288 1300 2353 ccii,

277 2387 360 2431 marte
379 2384 531 2446 expapnata
548 2373 633 2436 scribit
653 2374 710 2424 cod.
730 2371 796 2423 bion.
815 2371 871 2423 174.
897 2371 966 2424 1110]
985 2376 1136 2443 recedemus
1156 2373 1195 2424 tta
1217 2384 1244 2425 et
1261 2393 1299 2442 pr.

277 2462 316 2514 W.
355 2463 383 2526 9)
402 2479 499 2516 summ
519 2460 557 2511 W.
580 2461 642 2512 ttat.
664 2460 707 2512 ua.
727 2461 748 2513 A
767 2469 794 2510 et
814 2475 851 2526 pr.
872 2459 918 2510 dic.
957 2459 1074 2528 inscqq.
1096 2459 1134 2510 W.
1156 2459 1300 2512 titoni

278 2567 337 2603 cum
361 2552 451 2602 tabere
476 2558 500 2601 ct
522 2541 630 2600 sudore.
668 2547 718 2598 Sed
737 2545 797 2596 uibil
816 2544 969 2598 mutandum.
1006 2545 1088 2598 Habet
1105 2547 1199 2599 Noster
1222 2550 1301 2599 etia·
1394 2589 1395 2592 ,

277 2634 342 2685 inire
360 2637 476 2688 audetur
494 2645 519 2686 et
534 2637 679 2696 detoratur,
699 2643 750 2684 tum
763 2636 921 2687 sumtibus
934 2642 960 2686 at
972 2637 1162 2688 interemitur.
1201 2633 1248 2699 10)
1262 2633 1300 2686 lte

278 2719 352 2772 codd.
380 2736 468 2772 omnes
494 2729 521 2771 et
546 2721 604 2771 edd.
629 2709 691 2779 cett.
717 2737 738 2771 c.
760 2719 855 2772 Erasm.
877 2719 970 2772 Manui.
996 2728 1073 2789 atque
1096 2720 1158 2773 itur.
1195 2721 1303 2772 Addunt
1394 2733 1395 2796 p

278 2805 393 2871 Gravius,
413 2805 537 2858 Pentadius
557 2813 584 2856 et
600 2808 756 2857 recentiores
774 2807 828 2858 aine
847 2822 921 2858 causa
937 2817 1068 2861 nostrone.
1102 2807 1200 2858 Deinde
1215 2812 1302 2862 buius
1394 2849 1395 2874 2

277 2897 368 2948 mundi
387 2894 447 2944 dent
466 2893 518 2945 Beb
542 2901 696 2961 veteresque
722 2894 781 2944 edd.
801 2911 821 2944 c.
843 2892 940 2948 Eraam.
959 2902 985 2945 et
1004 2893 1079 2946 Grae.
1117 2894 1184 2950 bete
1207 2899 1304 2950 mundi

278 2984 302 3032 in
322 2981 351 3032 A.
389 2981 446 3032 btox
470 2985 587 3036 amnium
611 2981 798 3038 edbricbubat
818 2980 860 3031 Ba.
900 2981 998 3034 Omissa
1018 2983 1197 3034 coniunctione
1218 2993 1243 3037 et
1263 2981 1303 3034 Bb
1394 3001 1395 3008 ¹

276 3068 364 3120 scribit
384 3073 528 3137 ipraorane,
557 3069 671 3135 proxime
696 3073 724 3122 ia
749 3073 809 3138 ipse
829 3073 876 3122 iiia
896 3069 944 3121 Mb.
992 3069 1036 3133 11)
1056 3073 1128 3124 citae
1145 3075 1304 3140 temperatis
1394 3059 1395 3070 ¹

277 3156 334 3207 cod.
354 3157 424 3221 Ver,
447 3161 502 3210 cite
520 3160 641 3209 mortuiis
661 3155 706 3206 Bb.
746 3160 810 3207 Ante
832 3159 943 3211 socordio
962 3159 1176 3224 praepositionem
1196 3173 1248 3208 our.
1271 3157 1306 3206 W
1394 3163 1395 3178 ³

278 3251 303 3292 et
323 3241 376 3304 tta,
395 3245 486 3295 statim
506 3243 579 3292 deest
597 3245 620 3293 in
642 3241 692 3306 tta,
712 3247 850 3311 otpertum
869 3244 892 3292 in
912 3241 951 3293 Mc
970 3251 996 3293 et
1015 3243 1052 3308 A,
1072 3249 1114 3298 eet
1132 3248 1232 3313 pensitas
1250 3259 1303 3294 ex-

278 3327 365 3379 hibent
384 3328 441 3398 edd.
456 3337 515 3381 vett.
529 3338 555 3380 et
569 3328 664 3380 Erasm.
679 3328 752 3380 Grev.
767 3338 842 3399 etqua
856 3329 918 3382 dior.
951 3330 1011 3380 Tum
1027 3333 1091 3384 rudi
1103 3335 1192 3384 enimc
1206 3331 1305 3384 Menut.

279 3415 324 3482 12)
343 3419 436 3468 etenim
455 3419 579 3485 quarndia
597 3418 662 3468 istic
675 3415 707 3480 A,
726 3419 788 3469 istic
805 3435 883 3486 quam
898 3421 946 3470 diu
959 3415 1004 3481 db,
1023 3419 1147 3487 quenrdiu
1161 3417 1201 3482 W,
1223 3437 1307 3488 quaeue

276 3505 324 3556 diu
342 3504 439 3554 iiabcd.
458 3502 495 3554 Bb
514 3512 540 3554 ct
558 3504 590 3568 A,
610 3514 634 3555 et
651 3505 788 3557 iuberetur
803 3505 840 3554 tte
858 3519 908 3554 om.
947 3504 991 3570 13)
1010 3508 1114 3558 sedacio
1128 3503 1166 3556 W.
1181 3503 1251 3555 ttbn.
1268 3503 1305 3556 Ba

277 3598 303 3642 et
316 3590 347 3654 A,
366 3594 463 3644 solutio
482 3590 539 3643 libri
560 3591 613 3642 reli.
634 3593 720 3658 scripti
740 3601 766 3642 et
784 3592 855 3643 editi.
893 3591 992 3642 Deinde
1012 3596 1067 3645 sint
1082 3600 1140 3659 post
1156 3602 1216 3661 apta
1234 3609 1252 3643 r.
1269 3609 1305 3643 rm.

249 3723 252 3727 .
277 3681 457 3746 superscripsit
475 3681 499 3732 iu
517 3678 575 3744 bid,
604 3680 663 3730 item
682 3683 779 3734 nrrrndo
798 3681 822 3730 in
842 3679 888 3730 tte.
925 3679 952 3730 in
972 3695 1043 3748 seqq.
1065 3695 1111 3748 pro
1133 3691 1201 3746 trine,
1233 3680 1304 3748 quod

250 3757 252 3762 ’
278 3765 375 3816 invexit
393 3765 529 3832 Erasmus,
557 3768 665 3818 ecodd.
686 3767 725 3818 W.
748 3767 830 3820 iiabd.
851 3766 904 3818 Bab
924 3777 950 3818 et
968 3769 1004 3832 A,
1033 3768 1181 3836 quibuscum
1204 3767 1306 3818 iaciunt
1394 3759 1395 3770 ¹

277 3852 336 3902 edd.
359 3861 439 3919 vett,
463 3856 552 3923 recepi
571 3865 649 3922 tunc,
677 3855 744 3924 quod
764 3859 788 3906 in
808 3855 846 3906 bic
870 3855 935 3906 mete
961 3862 1082 3906 mutatum
1101 3862 1141 3904 est
1160 3856 1184 3904 iu
1204 3863 1304 3907 tomen.
1394 3895 1395 3920 2

279 3935 335 3988 bion
360 3942 465 3998 dicium
492 3949 531 3996 cst
556 3943 579 3992 in
603 3942 640 3991 itta
666 3951 692 3992 et
711 3958 757 4012 pro
775 3954 878 4004 etentes
897 3945 922 3999 in
943 3943 982 3997 dib
1001 3953 1112 3998 stamus.
1153 3941 1210 3992 bion
1230 3959 1304 3994 eora-
