2868 4700
843 474 865 538 8
906 567 909 578 ι

351 634 416 698 eius
439 638 468 695 et
488 633 557 716 lege
579 651 640 698 non
664 639 776 696 stantes
798 632 979 698 Christianos
1007 629 1164 719 selvocent
1192 642 1222 699 et
1251 637 1352 700 ambu-

350 747 445 810 lantes
467 747 497 808 in
520 748 653 810 tenebris
675 747 786 810 habere
809 765 845 812 se
866 748 965 811 lumen
995 749 1162 813 existiment
1190 750 1353 814 blandiente
1412 811 1413 821 ,

351 861 524 926 adversario
547 868 636 942 atque
658 861 794 942 fallente,
825 863 875 943 qui
904 861 1067 926 secundom
1096 864 1223 945 apostoli
1252 884 1354 929 vocem

351 974 541 1056 transfigurat
563 995 597 1040 se
616 974 656 1053 ¹²)
678 978 759 1039 velut
782 977 920 1060 angelum
941 977 1017 1040 lucis
1047 983 1077 1040 et
1105 979 1255 1042 ministros
1283 980 1354 1042 sub-

323 1092 436 1150 oornat
465 1104 536 1149 suos
566 1087 649 1150 velut
677 1089 828 1150 ministros
859 1089 1003 1167 iustitiae,
1037 1089 1210 1154 adserentes
1239 1099 1355 1156 noctem
1415 1127 1416 1214 p

349 1219 404 1282 pro
421 1199 478 1278 die,
493 1200 643 1262 interitum
658 1218 714 1282 pro
730 1201 836 1280 salute,
857 1202 1094 1285 desperationem
1111 1205 1165 1266 sub
1183 1206 1303 1270 obtentu
1320 1205 1355 1288 Ι3)

349 1315 431 1395 spei,
453 1313 605 1395 perfidiam
628 1316 683 1377 sub
705 1322 863 1397 praetextu
886 1317 972 1396 hdei,
999 1320 1200 1382 antichristum
1222 1319 1276 1382 sub
1298 1339 1355 1382 vo-

349 1427 453 1490 cabulo
471 1426 578 1489 Christi
594 1424 640 1506 ¹⁴),
662 1435 704 1505 ut,
728 1427 796 1489 dum
816 1428 986 1492 verisimilia
1004 1427 1039 1504 ¹⁵)
1063 1430 1251 1509 mentiuntur,
1273 1433 1356 1494 veri-

350 1548 438 1604 tatem
462 1541 622 1603 subtilitate
645 1540 830 1604 frustrentur.

826 1734 885 1816 Ill.

311 1890 337 1933 1⁰
435 1880 498 1944 Hoc
522 1900 560 1943 eo
583 1880 614 1942 lit
633 1878 673 1959 ¹),
705 1879 811 1944 tratres
834 1878 1030 1961 dilectissimi,
1062 1882 1130 1945 dum
1160 1882 1196 1946 ad
1228 1886 1358 1949 veritatis

350 1998 495 2081 originem
518 2013 579 2058 non
600 1993 730 2074 reditur,
760 2013 817 2057 neo
840 2002 928 2076 caput
950 1997 1119 2077 quaeritur,
1148 2016 1205 2060 nec
1228 2001 1359 2082 magistri

349 2112 487 2176 caelestis
510 2109 644 2174 doctrina
666 2115 813 2172 servatur.
851 2108 974 2188 Orroei)
996 2113 1022 2174 si
1045 2114 1110 2193 quis
1134 2113 1304 2177 consideret
1329 2123 1360 2178 et

348 2225 513 2302 examinet,
544 2230 666 2288 tractatu
688 2225 781 2307 longo
804 2231 892 2305 atque
915 2227 1096 2307 argumentis
1120 2245 1195 2308 opus
1212 2231 1277 2290 'non
1300 2235 1354 2290 est.

347 2339 484 2402 Probatio
514 2343 560 2400 est
585 2336 621 2400 ad
645 2334 731 2399 fidem
755 2334 849 2398 facilis
866 2331 892 2412 3)
914 2337 1084 2418 conpendio
1107 2340 1245 2402 veritatis.
1290 2339 1357 2400 Lo·
1418 2349 1419 2404 t

309 2453 445 2534 oquitur
474 2449 610 2513 dominus
640 2448 677 2510 ad
705 2449 821 2510 Petrum
838 2444 882 2524 ⁴t:
914 2449 980 2527 Epo
1010 2449 1064 2510 tibi
1091 2451 1161 2512 dice
1179 2448 1221 2530 ⁵),
1254 2453 1357 2533 inquit,
1418 2493 1419 2508 ι

347 2567 421 2646 poia
443 2572 475 2625 te
498 2583 530 2626 es
552 2561 673 2637 Patres,
706 2568 736 2622 et
762 2581 854 2641 seper
883 2563 972 2623 istem
998 2569 1117 2640 petram
1133 2558 1159 2638 ⁶)
1187 2563 1357 2644 aedificabo
1418 2541 1419 2544 Ἴ

346 2745 397 2796 lllb.
424 2744 481 2796 llor
493 2755 522 2798 ut
535 2743 594 2811 (pro
606 2745 642 2809 et)
655 2761 714 2797 cem
724 2746 904 2798 observatione
914 2740 961 2792 lla.
989 2740 1049 2794 Tum
1059 2753 1180 2796 revocent
1189 2741 1225 2794 Bb
1237 2750 1263 2796 et
1272 2748 1359 2800 locem

346 2848 391 2899 pro
411 2835 498 2886 lomere
515 2829 546 2882 Α.
584 2830 629 2897 12)
646 2847 677 2884 ae
695 2847 744 2882 om.
764 2830 793 2881 Α.
824 2827 921 2878 Deinde
941 2831 1052 2897 angelus
1071 2828 1119 2881 llb.
1149 2827 1197 2880 Pro
1216 2834 1359 2886 miniatroa

346 2937 413 2974 auor
430 2923 559 2972 aederent
578 2917 628 2986 (sic
640 2916 685 2970 Bb.
699 2917 747 2969 blo.
761 2918 782 2969 al
796 2925 821 2968 et
833 2914 918 2967 Baluz.
933 2931 955 2966 c.
969 2913 1073 2984 Goldh.)
1092 2917 1193 2969 ceodd.
1206 2917 1246 2969 W.
1260 2918 1317 2970 blod
1333 2928 1359 2970 et

333 3005 392 3074 Ba,
410 3008 560 3075 quibuscum
574 3006 670 3058 iaciunt
688 3005 746 3058 edd.
759 3004 918 3056 Baluzianam
938 3003 1125 3068 antecedentes,
1145 3004 1204 3054 dedi
1217 3007 1358 3058 miniato-oo

288 3129 291 3136 ·
346 3097 473 3147 aeternat
491 3111 566 3147 ceos.
602 3093 644 3144 llb
657 3093 745 3145 scribit
760 3095 900 3145 miniatrea
918 3108 985 3144 eece
1004 3101 1086 3144 ornat.
1125 3091 1168 3155 13)
1188 3095 1359 3160 prenitentes

345 3178 377 3244 A,
393 3183 442 3233 soh
455 3184 581 3251 obtemptu
594 3197 641 3248 pn,
661 3180 719 3231 dein
732 3182 780 3233 eoi
793 3182 912 3246 obtemptu
926 3177 988 3244 (sic)
1002 3177 1049 3227 lllc.
1082 3179 1126 3245 ld)
1140 3182 1297 3247 impietatem
1307 3198 1358 3248 pro

344 3269 437 3337 pietate
449 3272 499 3320 aab
512 3278 594 3321 traete
607 3285 654 3321 mec
667 3277 736 3320 tereto
750 3269 852 3319 Christi
864 3269 990 3319 roccheto
1007 3278 1052 3331 pro
1064 3269 1199 3335 perfidiam
1211 3270 1260 3319 eud
1275 3285 1358 3336 pree-

346 3364 421 3408 texto
438 3358 509 3423 fidei,
532 3357 717 3408 antichristum
735 3355 785 3406 ouh
803 3355 929 3405 coactata
949 3354 1050 3404 Christi
1067 3350 1142 3402 babet
1161 3351 1214 3417 lllc,
1233 3354 1259 3403 in
1277 3369 1358 3422 marg.

346 3449 429 3491 tamen
448 3444 580 3509 genuinam
598 3440 732 3492 lectionem
752 3456 765 3490 a
783 3455 802 3490 r.
817 3456 848 3490 m.
864 3468 894 3479 -
908 3443 957 3493 aui
975 3448 1111 3508 praetexto
1131 3439 1186 3490 blab
1207 3448 1232 3491 et
1243 3438 1288 3504 Ba,
1308 3457 1360 3491 nec

346 3527 418 3579 aliter
429 3545 466 3596 pr.
480 3529 520 3580 W.
558 3529 603 3596 15)
615 3532 673 3581 veri
685 3530 785 3580 cimilia
799 3525 835 3578 Bb
849 3535 875 3577 et
887 3527 932 3578 lllc.
964 3524 1029 3576 Dein
1042 3529 1192 3580 aperirentur
1203 3531 1314 3580 veritate
1327 3526 1358 3576 Α.

415 3614 455 3667 lll.
470 3615 497 3684 l)
510 3619 566 3670 idea
578 3630 624 3683 pro
638 3632 667 3666 eo
679 3620 706 3679 fit
718 3612 765 3678 Ba,
777 3619 819 3668 ric
832 3629 877 3682 pro
889 3619 917 3682 fia
928 3613 962 3666 Α.
990 3611 1047 3664 Μοιι
1060 3616 1093 3666 ed
1105 3617 1215 3668 territatio
1228 3616 1361 3682 originem

346 3704 411 3754 coni.
424 3701 550 3767 baluzius,
570 3705 603 3756 ed
619 3705 696 3755 ecrit.
716 3705 832 3755 ordinem
851 3700 928 3752 babet
940 3700 989 3765 hle,
1008 3700 1128 3769 deinceps
1145 3718 1198 3754 riom
1214 3704 1361 3780 reeertitarr

345 3805 393 3858 Bb.
425 3805 486 3857 Tum
505 3808 653 3875 magisterii
670 3806 726 3858 Ver.
746 3815 771 3857 et
787 3805 836 3858 llb.
873 3805 902 3873 2)
921 3804 1051 3872 Quemlt,
1087 3804 1115 3870 3)
1136 3808 1238 3858 Facitis
1257 3788 1270 3820 ⁶
1286 3823 1359 3874 pro-

347 3897 414 3947 hetia
433 3897 466 3948 ed
482 3897 555 3960 pidem
573 3895 611 3959 [e
624 3891 676 3946 abr.
696 3910 727 3945 m.
746 3892 884 3961 superscr.)
898 3892 945 3944 llc.
976 3892 1113 3960 Praeposit.
1127 3895 1160 3944 cd
1175 3907 1224 3943 om.
1237 3889 1272 3942 Be
1287 3900 1314 3942 et
1328 3892 1359 3944 Α,

347 3979 411 4031 Dein
430 3980 516 4031 inutile
533 3985 550 4049 fi
567 3995 613 4048 pro
630 3983 704 4049 pidem
721 3979 766 4034 Ba.
802 3979 862 4032 'lum
879 3984 991 4050 facilius
1009 3980 1055 4033 Bb.
1102 3979 1131 4047 4)
1150 3978 1234 4030 blatth.
1253 3977 1295 4043 16,
1316 3977 1359 4030 18.

347 4067 376 4137 5)
395 4070 452 4140 ldpo
465 4071 519 4134 titi,
538 4072 630 4142 inquit,
645 4080 727 4142 petre,
745 4071 802 4128 dieo
815 4071 848 4134 Α,
866 4085 912 4142 epo
930 4072 988 4127 dico
1001 4072 1048 4128 tili
1059 4067 1099 4122 hlb
1112 4075 1137 4120 et
1151 4063 1196 4120 Ba.
1231 4063 1361 4136 ipseper
