2868 4700
324 662 421 726 latere
437 665 525 740 atque
541 659 663 721 auribus
686 655 796 718 vestris
810 654 977 735 perniciose
994 651 1151 734 conloquia
1169 652 1250 716 velut
1268 669 1347 716 con-

326 775 437 854 tagium
452 773 555 833 mortis
571 777 689 849 arcete,
713 769 789 832 sicut
806 768 946 849 scriptum
970 764 1069 844 est⁵):
1093 766 1188 846 Suepi
1197 762 1225 844 ⁶)
1250 783 1345 828 auree

325 893 397 947 tuoe
413 883 524 962 spinis,
550 891 580 944 et
594 883 658 944 noti
675 882 788 944 audire
804 882 942 960 linquam
957 876 1097 958 nequam.
1133 878 1171 941 111
1185 880 1294 942 iterum
1305 875 1345 955 7);

315 987 533 1074 ‘Corrumpunt
564 995 692 1073 incenia
724 987 841 1068 bortu⁸)
878 991 1147 1072 confabulationes
1177 993 1345 1068 pessimae.

300 1103 454 1184 edoceo)
479 1107 615 1169 dominus
642 1112 671 1168 et
686 1105 825 1168 admonet
841 1125 856 1166 a
873 1105 980 1167 talibus
1003 1102 1216 1166 recedendum.
1253 1103 1346 1166 Caeci

326 1228 409 1297 earet,
425 1221 519 1300 iuquit
533 1215 579 1298 ¹⁰),
595 1222 689 1282 duces
705 1237 875 1282 coecorum.
919 1217 1037 1281 Caecus
1057 1227 1158 1280 cutem
1173 1215 1347 1300 ccecum¹¹)

327 1333 443 1394 ducens
466 1331 559 1392 simut
581 1332 614 1393 in
634 1330 759 1409 foueam
782 1331 903 1392 cedent.
941 1327 1188 1407 Aversendus¹²)
1214 1337 1261 1393 est
1281 1331 1348 1393 telis

327 1451 416 1523 atque
433 1442 593 1526 fugiendus
609 1442 742 1522 quisquis
760 1439 849 1502 fuerit
865 1441 901 1501 ab
919 1439 1046 1502 ecclesia
1064 1449 1230 1522 seperatus.
1265 1439 1347 1505 Per·-

326 1573 437 1618 oereue
460 1564 507 1615 eet
527 1551 774 1631 huiusmodiffi),
799 1561 829 1614 et
845 1561 973 1633 peccat,
997 1562 1026 1614 et
1048 1561 1095 1614 eet
1117 1573 1138 1614 c
1160 1563 1256 1616 semet
1278 1549 1348 1636 ipso

290 1687 316 1728 ro
330 1668 506 1730 damnatus.
553 1665 601 1726 An
626 1661 743 1742 essem)
766 1664 822 1725 sibi
845 1682 911 1726 oum
935 1663 1052 1726 Christo
1075 1663 1192 1727 videtur
1216 1665 1268 1746 qui
1291 1666 1349 1729 ed-

328 1796 437 1842 versus
470 1778 646 1840 sacerdotes
670 1777 778 1839 Christi
811 1776 896 1856 iacit,
930 1778 978 1858 qui
1009 1795 1043 1840 se
1077 1797 1093 1839 e
1127 1778 1200 1842 cleri
1231 1781 1297 1843 eius
1321 1788 1351 1858 et

328 1891 425 1974 plebis
447 1886 640 1964 societate¹⁵)
665 1886 821 1953 secernit?
866 1887 957 1950 Arme
981 1888 1029 1950 ille
1053 1894 1157 1952 contre
1190 1892 1351 1956 ecclesiam

329 2011 445 2087 portet,
469 2011 573 2068 contre
592 1977 696 2090 ,dei¹⁶)
719 2003 945 2083 dispositionem
968 2011 1136 2086 repugnat:
1159 2004 1256 2068 hostis
1272 2007 1351 2069 elta-

329 2189 461 2241 eiuemodi
483 2186 551 2237 idem
577 2183 654 2235 hebet
679 2184 839 2236 huiscemodi.
876 2181 933 2232 Mox
960 2185 990 2234 ot
1018 2187 1132 2237 curibus
1150 2183 1212 2234 dem
1229 2184 1289 2238 Ver.
1308 2187 1350 2238 bib

289 2275 292 2282 “
330 2281 356 2324 et
373 2271 404 2322 A.
441 2271 473 2338 5)
490 2271 561 2324 Eccl.
582 2271 626 2338 28,
645 2272 687 2323 24.
723 2271 750 2332 6)
768 2273 857 2337 Sacri,
876 2273 960 2338 inquit
981 2269 1028 2324 Mb.
1063 2271 1124 2323 Tum
1143 2277 1223 2327 nolite
1242 2292 1280 2342 pr.
1302 2275 1351 2329 bic.

330 2359 360 2422 7)
379 2363 415 2412 Et
431 2363 526 2412 iterum
545 2374 594 2411 om.
615 2360 655 2410 ed.
675 2358 805 2420 flavente,
824 2361 921 2409 iterum
941 2361 1006 2410 dicit
1024 2359 1143 2412 scribitur
1163 2363 1188 2411 irr
1208 2361 1258 2415 Mb.
1292 2363 1351 2415 Vid.
1431 2385 1432 2414 r

331 2446 355 2498 1.
375 2444 432 2496 Cor.
459 2445 506 2508 15,
531 2445 573 2496 33.
615 2445 644 2510 8)
663 2461 751 2497 meree
779 2447 859 2496 boreae
878 2441 927 2494 bib.
964 2444 992 2510 9)
1013 2449 1089 2499 Dicet
1112 2445 1159 2500 bb.
1198 2447 1265 2500 Dein
1289 2441 1353 2505 ee'ec

329 2535 499 2586 recedendum
517 2532 576 2584 Ver.
615 2533 660 2597 10)
679 2529 764 2582 Mattb.
787 2529 835 2593 15,
862 2529 901 2580 14.
940 2530 987 2593 11)
1008 2543 1092 2586 tecum
1117 2550 1164 2600 pro
1189 2553 1298 2590 caecum
1320 2537 1352 2588 A.

330 2617 378 2669 Pro
397 2622 480 2671 simut
501 2618 540 2669 ed.
553 2618 674 2670 Deventr.
689 2614 791 2666 exhibet
809 2619 891 2667 umbo.
925 2616 1030 2668 Restitui
1050 2618 1141 2670 deinde
1161 2625 1263 2688 oweno,
1283 2624 1352 2691 quod

331 2707 450 2756 convenit
470 2705 567 2756 Graeco
592 2706 721 2752 πεσοῦνται
746 2719 785 2768 ep.
806 2701 891 2752 Metth.
911 2703 927 2754 1.
941 2715 988 2768 ·c.‚
1015 2706 1194 2770 praeeuntibus
1219 2708 1290 2760 libris
1309 2709 1352 2762 W.

331 2790 411 2843 Mabc.
431 2792 475 2843 Be.
496 2791 517 2842 A
537 2799 562 2842 et
580 2791 652 2842 editis
671 2789 786 2840 omnibus
805 2798 907 2855 praeter
925 2791 1012 2843 Beluz.
1031 2801 1056 2842 et
1075 2791 1174 2858 Gcidh.
1203 2796 1229 2845 in
1248 2795 1352 2864 quibus,

329 2887 357 2929 ut
376 2879 400 2928 in
423 2878 497 2929 codd.
517 2877 569 2940 Bb,
594 2876 673 2926 tribus
693 2875 772 2941 Neep.
792 2885 818 2927 et
837 2877 892 2940 bid,
913 2877 1005 2946 iegitur
1023 2882 1127 2932 ccduut.
1174 2881 1222 2943 12)
1242 2885 1352 2936 Adeer.

329 2967 431 3018 eondue
450 2963 517 3014 bibd.
536 2961 583 3011 Bb.
603 2961 624 3012 A
644 2969 670 3010 et
688 2976 726 3026 pr.
745 2959 798 3024 bic;
818 2972 858 3014 cet
876 2979 924 3014 om.
945 2963 984 3014 ed.
1004 2962 1125 3014 Deventr.
1157 2965 1218 3017 Tum
1239 2971 1353 3036 quisque

328 3053 392 3104 dcere
418 3050 491 3102 codd.
510 3049 589 3099 nostri
608 3062 696 3098 omnes
715 3063 737 3098 c.
758 3048 798 3100 ed.
818 3048 939 3100 Deventr.
959 3052 1146 3117 permutatione
1166 3052 1251 3104 solite.
1289 3054 1349 3105 Vid.

330 3135 360 3187 ed
374 3133 435 3201 Cep.
448 3135 477 3184 V.
497 3151 519 3185 rr.
534 3135 549 3183 5
568 3142 593 3184 et
612 3133 644 3182 10
658 3141 682 3183 et
700 3133 731 3184 ad
749 3133 809 3201 Cep.
823 3135 885 3189 xiil.
905 3137 968 3187 md.
1006 3137 1050 3201 13)
1070 3141 1226 3193 Percereue
1244 3144 1352 3196 tutne-

329 3259 400 3309 modi
417 3231 518 3304 mbib.
555 3252 612 3304 rrox
630 3256 714 3306 eciam
731 3270 778 3321 pro
802 3266 827 3309 et
850 3266 891 3311 eat
912 3256 1034 3308 mendose
1052 3257 1083 3309 A.
1120 3239 1187 3309 Post'
1208 3263 1354 3314 damnatus

330 3341 387 3393 cod.
406 3339 536 3407 Burgund.
555 3337 644 3390 infert:
671 3343 693 3392 A
719 3351 800 3395 cernet
824 3345 895 3410 ipeie
916 3345 1035 3395 durnouti
1051 3353 1115 3396 eunt
1133 3348 1179 3412 qui
1196 3363 1228 3400 ee
1252 3350 1284 3400 ub
1303 3363 1354 3398 ec-

331 3429 413 3480 oleeic
427 3429 530 3478 Obrieti
546 3436 679 3494 ceperunt.
717 3425 761 3490 14)
781 3431 813 3481 ln
832 3446 892 3482 esee
911 3429 973 3496 (sic)
991 3426 1037 3480 Bb.
1069 3428 1134 3480 Dein
1153 3427 1197 3503 iffi)
1221 3449 1268 3500 pro
1292 3417 1355 3502 E}

331 3511 361 3562 A.
392 3510 507 3561 Proxime
526 3514 668 3564 udoereum
686 3512 725 3563 W.
745 3512 806 3566 beb.
827 3515 873 3566 Mc.
893 3513 924 3565 A.
956 3513 1017 3565 Tum
1035 3519 1198 3572 sacerdotem
1212 3519 1260 3571 Mc.
1292 3519 1356 3573 Post

329 3595 408 3648 verbe
435 3600 565 3650 adcereue
589 3603 741 3652 sucerdotee
760 3601 863 3653 Christi
887 3605 954 3670 facit
977 3601 1034 3652 cod.
1053 3600 1184 3671 burgund.
1205 3605 1356 3675 subiungit:

330 3686 397 3736 Cum
417 3685 523 3736 Obrieto
548 3701 609 3738 eeee
633 3702 686 3736 nort
710 3689 842 3740 uidebitur
866 3691 911 3755 qui
938 3698 1030 3740 contr-u
1058 3695 1223 3745 sacerdotem
1250 3696 1358 3748 Obrieti

329 3771 409 3837 fucit,
436 3783 503 3836 quee
526 3786 621 3821 merum
640 3771 766 3838 glossema
785 3772 910 3824 redolent.
948 3773 992 3827 151
1014 3771 1119 3838 „Codex
1136 3777 1230 3829 Veron.
1251 3783 1283 3832 ub
1303 3797 1357 3834 ee-

332 3857 417 3907 cteeia
435 3860 494 3909 ciue
513 3867 536 3909 ct
552 3862 632 3926 plote.
669 3858 838 3909 Lemonianus
858 3863 902 3927 qut
920 3875 950 3912 ee
968 3877 984 3910 a
1003 3864 1110 3914 cler-ieie
1129 3867 1191 3918 ciue
1209 3875 1234 3918 et
1251 3869 1356 3933 ptebe.“

330 3944 475 3996 balareias.
507 3943 556 3994 Sed
576 3947 601 3996 ia
621 3944 731 4012 Gotting.
751 3943 859 4010 exempl.
879 3945 919 3996 ed.
934 3943 1183 4024 Manut3cherorr.
1202 3949 1269 4003 libro
1289 3952 1359 4005 nihil

331 4028 462 4084 varietatis
481 4038 609 4084 euctetum
627 4031 721 4102 reperi.
757 4029 819 4086 sita
837 4031 914 4087 etiem
932 4029 1065 4106 Rigeitius.
1102 4034 1147 4107 16)
1167 4037 1341 4097 domicilii).
