2904 4692
648 445 709 513 tat

171 606 272 671 verius
285 605 516 701 'comprobetur
563 604 666 667 Datus
689 609 736 666 est
755 607 846 685 milti,
869 608 962 689 iuquit
979 603 1021 686 ⁸),
1045 609 1187 672 stimulas

170 720 276 782 corais
299 737 402 797 mccc,
433 695 563 798 caoctus
583 717 742 795 Sotacus,
775 720 829 798 qui
859 739 905 780 me
933 718 1121 801 colaphizet,
1153 731 1188 784 ut

171 853 237 896 ιιοιι
261 831 403 894 extollor.
429 829 578 908 *Propter
601 829 687 910 quod
710 837 756 892 ter
778 805 935 894 domiuum
957 835 1069 913 roqooi
1084 829 1139 912 ⁹).
1154 844 1188 896 ut

172 943 347 1032 discederet
370 960 390 1003 a
412 959 469 1019 mc,
494 948 524 1002 ct
546 941 630 1002 dicit
651 941 740 1003 mibi:
764 941 889 1022 Sufficit
910 945 966 1005 tibi
980 947 1087 1025 qratia
1102 967 1187 1022 meo;

171 1075 244 1119 aum
271 1058 372 1118 virtus
401 1057 435 1116 ia
463 1054 641 1133 infirmitate
668 1055 838 1134 perficitur.
884 1055 1009 1130 Quando
1033 1077 1108 1142 argo
1137 1063 1187 1125 irr-

90 1171 93 1181 “
131 1189 135 1196 ’
171 1169 292 1231 firmitas
316 1175 346 1229 ol
363 1163 398 1242 ¹⁰)
422 1166 597 1230 inbecillitas
621 1173 651 1228 cl
675 1167 796 1228 vastitas
820 1168 914 1248 aliqua
933 1178 1095 1253 grassatur,
1119 1180 1188 1237 tunc

171 1282 265 1343 virtus
289 1287 391 1343 nostra
414 1279 575 1361 perficitur,
598 1283 667 1342 tunc
690 1279 780 1357 lides,
804 1281 829 1342 si
852 1285 991 1362 temptata
1015 1256 1187 1368 perstitorit
1273 1312 1276 1321 ¹

172 1401 345 1471 coronatur,
369 1393 445 1454 sicut
468 1392 609 1476 scriplum
634 1399 679 1453 ost
696 1389 748 1470 ¹¹):
778 1392 857 1455 Vosu
877 1369 966 1474 tioudi
984 1399 1101 1474 probat
1113 1401 1188 1480 for.

172 1527 240 1570 acc
263 1516 292 1568 ct
314 1507 452 1568 bominac
475 1507 577 1568 iustos
601 1507 758 1584 temptatio
783 1505 997 1570 tribulationis
1014 1505 1060 1586 ¹²).

662 1702 696 1773 X.

260 1844 484 1928 suadentque
515 1845 592 1906 inter
623 1862 678 1906 nos
709 1849 739 1906 et
770 1851 889 1906 ceteros
922 1845 1062 1926 interest,
1096 1850 1145 1928 qui
1166 1847 1189 1925 ¹)

174 1944 261 2022 deutri
285 1958 435 2036 nesciunt,
467 1955 547 2038 quod
570 1956 611 2018 illi
633 1955 662 2018 in
687 1956 823 2030 advorsis
847 1965 1013 2037 queruntur
1045 1966 1073 2021 el
1104 1980 1189 2022 ruur-

174 2079 297 2150 murant,
321 2088 377 2136 nos
399 2056 525 2134 advcrsa
551 2088 610 2132 non
634 2076 761 2132 avocant
785 2087 801 2130 a
824 2069 941 2131 virtutis
965 2077 994 2132 et
1015 2070 1083 2134 lidei
1105 2075 1187 2135 veri-

173 2191 243 2263 tate,
265 2183 318 2248 scd
343 2184 587 2267 comprobantia
611 2182 724 2246 dolore.
764 2182 838 2262 Hoc,
862 2183 941 2262 quod
958 2203 1037 2247 nuuc
1053 2189 1189 2268 corporis

173 2443 290 2496 cuntibus
315 2443 385 2495 libris
405 2443 443 2494 W.
465 2441 556 2500 blabcd
575 2451 601 2494 ct
620 2442 657 2506 A,
684 2440 832 2510 quibuscum
852 2443 997 2508 conspirant
1016 2442 1075 2493 add.
1097 2442 1188 2498 blauut.

174 2539 199 2581 st
217 2533 376 2583 recentiores
394 2539 501 2598 arrepta
521 2527 663 2580 baluziana·
677 2544 774 2580 ornnes.
812 2528 869 2579 blox
893 2529 1042 2599 adfligitur,
1072 2530 1140 2597 quod
1164 2533 1189 2583 iu

174 2615 213 2668 blb
233 2633 266 2669 cx
283 2621 406 2689 adficitur
425 2626 567 2670 corruebam
587 2625 642 2680 cst,
667 2631 713 2684 pro
733 2616 826 2684 vulgat.
847 2619 977 2686 amicitur
994 2619 1080 2684 rsccpl
1098 2633 1130 2669 ax
1149 2617 1189 2668 W.

176 2703 213 2754 ila
233 2713 258 2754 cl
279 2705 319 2756 sd.
340 2703 456 2768 bloratt,
482 2705 540 2754 daia
562 2708 743 2773 comprobetur
761 2719 792 2756 cx
811 2701 924 2767 banca,
946 2704 1044 2755 duobus
1066 2703 1145 2771 Nsup.
1165 2714 1191 2758 st

175 2787 360 2854 exemplaribus
386 2789 484 2842 Erasini
510 2800 535 2841 ct
559 2790 661 2852 Grovii;
689 2790 765 2840 codd.
790 2779 874 2841 autam
893 2790 932 2843 W.
952 2791 1016 2842 ilad.
1040 2789 1092 2842 oab
1119 2801 1145 2843 ct
1169 2794 1190 2844 A

176 2891 231 2925 curu
250 2878 344 2927 octaris
362 2876 437 2926 oditis
457 2876 521 2927 mala
540 2875 659 2927 exbibcnt
676 2879 850 2943 probaretur,
878 2875 945 2942 quod
965 2877 989 2925 iu
1010 2875 1050 2926 bib
1070 2885 1190 2929 mutatum

175 2968 214 3012 cst
238 2963 263 3011 iu
287 2965 422 3029 protatur.
459 2960 552 3012 Contra
573 2961 611 3011 ilc
630 2960 707 3011 habat
731 2963 878 3014 roboratur.
925 2959 953 3023 8)
972 2961 994 3012 2.
1010 2961 1067 3014 Cor.
1091 2963 1130 3028 tu,
1152 2966 1190 3027 7.;

175 3052 260 3116 iuquit
283 3053 348 3102 asilii
370 3049 457 3100 scribit
483 3048 531 3099 bib.
570 3048 625 3099 lilox
649 3049 781 3101 Sollicitos
805 3044 847 3096 tta.
876 3045 916 3097 ild
942 3055 969 3097 ct
991 3049 1012 3098 Α
1039 3055 1191 3118 veteresque

178 3133 235 3186 cdd.
256 3151 278 3186 o.
297 3133 395 3186 Erasm.
431 3134 492 3186 Tum
519 3144 548 3188 ut
573 3150 620 3201 pro
640 3137 685 3204 qui
703 3132 748 3184 Rb.
788 3133 887 3185 Deinde
906 3137 1022 3206 coluficet
1042 3134 1087 3200 W,
1115 3141 1190 3190 cota·
1276 3159 1284 3172 r

175 3221 329 3291 potueritis,
348 3225 492 3291 colopbiect
512 3221 551 3272 tlt
571 3229 597 3272 et
615 3222 647 3287 Α,
670 3224 826 3288 collaphizat
845 3221 904 3272 odd.
928 3230 987 3272 cett.
1027 3219 1108 3274 Verba
1128 3240 1191 3290 pro-

176 3310 259 3360 xima:
288 3319 318 3362 ιιι
334 3326 388 3362 aaa
407 3312 538 3376 extollor,
564 3309 655 3359 dosunt
673 3309 697 3358 in
717 3305 770 3371 Bt,
795 3317 825 3362 ut
841 3325 874 3362 aa
892 3318 944 3362 aut.
964 3309 1079 3362 scribitur
1097 3313 1121 3362 ia
1141 3311 1190 3363 tto.

136 3395 139 3399 '
177 3395 205 3455 9)
225 3397 359 3448 dominam
378 3405 417 3449 lar
434 3401 528 3467 rocavi
546 3395 604 3447 cdd.
625 3403 684 3447 vett.
705 3402 731 3446 st
744 3393 839 3447 Erasru.
877 3394 907 3447 V.
924 3401 1018 3466 roquos·
1035 3412 1055 3448 r.
1070 3413 1102 3448 ru.
1116 3415 1191 3465 supra

177 3479 274 3530 addidit
294 3483 317 3532 in
331 3481 369 3531 W.
408 3481 467 3534 Post
484 3486 555 3536 dixit
574 3484 594 3534 Α
615 3499 663 3534 om.
679 3472 765 3536 mibi.¹
792 3482 835 3544 10)
853 3486 896 3536 ccl
914 3482 971 3532 add.
985 3493 1046 3536 vctt.
1061 3501 1081 3537 c.
1095 3483 1192 3536 Erasm.

179 3565 241 3616 Turn
267 3580 409 3628 crassatur
429 3571 488 3622 vitio
507 3570 634 3638 ircqucutl
655 3569 689 3621 Ba
709 3577 734 3620 ct
753 3568 782 3619 lt.
819 3568 846 3619 ln
865 3585 936 3638 seqq.
959 3574 986 3624 ri
1003 3573 1067 3638 fidos
1084 3569 1194 3624 imitato

176 3659 324 3724 prostiterit
342 3657 401 3718 (sic)
416 3655 445 3707 Α.
482 3655 596 3707 Proxima
616 3673 676 3709 cum
691 3659 822 3723 scriptum
837 3661 874 3708 ait
888 3655 935 3707 ltu.
975 3655 1017 3719 ll)
1030 3655 1098 3707 Eccl.
1114 3657 1156 3722 27,
1168 3656 1192 3708 6.

179 3741 224 3804 12)
243 3751 267 3794 ct
285 3746 467 3796 tribulationis
487 3741 530 3794 Ba.

248 3825 278 3876 X·
319 3831 345 3890 ll
365 3834 425 3898 quio
444 3830 474 3894 Α,
494 3834 627 3885 domiuum
646 3829 690 3881 bb.
714 3829 751 3892 Α,
772 3838 968 3898 conqueruntur
986 3832 1016 3881 Α.
1054 3830 1111 3880 ilos
1130 3847 1191 3898 pcr-

179 3929 266 3980 peram
285 3933 382 3969 auersa
402 3915 449 3967 lla.
487 3915 533 3968 Pro
559 3921 731 3988 corroborant
755 3917 814 3967 dedi
838 3920 1004 3984 comprobant
1024 3920 1194 3985 (cortproboat

179 3997 292 4051 scribunt
312 4000 343 4050 W
369 4009 395 4052 at
416 4001 470 4070 bib)
495 4001 641 4053 auctoribus
667 4003 741 4054 codd.
767 4003 844 4065 mois,
872 4001 965 4053 italicis
990 4009 1017 4052 cl
1041 3999 1194 4056 blorolliarris
