2834 4686
138 562 255 633 Olnniuo
278 573 463 651 anteponens
487 567 603 636 divitias
626 583 696 630 suas
719 574 837 648 servat,
868 587 924 632 nec
948 571 1152 652 patrimonium

137 681 291 761 copiosam
313 699 379 744 oum
401 680 596 765 indigentium
619 687 792 764 paupertate
816 687 1020 748 communicat.

599 877 687 948 xttl.

224 1023 283 1088 Sed
306 1023 383 1085 enim
407 1021 490 1084 multi
512 1026 582 1084 sunt
604 1022 633 1083 in
657 1018 747 1084 domo
769 1021 865 1100 liberi,
890 1029 921 1085 et
936 1023 1068 1091 retardat
1083 1025 1151 1104 te¹)

136 1137 334 1200 numerositas
356 1134 482 1197 liliorum
505 1134 664 1215 quominus
687 1134 811 1218 largiter
833 1136 921 1199 bonis
942 1137 1084 1219 operibus
1101 1139 1151 1202 in-

135 1252 231 1314 sistas.
276 1247 387 1330 Atquin
404 1244 431 1322 ²)
463 1246 522 1311 hoo
551 1247 618 1329 ipso
650 1248 770 1330 operari
800 1249 923 1330 amplius
947 1248 1058 1330 debes,
1091 1272 1151 1334 quo

135 1365 292 1428 multorum
323 1362 479 1446 pignorum
509 1368 595 1443 peter
623 1379 666 1424 es.
711 1361 815 1425 Plures
845 1369 930 1442 sunt3
963 1381 1019 1445 pro
1043 1365 1151 1446 quibus

135 1477 285 1542 dominum
317 1474 509 1556 depreceris,
545 1471 700 1537 multorum
731 1474 837 1538 delicte
869 1474 1042 1540 redimenda
1073 1485 1150 1558 sunt,

134 1592 293 1656 multcmm
325 1586 499 1671 purgandae
534 1587 737 1650 conscientiae
760 1584 805 1666 ³),
843 1589 1000 1652 multorum
1035 1593 1150 1656 animae

133 1700 315 1766 liberandae.
361 1700 398 1764 Ut
413 1695 441 1774 ⁴)
473 1700 503 1762 in
526 1699 583 1762 hac
606 1697 665 1760 sita
689 1700 836 1762 saeculari
859 1700 972 1763 alendis
995 1702 1150 1768 sustinen—
1214 1701 1218 1709 “

134 1815 239 1896 disque
266 1814 442 1895 pignoribus·
465 1831 526 1895 quo
549 1812 644 1875 maior
666 1818 712 1876 est
734 1795 894 1892 numerus,
925 1813 981 1878 hcc
1005 1817 1098 1879 maior
1121 1822 1150 1879 et

133 1934 267 2009 sumpius
292 1933 354 2002 est,
387 1927 427 1988 ita
457 1933 487 1987 et
516 1925 546 1986 in
577 1925 635 1987 vita
665 1924 789 2005 spiritali
820 1931 908 2006 atque
938 1927 1060 1990 caelesti
1088 1946 1150 2009 quo

134 2040 257 2123 amplior
278 2038 367 2102 luerit
386 2039 544 2120 pignorum
561 2037 657 2119 copie,
680 2055 749 2100 esse
765 2042 795 2098 et
811 2054 935 2118 operum
952 2038 1041 2102 debet
1055 2041 1150 2104 maior

133 2156 266 2236 inpensa.
312 2152 361 2216 Sic
383 2151 435 2214 lob
452 2149 479 2228 ⁵)
509 2150 653 2212 nauminia
685 2167 843 2214 numerosa
866 2168 922 2232 pro
945 2151 1047 2216 liberis
1070 2153 1150 2217 offe-

133 2268 227 2346 rebat,
251 2261 439 2348 quantusque
462 2272 526 2328 erat
548 2267 577 2328 in
599 2264 688 2329 domo
704 2266 861 2346 pignorum
878 2282 1029 2345 numerus,
1054 2273 1150 2330 tantus

133 2381 257 2444 dabatur
286 2379 345 2442 deo
377 2385 407 2440 et
435 2395 577 2440 numerus
605 2377 776 2442 hostiarum.
821 2377 857 2440 Et
880 2378 1018 2459 quoniam
1042 2380 1150 2443 cotidie

135 2507 344 2518 σ--ι--ι-ι-ι-ι

131 2579 222 2640 speum
240 2571 339 2639 scripsi.
377 2569 432 2621 Vid.
457 2572 576 2638 Wspeer.
596 2570 612 2622 l.
633 2586 655 2621 c.
676 2586 701 2637 p.
720 2569 770 2622 aet
790 2587 828 2640 sq.
865 2569 892 2622 ln
911 2586 984 2639 seqq.
1004 2587 1066 2624 eusn
1089 2578 1149 2622 ante

130 2662 318 2729 indicantium,
338 2659 408 2710 euius
427 2657 485 2710 loco
504 2659 529 2708 in
548 2656 585 2709 Bb
604 2667 686 2712 exstat
703 2662 864 2728 inpendunt,
884 2659 957 2710 abest
975 2673 989 2710 a
1009 2656 1053 2710 lla.

201 2744 272 2795 llVll.
295 2747 323 2810 l)
342 2754 365 2798 te
383 2760 431 2798 om.
447 2744 477 2795 Α.
514 2745 543 2809 2)
561 2745 684 2815 adpaa'W
703 2753 730 2797 et
746 2745 796 2810 lla,
815 2755 841 2800 at
859 2749 905 2814 qut
921 2744 968 2809 Bb,
987 2749 1059 2814 atquae·
1075 2745 1149 2798 Grau.

132 2830 193 2882 llos.
206 2829 291 2882 Belua.
308 2829 398 2881 Bouth.
415 2829 516 2893 caton,
536 2841 562 2883 at
580 2835 644 2898 quin
663 2829 698 2878 Ba
718 2838 744 2880 et
763 2830 813 2893 lid,
831 2838 903 2881 reete
921 2833 1021 2898 atquin,
1041 2839 1067 2882 ut
1084 2833 1151 2884 solet

131 2921 330 2979 Tertullianus,
350 2914 393 2966 ubi
411 2915 463 2965 vid.
483 2917 590 2968 Oedlsrs'
607 2915 708 2977 iudea,
729 2913 821 2964 Manet.
842 2911 935 2965 Pamel.
956 2911 1053 2978 Oxou,
1075 2925 1151 2984 amaa

132 3003 203 3062 llbo.
223 3003 245 3054 Α
269 3010 423 3070 valensque
449 3000 507 3051 edd.
534 3008 560 3052 et
583 2999 682 3051 Essem.
719 3000 780 3050 Tum
804 3002 833 3052 a‘n
856 3003 905 3052 doc
930 3002 991 3066 ipsc
1009 2998 1047 3051 Bb
1074 3009 1101 3053 et
1119 3001 1150 3052 Α.

132 3090 238 3142 Erasum
262 3089 354 3140 deinde
377 3093 488 3160 turpiter
506 3089 531 3139 in
551 3087 595 3142 We
629 3085 676 3138 l’no
695 3088 812 3154 snspls'us
830 3085 888 3136 ller.
908 3093 934 3137 et
953 3085 988 3136 ua
1007 3086 1067 3138 dant
1084 3090 1148 3154 plu-

130 3179 237 3229 rimum.
276 3173 333 3227 llox
349 3179 490 3244 pipaerum
508 3170 544 3224 Bb
564 3180 591 3226 et
609 3171 657 3224 ttd.
697 3171 794 3223 Vitiosa
811 3181 902 3240 patres
919 3171 966 3224 lta.
1004 3172 1034 3237 3)
1054 3171 1151 3226 Desunt

131 3263 227 3316 verba:
255 3265 398 3316 multorum
425 3263 521 3314 delicta
547 3263 698 3314 redimenda
724 3269 804 3325 suat,
832 3263 974 3314 maltorum
998 3264 1152 3334 puupsndaa

131 3353 310 3404 concientiae
334 3350 359 3400 in
383 3348 428 3403 Α..
450 3348 520 3399 ldem
545 3347 624 3399 habet
647 3350 797 3402 liberandae
820 3357 891 3402 auat.
937 3349 965 3410 l)
992 3349 1024 3402 or
1048 3362 1097 3398 om.
1117 3346 1150 3420 ΑΛ,

131 3439 172 3489 uti
196 3437 322 3502 reperitur
346 3437 370 3486 in
389 3434 437 3486 lid.
454 3490 458 3500 s
475 3433 535 3486 Tum
559 3437 715 3505 pipners'lus
739 3433 860 3486 exhibent
878 3432 915 3486 Bb
937 3441 964 3486 et
985 3434 1033 3486 lld.
1067 3433 1150 3505 'Paulo

11 3565 12 3570 ,
131 3531 190 3591 post
212 3526 302 3576 maior
325 3534 365 3577 est
390 3534 413 3577 at
437 3532 561 3593 sumptus
586 3521 674 3573 ordine
701 3522 802 3573 inverso
821 3518 855 3571 Ba
875 3528 1030 3588 remumque
1048 3519 1106 3571 edd.
1127 3535 1149 3568 e.

131 3607 229 3662 Eranam.
251 3618 276 3660 et
292 3608 389 3662 llcnell.
426 3607 491 3658 Dein
511 3609 649 3676 spirituali
668 3605 707 3656 llc
727 3614 753 3656 et
770 3606 799 3657 t.
837 3603 894 3658 llox
910 3609 1050 3676 placuerum
1067 3602 1104 3655 Bb
1124 3613 1150 3657 et

69 3721 76 3738 ι
131 3695 182 3748 lld.
226 3692 669 3764 5)s2·0a10stegnurvutgo.
707 3692 757 3744 Sed
776 3691 850 3744 codd.
871 3691 929 3743 Ver.
950 3693 1043 3744 etmel
1061 3706 1150 3743 omnes

130 3781 279 3849 particulam
307 3792 331 3836 et
358 3783 483 3834 omittunt.
528 3779 613 3843 Quare
640 3796 697 3834 eam
725 3780 918 3848 expungendam
948 3779 1042 3830 censui.
1087 3777 1149 3830 Tuus

130 3854 258 3956 a⁶serslst
283 3890 311 3953 (t
334 3885 367 3937 sl>
387 3885 420 3938 al.
440 3900 471 3935 m.
491 3886 633 3953 superrat.)
651 3884 691 3937 W.
727 3883 824 3936 ltnnus
840 3879 1036 3952 poemen
1055 3887 1081 3934 et
1099 3879 1149 3935 lld.

131 3971 193 4024 Voc.
212 3976 259 4028 ἀοι
277 3987 327 4025 em.
348 3970 385 4024 Ba
404 3972 515 4039 itemque
533 3970 555 4022 Α
574 3971 640 4040 quod
659 3971 772 4039 sequitur
790 3979 822 4024 et.
927 3997 929 4000 ·
