2858 4688
592 675 594 682 ¹
631 641 679 710 ll

233 784 292 849 Sed
311 782 335 860 ¹)
366 785 482 847 vereris
511 789 542 848 et
570 784 676 849 metiris
706 801 762 865 ne‘,
798 788 824 848 si
857 791 975 868 operari
996 787 1160 875 ‚plurimum

145 898 302 981 coeperis,
336 897 511 978 patrimonio
535 901 586 958 too
609 897 692 979 large
713 899 889 979 operatione
912 900 993 964 linito
1016 901 1052 962 ed
1083 921 1168 984 pree

145 1013 260 1074 noriam
294 1009 372 1072 torte
403 1009 560 1091 redigeris.
611 1009 693 1088 listo⁸
715 1011 744 1074 io
779 1011 835 1073 hec
867 1019 952 1094 perte
986 1014 1160 1097 intrepidos,

145 1130 210 1188 esto
241 1141 384 1199 securus3
417 1122 494 1185 liniri
525 1141 584 1184 non
616 1129 715 1205 potest
743 1123 822 1187 unde
852 1126 882 1188 in
913 1146 984 1190 usus
1000 1125 1028 1204 ²)
1052 1126 1161 1192 Christi

144 1206 331 1319 inpenditur,
361 1234 442 1298 unde
466 1252 541 1316 opus
565 1235 696 1297 coeleste
720 1235 896 1300 celebretur.
941 1239 1005 1302 Nec
1027 1240 1086 1304 hoc
1109 1242 1159 1304 tibi

144 1350 182 1412 de
212 1368 279 1412 meo
295 1345 322 1420 ³)
353 1346 505 1428 spondeo,
537 1344 592 1409 sed
616 1346 653 1408 de
676 1353 843 1410 sanctornm
867 1351 1078 1432 scripturorum
1100 1353 1159 1415 lide

144 1469 173 1525 et
205 1463 323 1525 divinoe
357 1459 577 1541 pollicitationis
611 1461 786 1523 auctoritate
817 1463 965 1543 promitto.
1015 1465 1160 1546 Loquitur

142 1593 198 1659 per
221 1573 409 1639 Salomonem
426 1569 454 1647 ⁴)
478 1574 599 1655 spiritus
622 1581 742 1636 sanetus
766 1582 797 1638 et
818 1575 888 1638 dicit
904 1573 947 1653 ⁵):
979 1577 1039 1653 (lai
1060 1580 1118 1642 det
1132 1576 1165 1655 θ)·

139 1688 344 1770 pauperibus,
368 1705 531 1768 nampnam
553 1688 672 1768 epebit;
699 1688 753 1768 qai
777 1697 879 1750 actem
902 1691 1017 1754 evertit
1038 1693 1160 1755 oealnm

57 1860 60 1865 .
142 1821 251 1876 mam,
278 1801 316 1860 'in
338 1819 452 1880 mcpna
471 1801 626 1878 paenuria
649 1802 726 1876 crit,
758 1800 921 1864 ostendens
949 1804 1158 1868 misericordes

143 1922 233 1995 etque
256 1921 416 1994 operantes
439 1921 532 1996 egere
554 1931 613 1975 non
637 1929 738 1994 posse,
761 1915 855 1996 magis
870 1932 979 1995 percos
995 1923 1024 1977 et
1039 1917 1165 1979 steriles.

143 2028 178 2089 nd
210 2028 337 2109 inopiam
366 2025 552 2106 postmodum
584 2023 737 2088 devenire.
782 2025 853 2087 ltern
877 2026 981 2089 beatus
1005 2029 1163 2109 apostolus.

142 2140 248 2205 Paulus
273 2139 438 2202 dominicae
461 2139 662 2220 inspirationis
685 2140 779 2221 gratie
803 2139 910 2224 plenus
929 2133 971 2212 7);
1005 2141 1065 2216 Oai
1097 2143 1157 2204 ad-

141 2257 309 2330 ministret,
333 2245 478 2333 inquit8),
500 2271 602 2314 semen
623 2231 791 2313 seminanti
813 2261 842 2313 et
861 2271 975 2330 panem
997 2255 1040 2314 ad
1062 2255 1158 2316 eden·

141 2369 213 2430 dam
233 2363 409 2445 praestabit
430 2372 460 2425 et
481 2363 700 2442 multiplicabit
721 2365 953 2427 seminationem
975 2375 1110 2429 cernam
1130 2377 1160 2428 ct

141 2479 266 2562 capedit
294 2479 487 2539 incrementa
503 2471 530 2549 ⁹)
560 2473 686 2556 [rapam
715 2476 857 2539 institiae
887 2485 1029 2554 amirae,
1064 2489 1098 2542 at
1126 2463 1182 2542 in

140 2593 283 2656 concidas
320 2591 556 2668 locupletemini.
613 2588 649 2651 Et
688 2593 792 2652 iterum
821 2586 880 2666 ¹⁰),z
918 2589 1159 2656 Administratio

142 2709 349 2720 ——.--—-·

209 2762 249 2814 lX.
274 2763 300 2828 l]
318 2761 354 2812 lte
375 2761 449 2812 codd.
470 2773 558 2812 omnes
577 2761 756 2830 editionesque
775 2762 850 2814 (ires.
870 2772 896 2814 et
915 2763 995 2818 Oxou.
1015 2784 1036 2817 c.
1054 2767 1158 2832 linoln,

139 2853 166 2903 si
185 2848 243 2900 edd.
257 2848 311 2899 rell.
348 2845 732 2910 tremendissimum.
770 2847 832 2898 Turn
851 2855 962 2905 camerni
977 2865 1024 2918 pro
1039 2859 1161 2921 eoeperit
1197 2885 1201 2898 ·

140 2935 193 3000 Bb,
222 2944 266 2988 tna
284 2935 310 2984 in
329 2931 364 2984 m
384 2932 473 2994 deest,
499 2935 656 3001 pannariam
679 2934 768 2999 scripsi
788 2949 845 2984 cum
864 2934 939 2984 codd.
960 2936 998 2986 W.
1019 2935 1059 2985 llb
1079 2944 1106 2989 et
1123 2937 1158 2988 Be

140 3022 203 3087 (rid.
224 3024 312 3090 Sittip.
332 3018 412 3082 l’reel.
433 3019 465 3068 ed
484 3017 547 3068 Plio.
568 3025 647 3067 netur.
669 3017 725 3068 lrist.
746 3017 815 3070 Tem.
836 3018 853 3070 l.
873 3036 897 3086 p.
917 3019 1029 3086 ml),
1054 3039 1157 3091 poeria.

102 3128 104 3133 ·
138 3113 208 3162 riam
235 3093 311 3157 hebet
335 3104 392 3167 tta,
419 3107 559 3170 petrariam
585 3102 678 3171 legitur
703 3104 789 3172 vulgo.
827 3103 899 3158 Gonl.
928 3106 983 3158 inlr.
1009 3115 1063 3161 net.
1083 3109 1107 3158 6.
1133 3117 1160 3160 et

138 3211 195 3261 cap.
216 3193 277 3244 XVl.
304 3202 354 3244 not.
376 3192 400 3243 3.
445 3191 473 3249 2)
493 3193 522 3244 in
539 3208 622 3244 anam
642 3183 702 3242 Bb.'
732 3192 760 3255 3)
781 3197 812 3247 rte
828 3211 869 3246 me
888 3193 936 3245 tto.
975 3191 1074 3244 Deinde
1094 3198 1157 3256 rin.

137 3284 260 3350 palaram
278 3283 480 3346 scripturarum
493 3277 533 3342 W,
553 3294 695 3332 camaram
713 3283 804 3350 script.
823 3279 870 3344 lle,
889 3282 983 3349 script·
1003 3291 1158 3336 ranctrram

138 3365 196 3416 edd.
215 3373 278 3417 vett.
299 3382 321 3417 c.
343 3363 441 3416 Eresm.
461 3373 487 3416 et
505 3363 580 3416 Grsv.
618 3365 684 3416 Ante
703 3381 729 3418 v.
747 3370 796 3436 fite
821 3366 878 3417 ced.
900 3369 920 3418 Α
940 3365 1042 3418 infercit
1060 3377 1157 3422 caeto-

137 3454 262 3505 ritatilnr
288 3460 314 3503 et
336 3460 397 3519 post
420 3455 542 3522 capulam
560 3450 617 3503 llad
642 3461 761 3521 repetunt
784 3455 922 3520 praeposit.
944 3458 983 3508 de.
1028 3456 1056 3518 t)
1074 3457 1157 3507 Salo-

137 3554 239 3590 monem
256 3537 306 3590 lllb.
344 3539 373 3606 5]
392 3537 467 3590 Prov.
483 3538 526 3604 28,
540 3539 582 3590 27.
619 3537 647 3602 6)
667 3542 720 3604 ctat,
739 3543 825 3610 inquit
843 3540 892 3591 llb.
929 3539 1045 3593 Proxime
1065 3543 1157 3594 ccalm

137 3642 204 3678 raas
223 3623 281 3676 edd.
301 3632 363 3676 vett.
383 3639 405 3675 c.
421 3621 518 3675 Errant.
538 3621 612 3675 Grnr.
632 3633 659 3675 et
677 3623 769 3676 Menai.
807 3625 902 3678 Rursus
919 3628 1049 3695 prestaria
1062 3625 1101 3676 W.
1116 3624 1157 3676 tto

137 3719 167 3762 etv
182 3709 234 3776 Bt,
259 3714 375 3781 penaria
392 3713 472 3762 ceteri
490 3710 546 3762 libri
565 3713 653 3778 scripti
672 3719 697 3763 et
715 3712 786 3762 editi.
825 3711 1072 3776 teneritudini,
1098 3712 1156 3764 dein

138 3801 297 3852 misericors
310 3797 347 3849 Bb
367 3805 392 3848 et
409 3813 446 3864 pr.
461 3797 508 3848 lle.
545 3795 601 3848 llox
621 3801 656 3851 ad
673 3797 734 3864 (pro
750 3801 788 3866 ct)
806 3801 914 3853 steriles
933 3797 962 3850 d.
999 3795 1029 3864 7)
1047 3796 1157 3848 Additur

135 3890 227 3940 dicerer
246 3887 272 3936 in
292 3884 323 3936 n.
360 3885 388 3946 8)
407 3885 432 3935 2.
448 3883 506 3936 Gor.
526 3883 558 3949 s,
580 3883 621 3936 10.
657 3883 687 3952 9)
705 3888 895 3941 incrementum
913 3883 958 3936 tto.
997 3882 1042 3946 to)
1060 3877 1158 3940 iterari

135 3975 200 4027 dicit
218 3971 268 4026 tto.
307 3971 363 4024 vic.
385 3971 409 4023 2.
423 3969 482 4022 Cor.
502 3972 528 4037 9,
549 3972 590 4024 12.
762 3989 767 3994 ·
1058 3989 1063 3994 ·
