2880 4696
657 421 700 522 aa

165 621 196 678 et
218 615 316 678 anima
339 617 541 680 exaestuante·
556 613 695 680 concludi
713 614 901 697 postmodum
918 617 1026 698 coepit,
1048 624 1079 678 et
1092 631 1184 698 pres-

165 748 266 794 suram
288 748 352 794 non
373 731 430 794 iam
453 729 686 813 persecutionis,
717 729 773 792 sed
804 729 902 792 delicti
931 732 978 793 sui
1006 748 1093 810 passa
1115 729 1183 810 pal-

165 845 263 928 pitans
288 851 318 908 et
342 851 474 908 tremens
497 841 635 908 concidit.
679 843 844 924 lnpunitum
867 841 917 905 diu
938 861 999 906 non
1026 842 1095 920 iuit,
1127 861 1183 904 nec

166 959 317 1023 occultum
341 956 540 1022 dissimulatae
564 955 765 1020 conscientiae
778 951 805 1035 ³)
828 955 947 1018 crimen.
986 955 1069 1028 cuae
1091 954 1184 1018 ieiel-

138 1071 244 1148 nlerat
266 1071 416 1135 hominem
439 1067 525 1132 deum
547 1065 683 1144 sensit⁴)
706 1068 841 1131 ultorem.
894 1067 931 1130 Et
953 1085 1020 1130 cum
1036 1065 1062 1145 5)
1085 1088 1183 1150 quae-

166 1185 234 1248 dam
257 1171 356 1249 arcam
383 1204 484 1266 suam,
515 1187 546 1248 in
575 1203 633 1266 qua
663 1183 773 1247 domini
795 1191 928 1248 sanctum
951 1183 1020 1263 luit,
1049 1188 1183 1250 manibus

165 1298 297 1383 indignis
321 1303 492 1380 temptasset
514 1298 648 1380 aperire,
679 1298 750 1380 igne
780 1298 849 1360 inde
876 1305 1019 1380 surgente
1042 1299 1184 1362 deterrita

166 1420 223 1492 est,
247 1432 286 1476 ne
309 1409 434 1476 auderet
457 1411 612 1492 attingere.
657 1409 693 1472 Et
715 1412 784 1492 quia
812 1411 885 1474 alius
905 1407 933 1490 6)
964 1420 994 1476 et
1023 1414 1087 1493 ipse
1117 1432 1184 1476 ma-

166 1525 284 1588 culatus
309 1523 456 1620 sacrificio
480 1542 496 1587 a
519 1523 677 1587 sacerdote
700 1524 849 1588 celebrato
865 1532 976 1607 partem
993 1545 1059 1589 cum
1075 1531 1183 1592 ceteris

125 1653 258 1704 mausus
290 1645 336 1702 est
367 1637 496 1700 latenter
529 1637 682 1718 accipere,
716 1645 850 1700 sanetum
885 1639 995 1701 domini
1028 1639 1121 1704 edere
1155 1649 1185 1704 et

164 1756 354 1816 contrectare
377 1769 437 1813 nnn
460 1751 574 1831 potuit·
588 1751 719 1812 cinerem
742 1751 823 1813 lerre
841 1769 876 1814 se
891 1755 1001 1833 apertis
1021 1751 1026 1835 l
1047 1756 1179 1820 manibus
1195 1771 1233 1813 mn

164 1868 288 1931 invenit.
333 1864 519 1927 Documento
543 1863 629 1926 unius
653 1869 805 1926 ostensum
830 1870 875 1924 est
905 1864 1055 1928 dominum
1073 1861 1099 1944 ⁷)
1128 1888 1182 1930 re-

164 1979 295 2059 cedere,
326 1997 391 2042 cum
414 1983 556 2062 negatur,
587 1993 644 2038 nec
666 1977 878 2040 inmerentibus
901 1977 1084 2043 adsalutem
1106 2000 1182 2062 pro-

165 2169 228 2240 galt.
266 2167 339 2221 Ccnl.
358 2167 495 2221 Gronov.
514 2167 530 2219 l.
550 2185 571 2221 c.
607 2167 673 2218 Dein
698 2168 954 2238 danamarchiam,
980 2175 1024 2242 aci
1048 2182 1072 2225 et
1096 2177 1184 2226 anima

169 2259 216 2312 Bb.
259 2257 349 2310 Partic.
377 2257 511 2326 copulatlr.
541 2256 573 2308 ab
600 2272 621 2307 r.
648 2272 680 2307 nr.
706 2258 731 2307 in
756 2256 795 2309 lllc
823 2275 897 2327 supra
922 2267 961 2312 est
987 2258 1079 2312 addita.
1124 2259 1184 2312 Turn

169 2350 348 2472 mimam
360 2413 425 2466 liber
436 2412 501 2478 Ital,
519 2415 624 2467 concuti
636 2412 677 2465 ed.
691 2412 782 2466 Manat.
820 2414 850 2479 3)
870 2418 1042 2480 dissimulare
1054 2417 1103 2482 ltu,
1123 2422 1183 2474 dia-

167 2507 295 2558 simatata
314 2505 475 2557 conscientia
492 2500 535 2552 Ba.
572 2501 600 2566 4)
620 2505 700 2555 scirtii
717 2501 766 2554 Md.
811 2503 840 2570 5)
861 2522 909 2574 quc
928 2507 957 2556 Α.
994 2505 1059 2557 Dein
1078 2511 1186 2560 erctum

165 2590 200 2642 id.
221 2589 453 2655 candavena,
473 2606 564 2643 arcam
583 2592 720 2657 (superscr.
740 2590 771 2641 ab
790 2607 810 2642 r.
830 2608 863 2643 nr.
882 2595 1002 2658 arctam)
1021 2593 1070 2645 llld.
1106 2592 1185 2645 Paulo

165 2685 225 2744 pest
243 2681 366 2732 manitus
384 2679 501 2748 indicata
520 2691 569 2728 om.
589 2684 651 2728 vett.
670 2676 726 2728 edd.
747 2677 934 2744 caldenborn,
952 2684 1075 2735 marsidae
1093 2684 1185 2750 inqui·-

164 2769 240 2820 netia
259 2765 320 2817 dant
336 2764 393 2818 Ver.
412 2770 444 2830 Α,
464 2764 514 2815 duo
534 2762 608 2832 dugl.
628 2771 655 2815 et
672 2781 735 2816 unus
748 2764 833 2817 Belum.
865 2763 964 2818 Omisso
983 2772 1043 2821 inde
1060 2767 1083 2818 Α
1100 2768 1187 2821 scribit

164 2858 269 2908 territa.
305 2855 332 2920 6)
352 2854 388 2906 lta
406 2853 463 2919 tta,
482 2857 554 2922 atqui
572 2857 645 2908 aliua
662 2851 714 2918 Ba,
742 2863 766 2906 ct
788 2857 834 2922 qui
852 2857 923 2908 alius
941 2853 982 2919 W,
1001 2865 1025 2908 ct
1044 2859 1116 2910 allice
1141 2861 1186 2926 qui

164 2930 260 2994 Manut.
280 2941 373 2995 Puniel.
394 2941 489 3008 Onon,
514 2931 634 2997 ctetica
659 2945 719 3011 quia
737 2939 845 3008 Rigalt,
870 2951 893 2995 et
917 2945 1022 3010 quidam
1046 2947 1119 2997 aliua
1144 2943 1184 2996 tlh

165 3049 187 3084 c.
209 3030 267 3082 edd.
285 3029 407 3083 Deventr.
425 3027 523 3082 Eraam.
542 3027 631 3094 Grau,
650 3031 794 3098 etquidem
813 3032 884 3082 aliur
904 3029 959 3094 lllc,
983 3039 1007 3083 ct
1030 3034 1103 3084 aliud
1121 3035 1184 3100 quti-

164 3123 224 3174 dcm
241 3119 278 3183 Α,
304 3121 448 3186 etquidem
467 3121 540 3172 alius
560 3120 622 3186 qrric
639 3115 741 3182 Belum,
760 3127 783 3170 ct
803 3121 863 3186 quic
882 3121 954 3171 clieta
973 3117 1028 3183 Md,
1048 3120 1108 3172 item
1127 3119 1185 3171 edd.

164 3215 239 3272 vett,
258 3216 283 3261 ct
300 3225 359 3260 cum
376 3215 401 3259 ct
418 3209 490 3259 aliua
511 3203 559 3270 Bb,
578 3215 602 3258 et
620 3223 679 3259 cum
698 3208 770 3258 aliua
790 3208 834 3274 qui
846 3203 953 3270 norell,
973 3215 997 3258 et
1015 3225 1095 3274 qaum
1113 3209 1185 3262 aliua

165 3293 267 3359 notun,
284 3293 390 3358 addens,
411 3291 580 3361 „suffragante
601 3295 683 3360 primo
703 3309 742 3360 ap.
763 3290 841 3344 Oxon.
863 3290 1001 3345 Bodleiano
1022 3295 1095 3346 ccd.“
1134 3293 1184 3345 Sed

163 3381 239 3434 Bodl.
258 3380 323 3433 liber
341 3380 416 3433 hahet
435 3397 509 3445 cum,
533 3395 584 3432 nen
603 3399 698 3450 quum,
718 3380 785 3448 quod
804 3396 818 3430 a
837 3377 959 3448 Cypriani
977 3398 1023 3433 usu
1042 3381 1117 3449 plane
1136 3380 1185 3432 ab·

163 3470 261 3522 horret.
294 3466 453 3536 Praepositio
477 3476 535 3540 ante
552 3483 578 3519 r.
598 3471 734 3522 uaecrdctc
757 3469 783 3517 in
804 3466 861 3518 llbc
880 3484 894 3518 a
912 3484 932 3520 r.
953 3486 984 3522 rn.
1003 3470 1182 3536 superscripta.

164 3555 228 3608 Post
245 3555 407 3609 celebrated
425 3554 501 3606 inlert
519 3557 642 3624 queniam
661 3557 859 3622 accipientibus,
879 3563 937 3606 ante
957 3560 1052 3608 ceteris
1074 3554 1182 3604 coniun-

164 3644 277 3696 ctionem
296 3661 356 3698 cum
374 3645 500 3694 omittens.
538 3641 603 3694 llein
626 3645 706 3696 nicus
731 3651 771 3695 cst
795 3645 820 3693 in
843 3659 891 3696 ras.
908 3643 996 3696 'scribit
1014 3643 1071 3706 lib,
1098 3658 1184 3695 curua

165 3741 237 3786 cerel
253 3730 284 3784 A.
321 3731 380 3783 lllox
404 3739 463 3784 ante
486 3741 610 3786 sanctum
635 3745 655 3781 r.
676 3747 707 3780 in.
727 3731 826 3782 intrusit
843 3734 931 3798 partic.
951 3741 974 3786 et
992 3731 1017 3781 in
1037 3728 1086 3780 ltlb.
1122 3726 1184 3778 Tum

163 3838 207 3892 dei
224 3833 302 3890 habet
320 3837 371 3889 lld.
407 3835 522 3888 Proxime
541 3843 706 3890 contractare
725 3835 748 3887 Α
766 3843 792 3887 et
809 3852 855 3903 pro
878 3842 950 3906 ferre
973 3853 1003 3889 ee
1020 3833 1056 3886 tta
1080 3851 1110 3888 ae
1136 3817 1182 3888 tre.

165 3958 194 4023 7)
214 3961 290 4014 Mum
308 3958 355 4014 Bb.
392 3957 455 4012 'lum
477 3963 601 4030 quoniam
626 3969 737 4030 necatur
753 3958 784 4012 A.
822 3958 910 4012 Statim
927 3958 969 4010 lllr
988 3926 1185 4012 ‘meliorantibus

147 4061 181 4099 ·c
199 4061 265 4100 corr.
284 4063 305 4102 r.
324 4064 357 4101 m.

920 4143 971 4208 ’μ’
