2880 4696
747 409 810 474 112

265 571 349 644 runt3
383 566 501 649 quando
531 568 630 634 iacere
646 563 688 648 ¹⁴)
719 573 749 630 et
779 555 975 650 prosternere
1007 571 1054 632 se'
1073 565 1131 630 deo
1163 561 1285 647 debent,

266 686 346 744 stsre
375 699 410 744 se
441 681 605 764 opinantur.
659 680 764 744 Pacem
794 681 851 744 sibi
880 681 958 745 ultro
989 681 1107 745 nemine
1128 676 1165 758 ¹⁵)
1195 678 1286 744 dante

265 800 460 876 sumpsemnt.
513 793 600 858 Falsa
629 794 843 877 pollicitatione
874 793 988 859 seducti
1019 802 1050 858 et
1078 795 1221 878 apostatis
1249 812 1286 858 ac

264 907 385 990 perfidis
408 909 499 972 iuncti
514 903 562 991 ¹⁶),
586 926 720 973 errorem
742 928 798 993 pro
821 911 946 974 ueritate
971 910 1144 993 suscipiunt.
1190 909 1285 972 Com·

239 1021 494 1115 smunicationem
509 1014 548 1099 ι7)
570 1039 632 1084 non
655 1022 931 1085 communicantium
953 1031 1046 1086 ratam
1071 1022 1199 1103 ducunt,
1223 1024 1285 1087 ho·-

266 1135 393 1199 minibus
422 1142 525 1200 contra
556 1134 644 1200 deum
678 1135 803 1200 credunt
836 1138 886 1218 qui
921 1143 1024 1203 contra
1057 1137 1193 1202 homines
1226 1137 1284 1202 deo

265 1267 326 1314 non
360 1251 558 1314 crediderunt.
617 1249 770 1314 Eiusmodi
806 1249 942 1315 homines
980 1257 1119 1333 quantum
1157 1253 1284 1334 potestis

265 1363 388 1449 effugite
409 1360 466 1447 ¹⁸),
503 1366 680 1449 perniciosis
719 1367 906 1430 contactibus
943 1365 1141 1430 adhaerentes
1174 1365 1286 1430 salubri

265 1483 403 1544 cautione
438 1482 537 1545 vitate.
593 1482 698 1548 Sermo
733 1499 838 1546 eorum
869 1481 946 1544 sicut
978 1499 1088 1544 cancer
1106 1475 1144 1559 ¹⁹)
1181 1481 1284 1563 serpit,

226 1610 253 1656 m
266 1595 455 1677 conloquium
486 1596 569 1660 uelut
598 1597 767 1681 contagium
795 1597 939 1676 transilit,
972 1597 1063 1659 noxia
1085 1602 1115 1658 et
1138 1601 1286 1660 venenata

264 1711 421 1792 persuasio
444 1712 656 1792 persecutione
680 1711 744 1794 ipsa
766 1711 852 1795 peius
882 1711 1029 1775 interficit.
1064 1711 1135 1774 'Illic
1152 1705 1194 1788 ²⁰)
1228 1727 1286 1773 su-

263 1832 366 1906 perest
395 1826 593 1907 paenitentia,
624 1845 703 1909 quae
733 1825 902 1891 satisfaciat
957 1827 1016 1903 Qui
1045 1832 1143 1891 autem
1172 1825 1284 1907 paeni-

264 1940 384 2016 tentiam
419 1941 549 2006 criminis
582 1941 708 2022 tollunt,
741 1940 952 2006 satisfactionis
986 1943 1063 2006 viam
1098 1938 1284 2018 cludunc21).

263 2052 306 2116 lta
334 2054 366 2118 lit
381 2050 441 2136 ²²),
469 2060 519 2136 ut,
543 2053 612 2118 dum
635 2054 802 2118 temeritate
824 2053 1010 2137 quorundam
1032 2055 1081 2117 vel
1104 2053 1287 2135 promittitur

225 2184 251 2230 rs
266 2167 347 2232 salus
370 2166 445 2232 falsa
467 2169 518 2233 vel
541 2143 683 2249 creditur,
707 2186 778 2249 spes
800 2185 892 2232 verae
914 2167 1016 2232 salutis
1041 2165 1192 2230 adimatur.

338 2393 385 2460 14)
402 2397 490 2449 iacere
512 2407 561 2444 om.
578 2392 610 2445 Α.
646 2391 708 2442 Tum
731 2395 779 2446 aed
801 2394 924 2446 dedebent
950 2393 996 2444 dec
1020 2402 1095 2447 stare
1120 2391 1189 2443 idem
1207 2389 1285 2443 liber.

267 2482 311 2548 15)
330 2485 434 2536 nemine
451 2485 522 2536 ultro
540 2479 572 2533 A.
609 2479 698 2532 Statim
716 2487 776 2546 post
792 2487 951 2533 sumserunt
970 2477 1019 2532 Ma.
1063 2478 1109 2544 16)
1128 2480 1287 2549 apostaticis

267 2599 298 2609 -
316 2572 400 2624 cincti
418 2569 468 2620 lld.
505 2568 565 2621 blox
582 2577 760 2639 susceperunt
777 2567 828 2619 duo
846 2566 937 2620 ltalici.
982 2568 1028 2632 17)
1052 2578 1077 2622 et
1101 2570 1285 2622 eommunice-

265 2660 359 2711 tionem
386 2654 431 2708 Ba.
475 2654 523 2708 Pro
551 2659 651 2711 ducunt
667 2656 690 2707 Α
709 2659 806 2711 dicunt.
842 2654 871 2724 In
899 2654 1011 2708 clausula
1037 2673 1091 2710 non
1117 2658 1287 2709 eredidmunt

266 2747 311 2798 ceo
329 2743 382 2810 uc,
402 2746 543 2830 neumae
559 2742 608 2796 uc.
646 2742 690 2808 18)
708 2747 791 2814 apsa
806 2743 836 2797 n.
866 2729 938 2796 aiem
955 2747 1044 2800 esem.
1081 2741 1126 2809 na)
1139 2743 1164 2795 a.
1177 2741 1286 2794 cimon.

265 2867 291 2934 2,
311 2867 352 2918 1⁷.
388 2865 460 2920 Ocni.
480 2865 558 2935 Epist.
576 2865 626 2919 LV.
644 2884 669 2936 p.
689 2866 732 2920 89.
764 2866 866 2919 Deinde
886 2849 1052 2936 ⁶⁰”lcqm'um
1071 2868 1134 2932 (con
1152 2866 1183 2918 ab
1206 2865 1238 2920 al.
1251 2882 1285 2917 m.

265 2956 404 3022 superscr.)
423 2953 463 3006 W.
499 2952 617 3006 Proxime
639 2951 763 3009 transibit
788 2953 820 3006 Α.
856 2951 884 3005 Iu
909 2953 1006 3006 duobus
1023 2969 1082 3006 mss.
1101 2952 1219 3006 Baluzius
1243 2955 1286 3005 iu-

264 3043 335 3094 venit
362 3045 513 3112 concipit,
539 3043 564 3094 in
591 3040 641 3094 alic
669 3045 837 3113 ncneeinpit.
873 3040 931 3092 lllox
957 3051 981 3095 et
999 3056 1048 3093 cm.
1067 3039 1112 3094 Be.
1146 3041 1173 3094 In
1193 3042 1286 3094 eodem

265 3133 326 3182 item
346 3130 419 3181 deest
434 3133 585 3198 persuasio.
621 3129 683 3181 blox
706 3133 786 3200 peine
813 3136 914 3181 enatum
938 3144 970 3180 cx
992 3133 1054 3184 eius
1079 3131 1105 3182 ia
1124 3130 1170 3182 lle.
1207 3127 1287 3180 Cuius

265 3216 324 3270 loco
341 3218 367 3269 in
385 3215 407 3268 Α
426 3225 466 3270 est
481 3220 571 3288 price.
614 3218 661 3283 20)
680 3221 740 3292 lllic
758 3221 817 3271 cela
835 3214 873 3268 Bu
893 3225 919 3271 et
936 3216 993 3282 tid,
1023 3233 1128 3285 quorum
1148 3219 1174 3269 in
1193 3225 1288 3286 poste-,

265 3306 333 3357 ricrc
351 3309 410 3360 ecla
426 3320 447 3358 r.
466 3320 499 3356 m.
518 3305 701 3375 superscripsit.
731 3302 835 3356 Addidit
852 3304 920 3356 istud
938 3303 1091 3357 vocabulum
1108 3303 1236 3357 Pemelius
1255 3320 1287 3356 ex

264 3391 319 3457 Ma,
338 3399 366 3444 ut
384 3393 428 3458 eit,
448 3399 474 3444 et
491 3400 542 3445 vet.
563 3407 618 3444 exc.
639 3392 668 3459 [i.
688 3407 711 3443 e.
733 3391 795 3444 edit.
814 3391 970 3460 Daventr.]‚
997 3395 1093 3463 reperit
1111 3393 1187 3445 etiem
1206 3391 1286 3445 Balu-

264 3481 317 3532 aius
335 3481 360 3531 iu
378 3495 429 3531 uno
449 3478 691 3546 Gratianopolitanc.
729 3477 779 3530 Sed
799 3495 894 3531 merum
913 3495 970 3532 esse
989 3479 1117 3549 glossema
1136 3497 1169 3532 ex
1186 3495 1218 3531 eo
1237 3481 1286 3532 iam

264 3569 324 3620 satis
349 3575 470 3636 apparat,
498 3567 566 3636 quod
584 3569 611 3618 iu
629 3565 670 3620 ed.
691 3565 767 3620 Grau.
785 3575 845 3619 ante
863 3571 934 3633 sitta,
964 3568 989 3619 in
1008 3566 1106 3620 ldorell.
1126 3577 1210 3620 autem
1229 3575 1288 3637 post

264 3664 386 3725 superest
404 3657 523 3707 insertum
542 3653 656 3708 habetur.
693 3653 759 3707 Exin
776 3655 836 3707 Ver.
855 3659 901 3711 deo
920 3660 1079 3726 tabefaciat.
1117 3656 1164 3721 21)
1189 3656 1227 3708 lta
1245 3654 1286 3706 W.

263 3739 326 3794 Bab.
346 3741 386 3792 Md
404 3750 431 3794 et
447 3758 485 3809 pr.
504 3740 582 3807 Mic,
611 3743 636 3793 in
656 3741 765 3810 quibus,
792 3750 821 3793 ut
838 3741 927 3812 vulg„
952 3759 1021 3795 nune
1038 3742 1132 3812 legitur
1149 3747 1286 3799 claudunt.

264 3828 303 3880 De
323 3831 424 3898 antiqua
442 3829 523 3882 forma
542 3832 647 3884 eludere
664 3830 714 3882 vid.
733 3830 950 3884 llildcbraud.
970 3830 1002 3882 ad
1013 3830 1149 3898 Apuleium
1166 3829 1234 3881 Part.
1255 3827 1286 3881 ll.

264 3931 289 3984 p.
308 3916 358 3967 275
379 3925 405 3968 ct
422 3917 454 3970 ad
473 3915 568 3970 Aruob.
586 3933 611 3986 p.
631 3916 690 3968 229.
727 3917 776 3982 22)
795 3920 832 3972 sit
850 3917 899 3971 Md.
937 3918 995 3971 Mox
1012 3921 1186 3989 quorumdam
1199 3918 1240 3970 blc
1261 3925 1287 3970 et

265 4003 328 4057 Ac.
348 4004 389 4057 ed.
408 4004 529 4058 Daventr.
566 4004 622 4059 vid.
640 4021 717 4074 supro
735 4013 788 4056 not.
807 4006 832 4059 5.
