2904 4692
673 403 714 470 67

661 646 735 716 ιιι.Ι
816 716 819 721 ,
854 595 865 604 ³

271 788 349 850 Fieri
371 793 469 850 eutem
490 789 617 868 petimus
642 785 823 850 volontatem
848 787 948 857 deiio
972 783 1058 852 caelo
1076 788 1099 866 ¹)
1122 797 1151 852 et
1173 792 1203 853 io

152 986 155 991 ἱ
186 908 283 980 terre,
317 900 396 982 quod
421 907 577 981 utrumque
601 900 637 963 od
661 902 945 969 consummationem
969 907 1088 964 nostrae
1115 903 1203 966 ioco-

184 1015 323 1077 lomitetis
345 1015 475 1096 pertinet
499 1019 527 1076 et
550 1013 665 1078 solutis.
710 1013 783 1080 Nero
808 1031 874 1078 conr
892 1010 919 1092 ²)
951 1032 1060 1096 corpus
1084 1034 1101 1076 e
1124 1022 1206 1100 terra*

185 1134 215 1188 et
244 1128 377 1210 spiritum
409 1128 617 1209 possideamus
647 1147 664 1190 e
694 1127 797 1206 caelo,
832 1129 888 1210 ipsi
919 1136 1005 1194 terro,
1030 1134 1057 1189 et
1089 1128 1203 1192 coelum

184 1256 296 1318 sumus,
320 1247 349 1302 et
371 1243 400 1303 in
424 1245 562 1322 utroque,
584 1240 614 1302 id
638 1247 694 1322 est,
717 1249 747 1304 et
771 1259 901 1324 corpore
924 1247 953 1304 et
976 1243 1080 1324 spiritu
1102 1249 1133 1304 ut
1155 1243 1204 1304 dei
1287 1325 1289 1328 Ι

184 1353 322 1418 voiuntos
345 1355 394 1417 bot
418 1372 545 1417 oramus.
591 1354 643 1417 Est
666 1356 743 1418 enirn
762 1351 789 1434 3)
817 1355 894 1432 inter
917 1373 1036 1418 cornero
1060 1360 1090 1418 et
1112 1355 1204 1437 spiri-

185 1473 244 1528 ῑιιιιι
279 1467 459 1532 conluctatio
494 1475 522 1529 et
556 1468 794 1530 discordantibus
828 1467 973 1530 adversus
1008 1486 1042 1530 sc
1076 1468 1202 1530 invicem

185 1579 331 1642 cotidiene
355 1581 544 1664 congressio,
569 1585 680 1643 utnon
706 1597 783 1661 quoe
807 1581 942 1644 volumus
965 1579 1029 1662 ipse
1053 1579 1202 1660 iaciemus,

185 1692 253 1756 dom
283 1665 417 1775 spirituo⁵
431 1695 571 1760 coelestia
596 1700 625 1757 et
647 1693 746 1756 divino
771 1693 905 1788 quaerit,
937 1712 1007 1757 coro
1032 1701 1150 1758 terrene
1170 1672 1204 1756 ‘et

175 1929 185 1938 η
254 1865 306 1918 XII.
345 1867 372 1935 1)
395 1876 425 1922 ot
449 1870 478 1921 iss
501 1871 573 1920 cocto
594 1865 630 1918 bii
647 1875 672 1919 et
691 1866 806 1936 plerique
825 1865 883 1918 libri
904 1867 975 1920 editi.
1013 1865 1064 1917 Sed
1083 1873 1146 1932 port.
1166 1875 1202 1930 est,

185 1969 251 2022 queo
270 1952 301 2004 eb
322 1969 342 2004 r.
363 1968 395 2004 m.
416 1955 440 2005 in
457 1953 497 2004 Mc
516 1955 686 2022 superscripto
707 1953 821 2018 babetur,
841 1970 862 2005 e.
882 1953 941 2006 edd.
956 1951 1050 2003 bioreii.
1072 1949 1156 2002 Reios.
1177 1959 1203 2002 et

183 2037 323 2092 Goidboro.
343 2039 417 2090 codd.
431 2028 492 2091 seii.
513 2048 538 2091 et
558 2037 636 2099 italici
655 2040 687 2092 od
707 2056 782 2091 unum
802 2055 890 2094 omnes
910 2041 1035 2091 omittunt.
1072 2036 1204 2089 Consentit

182 2129 351 2195 Ausosts'ous
371 2125 386 2176 Ι.
407 2142 429 2175 c.
450 2142 474 2193 p.
496 2125 554 2177 483.
574 2123 605 2175 Ε.
632 2133 658 2176 et
682 2133 769 2177 contro
787 2123 873 2176 iuiieo.
893 2124 979 2192 Peisg.
1000 2123 1024 2174 L.
1046 2122 1076 2174 n.
1101 2139 1156 2190 cop.
1177 2124 1201 2174 3.
1276 2141 1280 2148 ·

182 2214 205 2277 §.
225 2213 249 2262 6.
273 2210 301 2262 Τ.
323 2228 345 2262 c.
371 2227 395 2278 p.
416 2209 474 2261 529.
493 2209 521 2260 F.
559 2209 618 2262 Post
645 2221 785 2280 utrumque
808 2209 843 2261 oc
868 2219 893 2262 ot
919 2209 959 2261 bic
983 2210 1145 2279 interponunt
1170 2220 1202 2263 st.
1310 2264 1314 2270 ,

182 2297 243 2348 Tum
267 2301 455 2352 incolomitatis
478 2296 595 2349 scribitur
620 2299 644 2348 io
669 2295 709 2348 W.
730 2295 835 2349 biebcde
860 2305 885 2348 et
910 2296 960 2362 Bc,
991 2313 1039 2348 nec
1064 2296 1139 2348 aliter
1164 2311 1202 2363 pr.

182 2376 294 2436 bsbcbst
313 2384 355 2436 Mi.
394 2383 457 2436 Deio
479 2395 555 2454 atquo
573 2387 672 2438 solutis
689 2387 801 2453 periisset
820 2385 862 2436 det
882 2384 929 2436 bio.
967 2385 995 2448 2)
1015 2402 1073 2437 com
1093 2395 1150 2433 orn:
1164 2379 1200 2432 ob

183 2479 208 2522 et
228 2470 258 2524 Α.
297 2469 386 2522 Statim
410 2471 434 2522 in
459 2471 508 2523 boo
532 2470 597 2523 libro
616 2483 750 2540 perperam
769 2470 861 2540 iegitur
879 2482 902 2525 ot
918 2481 1007 2536 terra,
1041 2468 1081 2520 bib
1101 2465 1204 2519 exhibet

183 2567 306 2620 eterra,
336 2556 404 2625 quod
430 2566 531 2610 enatum
558 2566 596 2609 est
622 2574 654 2609 ex
678 2572 710 2612 ac
735 2569 841 2612 terram.
878 2557 939 2609 Tum
963 2559 1135 2627 possidemus
1155 2550 1201 2604 Bb.

182 2641 240 2695 biox
258 2651 282 2696 st
301 2648 403 2698 caetum
422 2654 446 2698 st
465 2655 537 2700 terra
555 2651 638 2698 exstet
656 2645 681 2695 io
696 2642 730 2695 Bc
746 2652 772 2695 et
785 2643 851 2703 bicd.
872 2647 973 2698 coelom
992 2653 1016 2698 et
1034 2653 1107 2696 terra
1126 2643 1151 2692 in
1165 2638 1202 2691 Bb

183 2735 208 2778 et
227 2727 269 2779 A:
294 2727 426 2798 Vulgstsm
452 2730 590 2783 lectionem
615 2733 921 2801 sequiturviooosts'nos
945 2737 1024 2782 contr.
1046 2729 1202 2794 duasepist.

183 2812 269 2882 Peleo.
289 2813 331 2870 w.
352 2815 376 2866 9.
401 2817 425 2880 §.
446 2817 488 2868 25.
514 2817 541 2868 Τ.
561 2818 591 2869 X.
617 2835 642 2885 p.
664 2817 722 2868 483.
743 2817 771 2872 E.
792 2825 817 2868 et
837 2825 917 2869 contr.
938 2816 1026 2868 iuliae.
1047 2813 1132 2882 Peisg.
1152 2801 1202 2864 soc.

143 2911 147 2919 ·
183 2916 260 2969 supra
280 2903 322 2952 oit.
360 2899 476 2954 Proximo
502 2912 528 2958 et
550 2917 599 2953 om.
618 2903 655 2965 Α;
683 2906 711 2955 io
736 2911 876 2970 utromque
900 2902 978 2953 hebet
996 2901 1027 2951 W
1052 2917 1075 2951 c.
1095 2898 1148 2962 Βι,
1174 2903 1204 2953 iss

182 2997 295 3058 ostroque
313 2987 375 3053 (sic)
391 2987 419 3052 G,
439 2998 580 3057 utromque
598 2989 653 3039 sine
672 2992 709 3053 io,
726 2987 797 3058 (quod
816 3003 915 3038 erorum
929 2987 1037 3049 videtur,
1058 2983 1105 3036 tia.
1141 2982 1204 3036 Tum

183 3077 211 3128 id
228 3085 267 3128 est
286 3084 325 3138 st,
345 3089 410 3143 quoe
429 3074 538 3126 roouioe
557 3071 624 3126 ἰιιἈ
643 3073 742 3138 desunt,
763 3090 777 3124 e
796 3089 859 3126 corr.
881 3072 920 3124 W.
958 3071 1090 3124 Cooionot.
1111 3080 1135 3125 st
1154 3086 1202 3123 om.

184 3159 236 3213 bob
262 3169 288 3213 ct
311 3159 365 3212 tter
388 3161 563 3229 editionesque
588 3169 650 3214 vett.
677 3177 726 3212 uno
752 3177 808 3212 oum
831 3157 929 3212 Eresm.
951 3158 1024 3210 Gror.
1050 3165 1076 3210 et
1095 3157 1202 3221 bereti,
1297 3159 1298 3164 ’

183 3249 243 3298 item
264 3250 430 3316 Auoostious
449 3255 555 3316 utroque
574 3248 640 3300 ioco.
677 3248 716 3300 ibi
735 3248 783 3300 ioc.
804 3249 881 3316 prior.
905 3254 986 3299 exstet
1003 3248 1032 3300 iss
1052 3263 1162 3316 corporo
1180 3255 1203 3300 st

183 3338 293 3405 spirito,
312 3335 393 3386 oltero
412 3340 441 3389 ιἰι
459 3354 568 3405 corpore
587 3348 610 3390 et
628 3341 656 3390 ιἰι
674 3341 781 3407 spirito.
817 3335 921 3388 inverso
940 3335 1030 3386 ordine
1049 3342 1075 3386 st
1092 3337 1160 3402 spir.
1181 3341 1204 3385 et

185 3438 257 3491 corp.
278 3420 392 3474 scribunt
404 3419 440 3472 Bc
460 3429 485 3472 et
499 3419 561 3494 Med.
595 3421 672 3474 Voce.
694 3433 717 3475 et
734 3425 832 3491 spirito
851 3422 1003 3473 correctoris
1024 3419 1109 3470 monui
1128 3417 1206 3468 debet

185 3508 242 3561 cod.
265 3508 304 3559 W.
342 3506 409 3559 Dein
435 3513 479 3576 fist
502 3511 628 3562 volontas
654 3515 692 3560 est
711 3510 735 3561 in
755 3507 803 3560 bib.
849 3509 876 3569 3)
898 3509 1002 3561 biterrim
1021 3506 1061 3569 Α,
1086 3513 1127 3558 est
1144 3519 1205 3571 erqo

185 3592 221 3645 bc
240 3603 266 3646 ot
285 3593 350 3645 Mod.
388 3592 450 3645 Tum
472 3597 500 3647 irs
518 3612 598 3649 camo
616 3607 640 3650 st
657 3598 758 3665 spirito
776 3594 808 3645 W
826 3604 852 3646 et
871 3593 918 3646 bie.
957 3591 1020 3644 Deio
1042 3593 1203 3646 discordass-

184 3685 252 3734 sium
270 3681 348 3733 babet
367 3680 423 3746 bib,
443 3685 626 3737 discordantes
646 3684 674 3748 (s
693 3697 746 3733 sec.
768 3682 812 3741 ιιι.)
832 3679 867 3745 0,
885 3682 1027 3734 adversum
1047 3674 1163 3729 scribitur
1181 3675 1206 3726 in

185 3766 253 3820 libris
273 3765 434 3841 Monaeses
451 3767 622 3838 Borrrbergg.²
650 3773 738 3840 ipsum
764 3783 810 3835 pro
835 3769 947 3820 invicem
971 3767 997 3817 io
1016 3764 1045 3816 Α.
1082 3761 1141 3813 biox
1158 3764 1207 3816 itta

185 3885 231 3938 pro
250 3873 310 3942 ipso
331 3871 366 3924 1³0
384 3881 409 3926 ot
430 3871 494 3922 bicd.
535 3849 746 3942 rum'fass“mos
766 3869 814 3921 bie.
851 3868 900 3920 Pro
925 3871 986 3923 dum
1005 3866 1044 3918 bib
1069 3883 1142 3932 com,
1171 3863 1206 3916 Bc

187 3983 213 4024 st
232 3973 289 4028 bicd
307 3978 370 4032 stum
387 3980 467 4042 seim,
486 3971 506 4025 C
525 3962 553 4031 ἶι·
571 3963 623 4046 ὦ
642 3979 767 4034 caducis
784 3975 855 4044 (sic).
943 4041 998 4107 μ
