2858 4688
643 436 703 500 181

162 595 220 658 buc
242 600 414 678 permanet,
447 611 602 660 commune
631 613 697 657 cum
729 597 838 658 ceteris
868 598 907 659 sit
931 615 1056 662 necesse
1081 603 1126 660 est
1143 605 1180 682 ⁸et

162 706 326 791 corporalis
349 707 483 792 conditio
504 708 678 786 communis,
702 726 758 770 nec
780 711 914 790 separari
930 712 1036 792 generi
1051 711 1180 776 humanu

162 822 348 885 abinvicem
372 820 466 898 datur,
491 821 547 882 nisi
560 791 656 882 istinc
680 819 717 882 dc
741 821 863 884 saeculo
887 791 1055 886 recedatur.
1099 825 1178 886 lntra

161 952 248 995 unam
272 933 389 999 domum
414 932 484 993 boni
508 936 537 992 et
559 930 628 993 mali
653 933 772 995 interim
798 935 984 997 continemur
1000 931 1036 1010 ⁴).
1066 918 1179 1011 'Ouid-

162 1043 270 1128 quid⁵)
295 1047 370 1109 intra
395 1045 512 1108 domum
535 1045 753 1125 evenerit-pari
768 1052 852 1109 sorte
866 1047 1058 1130 perpetimur,
1082 1049 1179 1112 donec

161 1162 228 1224 oevi
259 1160 430 1242 temporalis
459 1160 519 1222 fine
546 1159 685 1241 conplete
708 1159 744 1222 nd
762 1168 908 1224 aeternae
932 1162 981 1224 vel
1005 1163 1107 1226 mortis
1132 1163 1178 1226 vel

159 1274 376 1340 inmortalitatis
398 1273 524 1354 hospitia
546 1271 720 1336 dividamur.
758 1273 825 1338 Non
841 1292 917 1356 crgo
933 1273 1045 1338 idcirco
1057 1271 1084 1354 ⁶)
1101 1294 1178 1338 con-

159 1403 248 1469 pares
271 1387 357 1450 vobis
382 1393 411 1449 et
434 1385 575 1466 aequales
597 1403 710 1465 sumus,
735 1387 801 1470 qnia
826 1388 854 1451 in
878 1388 936 1451 isto
957 1387 1054 1454 adhuc
1069 1359 1178 1454 mundo

160 1507 190 1563 et
213 1519 303 1564 carne
327 1501 382 1564 trac
407 1498 557 1561 constituti
580 1496 679 1560 mundi
703 1503 732 1560 et
754 1499 852 1563 carnis
869 1500 1054 1586 incommoda
1072 1502 1178 1566 vobis-

159 1633 226 1678 cum
249 1615 360 1696 pariter
383 1613 570 1675 incurrimus.
609 1611 682 1676 Nam
707 1629 773 1676 cnm
796 1613 826 1676 in
849 1631 941 1677 sensu
955 1606 981 1687 ⁷)
1005 1613 1118 1678 doloris
1141 1616 1179 1678 sit

159 1796 256 1848 Eranam.
283 1803 312 1846 et
328 1793 419 1855 Grau,
447 1805 550 1858 quarum
575 1797 704 1857 postrema
728 1791 752 1841 in
778 1805 828 1858 mg.
855 1793 912 1844 boc.
951 1789 1027 1843 Verb.
1044 1804 1178 1862 permanet

160 1884 256 1938 excidit
273 1885 298 1934 in
318 1882 348 1932 Α.
385 1881 450 1931 Ante
475 1883 512 1931 ait
536 1879 694 1946 distinguunt
713 1877 770 1929 edd.
792 1877 855 1929 Dav.
875 1879 964 1929 ltemb.
984 1878 1080 1931 Erusm.
1101 1879 1176 1932 Grav.

127 1956 131 1968 ¹
160 1981 184 2024 ct
202 1963 312 2036 'Goldbq
339 1983 412 2018 vocc.
439 1983 574 2020 coruncano
598 1983 657 2019 cum
683 1968 779 2018 cetcrr'n
805 1964 947 2030 referentes
972 1964 1002 2015 nd
1026 1977 1177 2035 pernrunet3

159 2068 217 2126 poat
235 2061 271 2112 sit
290 2039 374 2108 nutem
395 2053 490 2104 Veneta
511 2061 537 2104 et
555 2051 700 2103 llunneana.
735 2050 951 2118 interpunctionis
969 2059 1053 2106 notam
1072 2066 1177 2118 prorsus

160 2146 252 2196 omittit
271 2142 315 2194 SP.
354 2139 436 2193 Verba
457 2144 544 2194 rit-
565 2169 597 2176 -
618 2141 731 2192 conditio
752 2141 900 2204 communia
925 2140 949 2188 in
968 2138 1001 2189 W
1020 2147 1045 2189 et
1063 2138 1101 2190 lla
1127 2140 1177 2190 de-

158 2240 223 2284 sunt.
261 2229 378 2282 Ceterum
397 2231 439 2280 uic
456 2242 502 2294 pro
522 2230 559 2278 ait
577 2241 710 2292 perperam
730 2224 847 2276 scribitur
865 2227 890 2276 in
907 2224 937 2277 Α.
973 2223 1038 2276 Dein
1058 2229 1177 2280 corrrlr'cr'o

158 2317 202 2369 Ba.
223 2315 288 2368 bled.
311 2315 340 2366 Α.
361 2314 454 2364 blanut.
475 2311 568 2364 anel.
607 2312 694 2376 Statim
719 2330 751 2366 nc
775 2316 898 2378 reparari
916 2316 1069 2366 burnunr'tua
1088 2317 1179 2383 penori

158 2410 271 2458 numano
292 2405 321 2455 Α.
360 2399 421 2450 'lum
441 2403 497 2453 ratri
519 2403 600 2453 a'ctr'nc
620 2397 659 2448 W.
680 2397 759 2450 blabc.
780 2395 841 2448 Bab.
862 2398 883 2449 Α
909 2407 933 2450 et
958 2397 1016 2448 libri
1043 2398 1105 2448 editi
1129 2414 1190 2466 erp

158 2499 235 2560 cepto
248 2487 395 2552 baluziano,
415 2489 440 2538 in
457 2487 509 2556 'qno
529 2487 622 2556 legitur
638 2490 695 2540 nial
708 2489 734 2540 εἰ
745 2489 825 2539 iatine
839 2484 952 2550 (isthinc
966 2484 1042 2536 babet
1054 2483 1177 2551 norell),

157 2587 184 2630 ut
205 2580 229 2628 in
248 2578 304 2630 cod.
326 2577 374 2628 lid.
414 2573 460 2627 Pru
480 2578 637 2630 decaecato
657 2573 762 2625 Gravius
782 2573 854 2624 dedit
875 2575 1012 2634 velocius,
1040 2571 1096 2622 cod.
1118 2569 1177 2622 Ver.

156 2664 243 2718 scribit
261 2668 427 2733 postmodum
445 2666 592 2717 recedatur.
638 2664 666 2724 4)
685 2665 800 2716 interius
820 2664 987 2714 continentur
1008 2657 1057 2710 llld.
1094 2657 1123 2724 5]
1141 2657 1177 2709 ltu

157 2751 205 2802 llle.
225 2750 318 2802 Manat.
338 2749 432 2801 Parnel.
451 2748 510 2816 On,
530 2753 653 2819 quicquid
672 2749 746 2800 codd.
767 2756 792 2799 et
810 2747 867 2798 edd.
888 2747 944 2799 rell.
980 2745 1060 2797 Recte
1079 2748 1179 2798 veneral
1244 2737 1246 2742 ¹

157 2837 197 2886 W.
219 2837 298 2886 bland.
321 2835 374 2886 Bab
400 2845 425 2886 ot
453 2837 472 2886 n
498 2845 652 2901 veteresque
678 2832 920 2896 etd.‚e.·ttorett.,
947 2833 1061 2885 everterit
1086 2831 1126 2879 bib
1153 2839 1179 2880 et

158 2926 236 2977 cctcri
256 2924 325 2975 editi.
363 2921 427 2974 Dein
445 2925 592 2991 perpatitur
610 2920 660 2983 ltld,
678 2924 823 2988 reperimur
842 2917 888 2982 na,
909 2922 1027 2987 patimur
1044 2916 1073 2965 Α.
1110 2915 1178 2966 ldcrn

157 3001 222 3062 liber
241 3013 301 3064 aeci
319 3017 345 3060 ct
363 3015 413 3079 fine
432 3024 481 3060 om.
519 3006 579 3058 Post
598 3009 749 3060 dividamur
761 3005 800 3056 W.
817 3003 854 3054 lla
875 3011 901 3054 ct
919 3002 957 3055 bic
974 3002 1070 3053 addunt
1088 3005 1177 3071 loqui·
1215 3007 1218 3012 '

158 3108 244 3152 terret
262 3102 397 3164 bortatur,
422 3111 487 3157 onae
508 3108 580 3146 vocc.
601 3110 633 3144 ex
652 3109 706 3158 cap.
727 3107 782 3154 aen.
802 3090 869 3141 illata
890 3097 956 3140 runt.
994 3089 1024 3152 6)
1046 3091 1091 3142 Nc·
1106 3089 1134 3151 (i.
1154 3101 1176 3138 o.
1271 3105 1276 3117 .

156 3185 239 3251 nrrnc)
259 3199 305 3250 pro
323 3200 371 3236 nce
391 3180 565 3248 (potiusnon)
585 3179 630 3231 Bb.
669 3179 732 3230 Dein
752 3183 850 3232 iccirco
868 3175 959 3228 Manat.
973 3173 1067 3226 Pamel.
1083 3173 1176 3242 Rigalt.

158 3269 237 3322 Oxou.
277 3267 325 3321 Sed
346 3267 419 3319 codrl.
440 3268 489 3318 mei
508 3283 529 3319 c.
550 3267 642 3318 ceteris
661 3265 734 3318 editis
753 3267 860 3327 idcirco,
880 3271 908 3313 ut
927 3261 1023 3330 Virgilii
1043 3262 1100 3318 cod.
1122 3259 1177 3311 tto-

158 3357 253 3409 diceur.
292 3353 347 3405 Vid.
373 3357 492 3424 Wapner.
512 3352 527 3405 l.
549 3371 570 3404 c.
596 3370 620 3419 p.
639 3351 699 3402 tto.
738 3351 797 3402 Post
822 3366 901 3403 carrae
920 3347 957 3399 bb
983 3357 1008 3400 et
1033 3357 1093 3400 vett.
1120 3348 1178 3399 add.
1223 3371 1224 3378 .

157 3459 179 3494 c.
198 3441 295 3494 llrnrm.
315 3440 388 3492 Gran.
408 3449 434 3493 et
453 3439 551 3492 llorell.
572 3455 621 3491 orn.
640 3445 698 3502 tac,
718 3437 757 3490 llb
778 3454 791 3488 n
811 3454 842 3488 m.
862 3453 899 3504 pr.
919 3435 1056 3489 exhibebat
1074 3454 1090 3486 e
1110 3452 1177 3489 cun-

156 3532 311 3593 aaronem,
338 3528 404 3596 qnod
430 3529 518 3580 vitium
544 3543 564 3579 r.
590 3540 623 3578 nr.
652 3527 767 3578 correxit.
805 3524 867 3575 Voc.
892 3527 1056 3577 incommoda
1081 3504 1112 3572 n'r.
1140 3538 1177 3589 pr.

157 3616 241 3667 omisit
260 3616 284 3666 in
307 3614 352 3668 llc.
398 3615 427 3678 t)
448 3614 664 3681 Praepositioncm
685 3628 749 3663 corr.
769 3627 801 3662 m.
823 3627 897 3678 cupra
918 3609 1011 3660 adiecit
1030 3610 1054 3659 in
1074 3607 1121 3672 W,
1149 3611 1178 3660 tn

157 3718 267 3756 aerarum
286 3718 323 3770 pr.
344 3701 476 3768 legebatur
494 3701 584 3766 inuh,
604 3703 704 3754 doloris
723 3713 771 3750 om.
785 3698 816 3762 Α,
835 3702 864 3751 in
883 3713 954 3752 acne.
974 3699 1022 3750 dol.
1042 3703 1124 3750 attunt
1142 3697 1179 3748 ar't

157 3824 236 3894 acribi
256 3823 308 3874 vult
327 3826 356 3876 A.
375 3827 405 3878 dc
423 3827 497 3893 ltony
515 3823 531 3874 l.
553 3839 575 3874 c.
595 3839 620 3890 p.
640 3821 681 3894 33.
720 3819 777 3872 ttox
802 3837 854 3873 nen
875 3837 935 3874 aare
953 3795 1005 3822 aum
1022 3819 1177 3886 participem

157 3913 202 3978 tab
224 3911 281 3964 ead.
301 3911 347 3975 ιιι.)
366 3908 444 3962 babet
462 3907 508 3962 Bh.
545 3908 622 3960 Voce.
640 3924 740 3978 pacetur
758 3916 818 3960 tuae
837 3903 877 3956 llb
902 3919 977 3972 snpra
1002 3911 1060 3954 anta
1085 3904 1174 3955 muni-

156 4002 254 4068 fcrtum
273 3996 418 4066 interponit.
455 3995 520 4051 Dein
539 3999 630 4069 uideor
649 4004 734 4050 tecum
753 3995 847 4064 optime
862 3991 936 4044 codd.
950 3998 1103 4060 veteresque
1116 3987 1174 4042 edd.
