2880 4696
710 421 772 488 126

231 601 271 644 ecc
293 587 382 643 utero
405 581 516 642 moute
539 580 606 644 nati
628 589 703 643 suat
730 581 796 658 sie,
827 588 858 642 ct
886 589 960 644 sunt
985 581 1162 660 medones,
1194 582 1249 662 qui

230 694 333 758 coacti
361 701 436 758 eunt
463 691 502 756 ab
531 690 727 770 bominibus,
761 700 792 754 ct
819 701 895 754 enat
923 692 1099 771 spadones,
1132 695 1185 773 qni
1214 712 1250 756 se

231 811 319 893 ipsos
351 816 570 874 coenaverunt
596 815 727 888 propter
760 825 888 887 requam
922 808 1088 870 caetorum.
1142 806 1249 870 Denuo

232 942 353 1006 quoque
368 919 396 1001 8)
428 941 484 1005 per
519 921 595 984 banc
628 921 727 1003 angeli
761 939 867 985 vocem
903 921 1103 984 continentiae
1142 939 1250 984 munus

205 1034 417 1113 sostenium,
450 1033 604 1116 virginitas
637 1031 841 1113 praedicetur:
876 1026 962 1111 Hi9)
991 1041 1066 1095 sunt
1098 1037 1151 1115 qui
1182 1053 1252 1097 cum

230 1148 413 1212 mutieribus
436 1166 470 1210 se
493 1164 557 1209 noa
582 1145 865 1224 coinquinaverunt
871 1166 883 1219 ,·
910 1146 1049 1225 cirpinas
1072 1149 1152 1210 enirn
1172 1167 1250 1228 per-

232 1269 413 1328 manserunt
431 1255 476 1339 ¹⁰).
529 1260 571 1322 Hi
588 1257 628 1338 ¹¹)
657 1267 730 1324 sunt
757 1261 811 1341 qni
843 1269 990 1324 secuntur
1026 1281 1139 1342 apuam
1171 1282 1252 1344 quo·

235 1396 361 1458 meaque
385 1377 464 1438 ierit.
509 1375 615 1456 Neque
632 1372 670 1452 ¹²)
694 1374 772 1436 enim
795 1380 904 1438 tentum
927 1375 1064 1440 masculis
1088 1378 1251 1440 continen-

234 1494 292 1556 tiee
315 1492 439 1576 gretiam
462 1487 599 1554 dominus
622 1491 798 1572 repromittit
821 1497 851 1554 et
874 1489 1000 1555 seminas
1022 1491 1173 1574 praeterit,
1197 1491 1253 1556 sed

234 1709 310 1770 atque
326 1699 432 1765 doreti,
448 1702 475 1751 in
494 1699 583 1769 quibus
601 1699 703 1768 legitur,
721 1702 816 1752 matris
835 1707 899 1752 eunt
916 1703 980 1752 ttats'.
1011 1699 1092 1752 Abest
1110 1704 1152 1756 eie
1172 1703 1250 1754 etiam

236 1789 366 1853 obinunt,
386 1788 429 1840 ubi
441 1795 523 1839 exstat
540 1788 597 1840 nati
614 1797 685 1840 etant.
717 1785 840 1855 Equidem
859 1786 942 1854 probo
961 1785 1097 1839 lectionem
1116 1792 1173 1842 nati
1189 1801 1254 1846 tunt

236 1879 294 1938 cic,
319 1891 384 1945 quae
404 1876 499 1943 optime
519 1875 638 1925 convenit
657 1872 760 1926 Graccis
778 1872 878 1925 verbis:
905 1871 988 1930 οἵτινες
1011 1871 1037 1922 ἐκ
1062 1875 1148 1932 κοιλίας
1168 1873 1255 1943 μητρὸς
1309 1865 1315 1872 ’

235 1961 395 2033 ἐγεννήθησαν
417 1961 497 2018 οὕτως.
539 1959 614 2030 Seqq.
641 1972 666 2015 et
691 1972 756 2016 ecerat
778 1965 925 2032 spadones,
953 1964 1000 2031 qni
1023 1965 1109 2016 coacti
1133 1972 1198 2018 eunt
1222 1968 1254 2018 at

236 2054 386 2106 bominibus
405 2065 454 2102 om.
473 2049 513 2114 A;
540 2069 589 2119 quo
618 2053 671 2104 acti
694 2059 757 2104 eunt
778 2051 887 2117 pessime
911 2048 1000 2100 scribit
1017 2047 1065 2102 bin.
1102 2048 1170 2100 Libri
1194 2059 1256 2104 ente

237 2137 387 2191 Gravienum
406 2140 473 2206 typis
493 2140 612 2207 exscripti
631 2138 655 2189 h.
675 2139 691 2190 1.
710 2140 744 2191 ite
763 2138 895 2190 exhibent:
915 2149 938 2192 et
956 2148 1020 2192 curet
1038 2141 1185 2207 spadones,
1208 2143 1257 2208 qui

237 2244 268 2282 ee
285 2230 362 2298 ipsos
382 2236 568 2280 castraverunt
585 2235 692 2296 propter
708 2245 819 2298 repetam
835 2231 977 2293 caetorum,
996 2235 1021 2278 et
1033 2237 1100 2278 sunt
1113 2230 1256 2294 spadones,

238 2317 283 2385 qui
300 2318 411 2368 caetrati
433 2322 497 2367 eunt
522 2317 551 2366 at
578 2317 742 2377 bominibus,
767 2329 816 2364 nec
840 2312 912 2364 aliter
934 2311 1025 2380 iegitur
1049 2313 1075 2363 in
1095 2312 1135 2364 ed.
1154 2312 1255 2366 norell.

238 2401 356 2454 Ceterum
380 2405 455 2470 ipsae
477 2399 549 2452 deest
567 2401 592 2451 in
611 2400 642 2452 A.
687 2400 715 2466 8)
734 2400 822 2452 1an
841 2401 936 2453 eddidit
953 2417 974 2452 r.
994 2417 1025 2452 m.
1043 2404 1161 2456 iobanns‘.
1198 2401 1257 2455 Mox

237 2489 304 2540 idem
330 2487 396 2540 tiber
416 2503 461 2555 pro
481 2491 567 2559 anqeti
585 2487 751 2559 (arabanpatt‘
768 2489 794 2540 in
813 2487 912 2540 duobus
930 2495 992 2540 vett.
1011 2490 1107 2541 invenit
1125 2487 1256 2560 Batonius)

239 2576 282 2627 dat
300 2579 460 2646 anpcticatn,
479 2574 520 2628 W.
539 2574 587 2628 bia.
605 2573 635 2640 B,
654 2584 706 2628 tres
723 2573 816 2641 Italici,
835 2592 928 2628 novem
946 2575 1084 2643 Butuntum,
1105 2585 1177 2630 vetas
1195 2577 1256 2629 Mo-

239 2661 358 2715 reltinnus
382 2661 506 2729 praebent
530 2667 669 2733 acanpett'r'.
705 2661 742 2714 lta
769 2663 844 2714 etiem
864 2662 904 2713 Mc
928 2665 1099 2731 superscripto
1125 2664 1156 2716 ab
1182 2681 1202 2716 r.
1222 2681 1256 2718 m.

239 2739 1297 2821 wmmwmmmmmmaws

239 2838 304 2890 neo.
322 2836 392 2890 B.A
417 2855 439 2890 c.
469 2837 509 2890 ed.
535 2836 655 2890 Deventr.
697 2837 756 2890 Post
780 2847 844 2891 eunt
867 2837 967 2888 additur
990 2839 1075 2908 inquit
1099 2840 1125 2890 in
1144 2839 1203 2892 Vcr.
1230 2849 1258 2893 et

238 2925 288 2978 Mb.
318 2925 435 2978 Pronom.
447 2944 478 2980 te
490 2934 548 2978 ante
561 2944 614 2980 nan
631 2929 867 2996 coinquinaverunt
887 2941 918 2976 ex
938 2939 1004 2978 corr.
1022 2942 1098 2994 supra
1116 2927 1159 2981 tin.
1179 2927 1258 2980 hebet

239 3014 281 3066 bid
299 3023 324 3067 et
341 3017 433 3067 invers.
453 3014 507 3066 ord.
526 3032 580 3068 non
597 3031 627 3069 te
646 3017 884 3084 coinquinaverunt
894 3011 922 3063 B.
960 3012 1006 3076 to)
1027 3013 1064 3066 Mo
1083 3013 1172 3066 scribit
1184 3024 1257 3071 eunt.

238 3101 284 3156 Est
302 3118 363 3155 sane
382 3103 408 3153 in
426 3100 523 3154 Gracco
542 3105 658 3170 παρθένοι
677 3097 720 3168 γάρ
738 3099 801 3149 εἰσιν.
840 3099 885 3168 11)
905 3103 951 3154 nti
968 3101 1008 3152 bia
1028 3109 1054 3152 et
1072 3101 1113 3154 cd,
1132 3102 1257 3155 Deventr.

239 3189 305 3242 Dein
322 3199 452 3244 sacraretur
470 3190 544 3241 codd.
564 3191 641 3242 nostri
659 3205 754 3240 omnes.
801 3188 856 3240 1111,
876 3187 969 3240 Adnot.
988 3188 1013 3240 8.
1032 3189 1064 3240 ad
1084 3188 1139 3241 iibri
1158 3190 1190 3242 de
1209 3207 1257 3242 ce-

240 3277 301 3330 tboi.
321 3278 413 3330 eccles.
433 3280 495 3332 unit
515 3277 574 3345 Cep.
593 3277 644 3328 XX.
681 3275 739 3328 bion
756 3280 777 3330 s't
795 3291 841 3343 pro
860 3279 921 3330 terit
938 3275 997 3328 Ver.
1018 3276 1039 3328 1.
1059 3275 1092 3326 W
1110 3285 1136 3328 et
1155 3276 1206 3339 111,
1225 3282 1260 3332 iit

240 3365 288 3420 tta.
326 3367 370 3431 12)
384 3366 503 3421 Nonbib.
533 3364 634 3417 Deinde
652 3368 783 3419 macentia
801 3375 902 3418 tanturn
915 3367 1119 3433 —1repnomt'ttt't
1134 3367 1259 3420 domitent

241 3454 299 3506 edd.
324 3462 382 3506 ante
408 3453 500 3506 Menut.
526 3468 614 3504 omnes
639 3469 688 3504 une
714 3469 769 3504 cum
794 3451 891 3503 Mureti.
937 3449 1025 3502 Statim
1047 3456 1183 3521 praetendit
1209 3451 1258 3505 Me.

240 3539 357 3594 Proxime
375 3545 430 3596 oiri
447 3544 546 3611 femina
563 3539 612 3591 Mc.
642 3538 714 3590 Dein
731 3541 813 3607 fortia
831 3538 859 3590 B.
895 3536 956 3589 Tum
975 3557 1011 3591 ee
1029 3557 1060 3591 ea
1079 3537 1135 3605 Mc,
1154 3557 1189 3593 ea
1208 3559 1259 3609 quo

241 3639 383 3698 assumpta
401 3629 431 3680 A.
472 3627 551 3678 Penio
569 3635 627 3694 post
645 3631 678 3680 ad
693 3630 886 3698 protoplastum
905 3642 954 3678 om,
972 3625 1004 3676 W
1024 3635 1050 3677 et
1067 3625 1115 3692 Ma,
1138 3631 1171 3681 ad
1187 3645 1259 3698 pro-

242 3721 400 3788 thoplastum
418 3714 446 3782 (a
465 3731 487 3768 r.
505 3730 536 3766 m.
556 3731 571 3766 e
588 3718 823 3785 protboptaetrum)
842 3715 897 3781 bid,
916 3717 949 3770 ad
966 3717 1181 3786 Protboptaetum
1198 3715 1260 3769 edd.

241 3813 304 3857 vett.
323 3821 346 3856 c.
366 3803 465 3870 Remb.‚
483 3805 713 3874 prothoplaustum
731 3802 769 3869 A,
791 3807 1001 3874 protoplaustum
1018 3802 1082 3857 ttbc.
1120 3801 1173 3854 Vid.
1195 3801 1260 3856 Gen.

242 3926 269 3993 2,
288 3926 331 3980 24.
366 3925 395 3978 lu
412 3941 484 3995 seqq.
502 3923 523 3976 B
542 3935 565 3978 et
582 3907 611 3942 ”²
629 3928 750 3980 masada
771 3924 857 3977 babet
893 3924 973 3976 Abest
999 3923 1120 3992 deinceps
1143 3929 1262 3982 amma

242 4013 297 4067 Vct.
318 4014 342 4066 1.
362 4022 387 4066 et
404 4013 435 4066 A.
