2880 4696
589 393 631 463 89

117 553 184 629 Quid
206 553 364 638 gloriosius
384 553 508 618 Daniele
523 551 586 632 ¹⁵)i
623 550 753 632 011116)
776 554 814 618 ad
829 553 964 620 iacienda
979 559 1117 642 martyria

115 669 141 730 iu
162 667 227 732 fidei
249 669 383 733 firmitate
404 670 566 750 robustius,
589 670 619 732 in
643 668 692 732 dei
714 668 887 753 dignatione
911 668 1045 752 felicius,
1067 675 1118 755 qui

115 783 213 846 totiens
244 789 275 846 et
305 802 370 848 cum
401 782 578 867 confligeret
607 784 678 847 vicit
708 790 827 848 etcum
849 784 985 849 vinceret
1007 803 1118 868 super·-

115 897 203 959 uixit?
239 897 316 973 Quid
337 898 387 961 tob
414 899 444 961 in
467 898 608 981 operibus
630 899 804 981 promptius,
825 899 856 962 in
879 903 1118 982 temptationibus

93 1009 228 1093 tiortius,
256 1014 287 1076 in
311 1013 415 1077 dolore
437 1015 614 1097 patientius,
637 1016 668 1078 in
690 1015 797 1079 timore
819 1014 993 1079 submissius
1006 1009 1064 1096 17),
1086 1017 1118 1080 in

114 1124 164 1189 tide
178 1126 303 1190 verius?
339 1127 404 1192 Nec
426 1127 473 1192 his
489 1121 657 1208 ¹⁸),.tamen,
680 1128 706 1192 si
727 1135 881 1212 rogarent,
904 1145 1117 1192 concessurum

114 1257 143 1302 se
170 1239 241 1304 deus
273 1241 354 1306 dixit.
412 1239 485 1303 Cum
517 1241 663 1322 propbeta
692 1239 834 1304 Ezechiel
850 1235 893 1321 l⁹)
921 1260 977 1324 pro
1009 1241 1116 1308 delicto

114 1353 203 1436 popuii
225 1353 455 1437 deprecaretur:
490 1355 599 1436 Terra,
623 1357 717 1438 inquit
727 1351 786 1437 21),
809 1375 1017 1439 quoecumque
1037 1376 1117 1437 pec·
1233 1430 1236 1440 Ι

114 1470 221 1530 canerit
238 1470 327 1550 mibi,
349 1478 386 1532 att
413 1471 574 1552 delinquat
603 1471 765 1549 delictam,
797 1471 964 1535 eateodam
995 1491 1118 1536 manum

85 1593 104 1634 1⁰
112 1601 196 1648 meam
208 1603 306 1665 saper·
319 1603 396 1662 eom,
421 1592 452 1647 et
465 1584 602 1648 obteram
616 1584 868 1660 etaibllr'meotam
879 1589 986 1667 panis,
1010 1596 1041 1650 at
1061 1589 1113 1650 ia·
1126 1607 1170 1652 ree

113 1698 214 1762 mittam
234 1700 361 1762 laeam
381 1699 512 1778 famem
543 1707 574 1763 et
603 1699 744 1778 auferam
776 1699 816 1762 ab
847 1719 886 1764 ea
912 1702 1066 1765 bominem
1088 1711 1119 1765 et

112 1829 225 1888 pecora.
269 1815 313 1880 111
343 1817 372 1880 si
399 1815 519 1894 fuerint
546 1823 609 1880 trae
639 1815 704 1878 oiri
730 1811 822 1892 1111)
852 1818 886 1878 io
914 1817 1016 1882 medio
1038 1820 1116 1896 aiae,

173 2053 215 2118 15)
234 2055 365 2108 Danihelo
382 2051 421 2104 W.
441 2051 522 2105 biabc.
541 2050 604 2104 Rab.
639 2051 696 2103 virt.
715 2049 780 2104 Dan.
800 2051 848 2119 te,
869 2053 909 2106 11.
953 2052 1117 2124 16)qu-
1170 2053 1173 2058 '

113 2149 134 2192 et
149 2156 182 2208 pr.
198 2141 229 2192 W
247 2159 270 2194 c.
289 2140 348 2206 tta,
368 2144 430 2210 qaid
447 2145 493 2196 a'tto
513 2157 545 2194 er
564 2139 621 2193 eod.
640 2137 725 2209 Afflig.
744 2137 849 2206 Pamoi,
869 2155 944 2209 quem
962 2143 1042 2192 secuti
1060 2149 1117 2194 aunt

114 2229 210 2281 editores
226 2231 402 2298 posteriorem
421 2233 484 2302 qaid
500 2247 530 2283 eo
550 2226 624 2280 Grau.
656 2226 706 2278 Sed
724 2232 771 2281 illc
791 2236 816 2279 et
834 2245 863 2282 eo
882 2244 952 2280 mera
970 2237 1026 2280 sunt
1044 2229 1116 2298 gios-

115 2327 203 2383 aemata,
220 2332 286 2388 quae
308 2320 367 2369 iure
385 2333 434 2371 cm.
454 2317 527 2370 codd.
540 2319 630 2382 nostri,
648 2318 710 2368 item
729 2315 786 2368 edd.
800 2323 861 2368 vett.
875 2323 901 2367 et
913 2313 1010 2369 Erasm.
1024 2314 1116 2368 Manet.
1137 2327 1142 2334 ·
1178 2329 1181 2332 ·

115 2411 178 2472 atqua
193 2405 286 2459 blcretl.
327 2403 389 2456 Turn
412 2407 469 2459 aial
490 2406 533 2459 del
549 2403 606 2468 bid,
630 2405 660 2456 im
682 2405 730 2474 {ide
749 2401 779 2455 Α.
814 2400 915 2454 Deinde
938 2405 1000 2472 qaid
1023 2406 1052 2456 ιἰι
1076 2407 1119 2459 dei

113 2491 244 2560 diqoatr'cae
261 2492 341 2557 Ver„
366 2495 465 2546 domiai
481 2506 526 2559 prc
545 2494 587 2545 del
603 2489 660 2555 bib,
685 2493 808 2562 monitate
825 2487 872 2542 Bb.
915 2488 973 2543 Mox
998 2489 1039 2542 Mc
1066 2506 1116 2543 om.

111 2583 192 2635 totiena
208 2597 254 2649 pro
274 2595 328 2651 quo
347 2583 424 2634 toties
442 2579 537 2632 babent
555 2576 631 2632 Grau.
650 2577 747 2631 bicrell.
767 2576 854 2630 baluz.
874 2576 980 2643 Goldb.,
1006 2579 1118 2650 itemque

108 2681 154 2735 seq.
171 2678 192 2722 et
208 2668 257 2721 bib.
298 2665 346 2734 17)
364 2653 541 2722 summissius
560 2664 601 2727 W.
613 2665 681 2718 bibd.
700 2665 732 2718 Α.
767 2664 831 2718 Item
850 2665 890 2718 ed.
908 2664 1031 2719 Daveutr.
1050 2667 1116 2722 nott.

108 2761 160 2805 vett.
177 2757 391 2811 aaramlesr‘maa.
427 2752 483 2805 Vid.
502 2752 547 2804 lob
567 2754 599 2819 1,
626 2753 648 2807 1.
667 2769 739 2824 seqq.
778 2752 823 2822 18)
840 2755 912 2820 biis,
937 2761 966 2805 ut
988 2754 1069 2822 solet,
1094 2755 1118 2809 Δ

107 2855 125 2891 e.
143 2840 180 2893 ed.
197 2837 321 2894 Daventr.
356 2838 404 2892 Pro
422 2843 450 2895 ei
466 2851 604 2912 repar-eat,
631 2841 698 2910 quod
718 2855 768 2892 cm.
789 2839 865 2904 Van,
882 2838 925 2913 bib
943 2841 1032 2894 scribit
1050 2852 1074 2896 et
1091 2848 1118 2899 sl
1234 2898 1236 2902 ,

106 2945 155 2998 rep.
196 2928 263 2982 Dein
288 2933 415 2984 dominae
439 2931 510 2984 atate
532 2927 573 2980 bib
601 2945 622 2981 c.
647 2930 678 2981 Α.
730 2927 774 2994 19)
799 2932 901 2997 profeta
924 2933 1058 2984 eaeclra'bel
1075 2929 1116 2982 W.

106 3013 149 3068 bib.
172 3015 233 3070 Bab.
280 3016 330 3083 20)
354 3019 444 3086 inquid
460 3015 494 3068 W
512 3024 538 3069 et
562 3016 610 3069 bia.
652 3004 759 3068 Eustant
783 3015 847 3068 haec
871 3015 1012 3083 prophetae
1037 3017 1117 3070 verba

107 3101 159 3172 Cap.
179 3106 219 3160 m.
238 3121 263 3158 v.
284 3102 412 3158 13-14.
447 3103 506 3156 btox
529 3114 559 3159 at
582 3103 614 3156 ab
640 3103 671 3158 al.
690 3119 723 3155 m.
742 3119 818 3171 supra
839 3102 950 3156 additum
968 3112 1007 3156 est
1025 3105 1050 3157 in
1068 3104 1116 3161 bio.

105 3189 178 3244 Abest
196 3197 330 3263 delinquat
354 3191 385 3243 ab
403 3191 434 3244 A.
470 3191 499 3243 ln
517 3208 588 3263 seqq.
607 3207 645 3260 pr.
664 3193 785 3260 scriptum
809 3191 858 3242 fuit
884 3199 1000 3262 optaram
1022 3194 1049 3244 in
1067 3191 1116 3246 ttb.

104 3277 167 3332 idem
185 3281 308 3348 deinceps
326 3280 404 3332 babet
421 3284 597 3336 stabilitatem.
628 3279 688 3332 Vco.
707 3284 788 3352 partia
807 3296 822 3332 a
839 3296 859 3332 r.
872 3295 904 3331 m.
918 3282 1117 3350 superscriptum

104 3365 127 3416 in
143 3365 187 3420 bic.
223 3367 316 3420 Statim
340 3378 363 3421 et
386 3370 487 3421 mittam
504 3367 612 3434 praebet
631 3367 681 3421 111.
717 3366 831 3420 Voculae
850 3370 881 3420 ab
900 3383 930 3420 eo
950 3367 1002 3433 (sio
1019 3384 1067 3437 pro
1085 3376 1116 3428 ab

104 3458 141 3520 ea)
158 3457 218 3507 item
237 3464 262 3509 at
281 3471 314 3508 ex
331 3469 396 3507 corr.
415 3470 490 3524 supra
511 3463 568 3508 sunt
580 3456 697 3510 adiectae
711 3458 736 3509 in
749 3455 796 3508 Me.
828 3453 877 3506 Pro
891 3458 1029 3522 bominem,
1050 3456 1117 3526 qnod

104 3539 193 3595 Graeco
211 3560 270 3597 roc.
289 3537 422 3606 ἄνθρωπον
444 3559 485 3612 ap.
504 3543 565 3596 LXX
584 3546 722 3609 conuenit,
751 3542 793 3594 bib
819 3542 863 3594 dat
888 3529 1015 3609 bominac,
1050 3543 1117 3595 Dein

102 3645 207 3696 peccora
230 3629 351 3684 scribitur
374 3631 399 3682 in
421 3629 462 3682 bia
485 3640 510 3684 et
528 3632 573 3686 Bb.
617 3632 664 3701 21)
689 3636 717 3686 11
741 3630 794 3699 [uti
810 3628 859 3682 tta.
878 3627 914 3681 Ba
940 3631 1005 3682 οιΑ
1031 3646 1054 3681 o.
1073 3629 1114 3681 ed.

104 3711 230 3782 baventr.)
250 3733 301 3769 om.
319 3716 366 3769 Bb.
401 3717 465 3774 Edd.
478 3719 567 3774 Venet
587 3721 610 3772 1.
630 3720 654 3772 2.
673 3719 754 3772 Kunn.
773 3717 863 3771 Remb.
881 3717 978 3770 Erasm.
997 3724 1023 3768 et
1041 3713 1116 3768 Grau.

105 3801 216 3856 exhibent
234 3809 265 3859 11.
300 3805 329 3857 ln
347 3805 404 3859 Ver.
424 3806 525 3860 additur
542 3810 617 3877 iacti,
638 3809 706 3878 quod
725 3807 836 3877 glossam
853 3807 927 3876 sapit.
964 3801 1027 3854 'lum
1047 3803 1116 3870 prius

105 3897 187 3942 acm.
204 3891 260 3957 bid,
280 3899 307 3944 ut
324 3891 382 3945 iibri
401 3901 459 3946 ante
477 3893 568 3947 bianut.
589 3893 657 3947 editi.
693 3895 821 3960 llamilael,
839 3899 866 3943 ut
883 3906 974 3964 supro,
994 3887 1115 3948 exhibent

106 3971 141 4028 tt.
158 3975 216 4032 bibe
235 3986 263 4036 ct
279 3975 341 4036 unu.
377 3977 406 4035 tn
424 3995 496 4049 seqq.
515 3984 564 4035 seat
575 3983 635 4056 ipat
652 3979 701 4038 bib.
