2834 4686
634 415 698 480 ott

77 575 80 578 ’
156 595 230 641 suae
254 593 326 639 usus
348 575 487 658 ingenio,
520 574 603 656 quasi
635 591 739 636 omnes
770 593 825 657 por
855 575 1005 640 mutierem
1036 565 1176 660 decipere

139 699 262 775 xposset
284 697 314 753 et
338 689 450 767 indere,
474 687 553 769 quod
579 686 647 750 iecit
670 689 699 751 in
722 687 822 751 mundi
845 689 981 772 origine;
1005 709 1062 753 nec
1078 699 1189 754 tamen

157 807 208 869 iob
232 804 375 888 gravibus
406 807 437 864 et
466 801 567 863 densis
584 799 865 864 conflictationibus
896 801 1060 886 frangitur,
1095 823 1175 886 quo-

155 919 252 982 minus
284 918 362 979 inter
392 915 458 978 dias
488 915 642 997 angustias
674 920 703 976 et
733 932 893 996 pressuras
926 917 974 978 dei
1006 917 1175 981 benedictio
1265 957 1275 968 .

156 1031 281 1094 victrice
303 1029 442 1112 patientis
465 1025 661 1110 praedicetur.
706 1028 814 1092 Tobios
830 1025 867 1103 ¹⁰)
891 1001 1022 1110 qutnpuex
1035 1035 1104 1112 post
1126 1032 1176 1094 iu-

153 1146 254 1208 stitiae
287 1151 317 1206 et
353 1141 576 1206 misericordiae
611 1158 684 1205 suae
717 1161 810 1224 opera
844 1115 1000 1225 magnifica
1034 1144 1175 1207 luminum

156 1258 316 1322 amissione
339 1233 509 1338 temptatus,
533 1255 561 1317 in
586 1263 726 1336 quantum
749 1257 895 1338 patienter
912 1259 1084 1320 eaecitatem
1099 1277 1175 1339 per-

156 1372 231 1451 tutit,
254 1373 283 1434 in
307 1375 418 1432 tuntum
441 1367 594 1451 granditer
617 1368 705 1433 deum
725 1371 883 1453 patientiae
899 1370 987 1435 laude
1002 1372 1175 1452 promeruit.

540 1569 689 1642 ‚XL

242 1703 342 1794 Atque
364 1718 395 1776 nt
416 1713 521 1793 magis,
545 1707 652 1774 fraires
672 1710 865 1790 dilectissimi,
888 1712 1049 1795 patientiae
1065 1712 1174 1774 bonum

154 1825 269 1904 luceat,
303 1825 373 1906 qnid
397 1825 464 1887 maii
487 1843 504 1887 e
527 1825 678 1888 contrario
699 1822 721 1900 ¹)
743 1825 915 1906 inpatientia
939 1826 1071 1907 inportet
1094 1842 1173 1886 con-

155 1940 331 2004 sideremus.
376 1938 449 2000 Nam
466 1935 495 2013 ²)
525 1946 557 2000 ut
588 1935 726 2021 patientia
759 1938 868 2001 bonum
896 1937 1004 2000 Christi
1036 1931 1100 2012 est,
1136 1941 1174 2000 ita
1223 1970 1228 1975 -

154 2062 259 2119 contra
282 2053 454 2136 inpatientia
483 2050 592 2114 diaboli
616 2045 740 2128 malum,
773 2058 802 2112 et
824 2051 900 2113 sicut
924 2052 951 2112 in
978 2068 1038 2132 quo
1063 2051 1173 2113 habitat

154 2255 257 2322 ispanio
282 2251 345 2318 (sic)
370 2254 407 2313 A,
435 2268 470 2305 so
494 2250 588 2313 tlittera
613 2267 627 2303 o
651 2253 736 2309 erasa)
758 2250 803 2300 bia.
843 2247 940 2300 Deinde
964 2266 1011 2318 per
1035 2253 1175 2304 mutierem

153 2343 242 2408 possit
258 2341 353 2408 satiare
371 2336 419 2402 Bb,
437 2339 524 2406 possit
543 2338 619 2389 etism
633 2336 663 2386 W
683 2346 709 2388 et
722 2335 788 2389 bibd.
827 2335 889 2388 Voc.
908 2338 1009 2396 meandi,
1028 2335 1095 2403 quod
1117 2344 1175 2386 ante

158 2429 259 2497 oripinc
275 2441 306 2476 er
324 2433 444 2493 quattuor
456 2425 531 2477 codd.
546 2427 638 2491 primus
650 2426 755 2476 inseruit
769 2422 904 2488 Pameiius,
924 2438 973 2474 om.
989 2421 1065 2474 codd.
1078 2437 1174 2474 omnes.

159 2513 209 2565 Sed
235 2513 294 2565 nihil
318 2513 472 2564 mutandum.
509 2510 629 2563 Similiter
649 2511 743 2563 Noster
761 2510 838 2563 babet
857 2509 935 2578 Epist.
956 2507 1058 2560 txxxt.
1080 2525 1105 2576 p.
1130 2509 1175 2559 164

159 2603 189 2653 od
208 2602 284 2653 initio
302 2602 400 2653 mundi.
437 2598 533 2650 ibidem
552 2602 581 2651 in
599 2603 701 2670 oripine
719 2603 810 2653 statim
827 2602 922 2666 primo.
960 2595 1041 2664 Epist.
1061 2595 1092 2646 nd
1106 2593 1173 2647 For-

158 2692 237 2734 tunat.
257 2699 312 2750 esp.
333 2683 373 2735 Xi.
399 2701 423 2750 p.
444 2683 509 2736 268:
537 2687 565 2737 in
588 2687 691 2754 eripias
715 2689 805 2739 rtatim
828 2687 928 2739 ennodi.
966 2682 1022 2734 biox
1041 2692 1065 2736 et
1083 2685 1175 2736 dereris

159 2782 207 2834 pro
224 2769 292 2835 vulg.
312 2785 343 2820 oc
362 2772 454 2822 densis
471 2769 643 2835 praebuerunt
655 2769 712 2820 iibri
727 2773 776 2821 mei
790 2771 821 2820 sd
834 2787 909 2821 uuum
923 2785 1010 2820 omues
1022 2777 1175 2837 veteresque

159 2853 218 2905 edd.
233 2862 259 2904 et
271 2851 367 2904 Erasm.
398 2851 458 2902 Post
474 2870 623 2922 purusne
640 2854 715 2904 codd.
730 2855 788 2905 Ver.
803 2854 834 2903 W
846 2863 872 2905 et
887 2854 920 2904 Ra
936 2868 1050 2921 pronum.
1064 2870 1174 2920 possess.

159 2958 238 3004 suun,
258 2939 325 3008 quod
344 2937 455 3006 glossam
475 2939 549 3005 sapit,
567 2939 617 2990 rito
635 2940 760 2989 omittunt.
791 2938 852 2990 Tum
870 2941 1045 2992 bencdictione
1057 2941 1176 2992 scribitur

159 3031 183 3079 iu
204 3026 244 3078 bib
263 3035 289 3077 et
308 3024 352 3076 Bb.
392 3024 437 3092 10)
457 3022 518 3075 Tob.
532 3025 557 3088 2,
574 3023 616 3075 -10,
652 3023 717 3075 Male
735 3043 786 3078 aua
805 3041 883 3094 opera
897 3024 936 3089 W,
956 3028 1015 3078 eiua
1034 3042 1114 3092 opera
1128 3025 1172 3076 tta.
1210 3060 1216 3073 .

156 3113 185 3164 ln
204 3114 246 3164 fin.
265 3115 399 3166 dominum
418 3125 465 3179 pro
485 3114 562 3164 dorm
580 3125 688 3179 moxque
706 3114 809 3165 taudem
827 3110 873 3163 Bb.

228 3197 269 3250 XI.
296 3199 323 3260 1)
343 3209 367 3252 et
385 3202 519 3252 contrario
539 3195 584 3250 Bb.
621 3198 651 3264 2)
671 3201 737 3252 Nom
757 3211 822 3249 corr.
843 3215 874 3250 m.
895 3202 919 3250 iu
940 3199 969 3249 W
989 3201 1174 3267 superscripsit,

159 3290 253 3341 bonnm
272 3301 321 3336 cm.
335 3284 382 3338 bia.
419 3283 489 3336 Idem
508 3284 574 3336 iiber
593 3285 696 3337 exbibet
712 3290 750 3340 ito
769 3304 782 3340 e
799 3297 890 3340 ceretro
906 3288 932 3354 (e
945 3285 977 3338 ab
991 3287 1022 3339 ei.
1037 3305 1067 3339 m.
1083 3287 1175 3351 iliata),

158 3377 197 3427 iic
214 3382 305 3426 contro
324 3372 383 3423 dant
402 3371 441 3422 W.
460 3370 517 3422 bibe
535 3380 561 3423 et
581 3372 618 3423 Bb
642 3372 818 3442 editionesque
838 3371 910 3425 Grau.
932 3381 958 3425 et
976 3357 1073 3426 tt‘orett.
1111 3374 1175 3424 Ante

160 3469 251 3512 contro
270 3459 295 3508 iu
310 3457 350 3510 bib
369 3475 389 3510 r.
403 3475 436 3510 m.
456 3461 540 3526 posuit
558 3477 581 3524 e,
600 3463 638 3513 ita
656 3461 711 3511 sine
730 3470 821 3514 contro
836 3461 912 3512 babet
925 3460 957 3526 Α,
974 3465 1012 3515 ita
1024 3471 1048 3514 et
1059 3478 1073 3514 e
1085 3469 1176 3514 contro

160 3541 205 3608 ba,
224 3547 267 3597 sic
284 3561 299 3597 e
317 3554 411 3598 contro
430 3544 480 3609 bid,
499 3559 606 3614 quocum
625 3547 771 3612 conspirant
791 3546 850 3598 edd.
871 3555 932 3598 vett.
951 3549 1063 3615 itemque
1077 3545 1175 3598 Erasm.

159 3628 245 3680 batur.
266 3639 292 3680 et
309 3629 409 3695 cotan,
428 3634 470 3683 sie
489 3642 580 3684 contro
598 3639 752 3698 receperunt
767 3629 898 3698 Manutius,
918 3632 1044 3685 aneiius
1064 3641 1090 3684 et
1102 3632 1174 3685 Oxo·

159 3718 268 3768 meones.
306 3717 432 3786 Equidem
459 3718 621 3770 scribendum
647 3721 733 3786 putavi
758 3723 795 3772 ito
823 3730 921 3774 contre.
958 3718 1073 3771 Proxime
1098 3726 1124 3769 et
1149 3719 1174 3770 iu

158 3818 231 3871 seqq.
251 3819 298 3870 pro
316 3807 415 3859 diaboti
430 3803 522 3873 iegitur
537 3809 637 3870 sabuti,
657 3814 683 3856 ut
695 3807 797 3874 passim,
816 3809 841 3858 in
855 3807 912 3859 edd.
927 3814 988 3860 vett.
1002 3813 1027 3858 et
1040 3809 1065 3858 iu
1077 3805 1173 3857 Erasm.

159 3897 236 3957 atque
255 3890 329 3942 Gran.
367 3889 454 3943 Statim
480 3896 577 3946 motum
602 3903 656 3958 est,
683 3897 755 3948 sieut
779 3893 895 3946 scribitur
918 3895 945 3945 in
967 3891 1073 3968 biabb
1099 3901 1124 3944 et
1143 3893 1174 3957 A,

158 3979 258 4031 natust
275 3985 332 4042 set,
352 3987 376 4032 st
396 3981 467 4034 sicot
485 3979 510 4032 iu
530 3976 574 4029 ba.
611 3977 659 4030 Pro
680 3979 772 4052 vulgat.
791 3982 909 4052 possidet
927 3995 942 4031 e
961 3977 1035 4031 codd.
1056 3977 1115 4032 Ver.
1136 3977 1172 4030 tta
