2868 4700
620 357 664 426 49

132 524 241 604 pereat
286 523 318 583 et
364 517 589 582 consentientis¹
621 517 723 601 populi
762 537 873 602 corpus
913 537 1003 585 unum
1038 521 1152 606 gremio

133 653 193 700 suc
235 633 372 719 gaudens
410 639 502 696 mater
538 633 675 696 includat.
747 634 777 700 Si
817 640 915 698 tamen
958 636 1103 719 quosdam
1125 633 1153 716 ²)

135 749 327 814 schismatum
359 749 450 814 duces
484 757 515 812 et
543 749 740 814 dissensionis
771 756 910 814 auctores
941 751 972 814 in
1001 770 1091 815 caeca
1125 757 1155 814 et

135 864 285 928 obstinata
313 865 461 929 dementia
493 870 703 946 permanentes
734 882 795 928 non
824 865 956 946 potuerit
985 866 1022 928 ad
1044 866 1154 947 {salutis

109 979 215 1048 aviam
246 979 404 1044 consilium
438 979 558 1042 salubre
591 995 756 1056 revocare3
789 980 883 1042 ceteri
916 985 1028 1060 tamen,
1062 981 1112 1044 vel
1128 977 1155 1060 ³)

136 1093 323 1174 simplicitate
345 1093 440 1173 capti,
470 1091 518 1156 vel
542 1063 648 1155 errole
670 1092 797 1171 inducti,
828 1093 877 1155 vel
905 1093 1003 1174 aliqua
1026 1092 1155 1158 fallentis

138 1208 264 1270 astutiae
287 1204 444 1269 calliditate
467 1205 600 1286 decepti,
624 1224 640 1267 a
663 1203 797 1269 fallaciae
820 1223 876 1268 vos
899 1206 1015 1286 laqueis
1038 1207 1156 1287 solvite,

138 1327 283 1404 vagantes
306 1334 431 1406 gressus
444 1317 471 1397 ⁴)
494 1321 530 1382 ab
547 1320 700 1384 erroribus
724 1319 857 1400 liberate,
881 1321 938 1383 iter
953 1327 1068 1384 rectum
1089 1323 1157 1386 viae

139 1436 276 1500 caelestis
293 1435 478 1519 adgnoscite.
511 1433 711 1498 Contestantis
726 1434 855 1516 apostoli
868 1452 930 1497 vox
947 1432 1045 1514 est⁵):
1061 1436 1157 1500 Prae-

101 1574 128 1617 to
141 1551 272 1629 cipimus
294 1549 397 1627 cobis,
421 1549 513 1630 inquit
532 1544 576 1627 6),
606 1549 640 1610 in
662 1549 783 1612 nomine
805 1549 922 1610 domini
944 1549 1016 1612 lesu
1042 1549 1158 1614 Christi
1254 1577 1255 1584 ¹

139 1672 176 1727 ut
202 1664 358 1726 recedatis
388 1664 427 1724 ub
458 1663 598 1724 omnibus
627 1661 781 1740 fratribus
810 1663 1039 1726 ambulantibus
1068 1664 1158 1728 incr-

141 1777 250 1840 dincte
273 1785 303 1839 et
325 1799 389 1842 non
410 1780 587 1856 secuudum
608 1780 820 1858 traditionem,
853 1799 945 1860 quem
975 1788 1161 1858 acceperunt

140 1911 162 1954 a
181 1891 281 1954 nobis.
319 1892 356 1954 Et
379 1893 497 1955 iterum,
511 1890 581 1963 dicit
594 1885 635 1969 ⁷):
658 1891 755 1955 Nemo
777 1911 833 1954 cos
857 1892 995 1970 decipiet
1015 1892 1160 1955 inanibus
1204 1967 1205 1975 ἵ

140 2006 256 2069 verbis.
301 2006 470 2087 Propterea
492 2007 570 2068 eninr
592 2006 678 2068 uenit
700 2006 751 2066 iro
774 2006 825 2067 dei
852 2023 947 2084 super
973 2006 1056 2084 filios
1084 2025 1160 2067 con-

102 2138 129 2182 as
143 2117 304 2182 tumacice.
343 2117 444 2179 Nolite
467 2137 540 2198 erqo
564 2136 630 2180 esse
648 2101 821 2197 participes
844 2136 955 2180 corum.
1001 2117 1162 2182 Receden-

145 2231 215 2294 dum
246 2237 292 2294 est
316 2249 338 2292 a
367 2228 605 2309 delinquentibus
622 2223 666 2307 ⁸),
698 2227 745 2297 vel
777 2228 864 2291 immo
894 2226 1082 2312 fugiendum,
1113 2250 1162 2310 ue,

147 2466 187 2534 (iu
204 2468 265 2533 ras.)
286 2465 344 2528 tth3
374 2469 452 2535 quud.
471 2468 569 2536 premio
591 2482 642 2518 auo
662 2462 706 2517 Bb.
745 2462 824 2514 Decet
842 2467 961 2534 qaudm
978 2468 1004 2517 iu
1023 2467 1082 2519 edd.
1100 2474 1164 2519 vett.

147 2551 210 2604 Tum
229 2556 342 2608 includit
359 2570 397 2621 pr.
416 2553 462 2604 luit
482 2555 507 2604 in
527 2553 574 2604 tte.
611 2553 640 2617 2)
660 2555 787 2622 quosdam
805 2568 854 2604 ar.
870 2569 903 2604 m.
916 2554 941 2603 in
960 2569 1009 2622 mg.
1028 2553 1105 2606 habet
1117 2553 1165 2606 ldc.

144 2640 206 2692 llox
225 2643 424 2696 dissensionum
449 2641 537 2693 scribit
559 2638 606 2692 Rb.
642 2639 707 2692 Dein
732 2646 757 2694 et
779 2641 805 2691 in
829 2640 869 2695 ed.
890 2640 1010 2694 Daventr.
1029 2642 1165 2696 intercidit.

144 2727 176 2778 lo
201 2744 273 2797 seqq.
292 2731 405 2782 consitio
423 2733 530 2783 salubri
549 2730 587 2796 (in
606 2729 674 2796 ras.)¹
688 2727 728 2780 llb
748 2737 774 2778 et
792 2746 829 2797 pr.
848 2728 896 2780 Mc.
936 2729 966 2796 ³)
985 2732 1105 2784 Getarum
1126 2733 1168 2784 cel

145 2817 179 2868 A.
216 2813 452 2885 appretiatum.
486 2816 543 2868 llox
561 2818 713 2885 cdqnoeeite
730 2830 777 2881 pro
796 2813 864 2883 vulg.
884 2814 1063 2885 aqnnaciteW
1081 2814 1166 2868 etlla.

146 2901 188 2954 Cf.
200 2901 233 2954 ad
243 2901 304 2970 Cap.
314 2901 377 2953 Vlll.
387 2918 410 2952 n.
421 2902 445 2953 5.
474 2901 651 2970 sparorum.
679 2900 735 2953 vid.
746 2901 770 2952 2.
781 2900 866 2953 Thess.
877 2901 902 2967 3,
913 2902 938 2955 6.
966 2901 1169 2971 blinquitubest

147 2990 206 3043 aW
215 2997 241 3040 et
251 2989 301 3054 Ma,
320 2991 413 3058 inquit,
431 2993 505 3043 uobis
521 2991 612 3041 invers.
622 2989 676 3040 ord.
687 2988 782 3040 habent
791 2989 832 3040 lllb
842 2997 867 3040 et
877 2988 907 3040 Α.
938 2989 1005 3042 Dein
1014 2989 1080 3041 blbd.
1089 2987 1136 3040 Bb.
1146 2989 1168 3041 tt

148 3087 176 3130 et
190 3078 250 3130 edd.
263 3077 356 3128 Manut.
370 3084 445 3144 atque
458 3078 613 3144 posteriores
631 3075 744 3128 scribunt
760 3080 859 3130 domini
873 3080 968 3131 nostri.
997 3077 1048 3131 Sed
1057 3079 1097 3129 W.
1106 3077 1169 3132 blac.
1273 3073 1275 3078 ’

148 3165 187 3218 Ba
202 3173 228 3216 et
240 3173 290 3216 tres
302 3163 383 3230 Neap.
394 3178 417 3215 e.
429 3163 487 3214 edd.
501 3162 682 3215 vetustioribus
694 3167 782 3218 nostri
794 3179 853 3228 ona,
866 3165 977 3235 itemquo
990 3167 1015 3218 in
1026 3164 1107 3234 Epist.
1119 3165 1169 3219 ΙΝ.

150 3270 176 3320 p.
184 3251 226 3304 89.
234 3251 275 3302 Md
285 3259 311 3303 et
321 3251 379 3304 edd.
388 3251 480 3302 Manat.
492 3260 647 3329 ceteraeque
657 3253 815 3304 recentiores
824 3260 931 3320 excepta
942 3252 1049 3319 llorell.‚
1060 3270 1135 3324 quae,
1144 3263 1171 3306 ut

148 3341 211 3392 libri
229 3347 288 3392 ante
304 3339 397 3391 llanut.
416 3340 483 3406 typis
502 3341 620 3406 exscripti
640 3348 665 3390 et
684 3339 760 3392 codd.
774 3339 815 3391 llb
835 3355 865 3390 ac
877 3340 922 3405 aa,
941 3344 1029 3395 noemi
1046 3343 1170 3410 agnoscit.
1262 3395 1265 3400 ,

150 3427 210 3478 Pari
225 3426 301 3479 modo
320 3427 344 3477 iu
363 3425 460 3483 Graeco
480 3434 550 3478 textu
568 3410 649 3479 huius*
661 3427 711 3480 loci
730 3426 827 3479 Paulini
845 3444 985 3496 pronomen
1002 3426 1082 3493 ἡμῶν,
1103 3431 1171 3500 quod

151 3514 309 3568 secluserunt
327 3515 440 3568 editores
452 3513 641 3579 Berolinenses‚
661 3514 863 3568 Tischondorlius
882 3518 1046 3572 omittendum
1064 3518 1171 3569 censuit.

152 3601 214 3654 Tum
237 3606 316 3658 iteam
340 3601 417 3654 habet
441 3601 480 3652 cd.
505 3601 627 3655 Deventr.
663 3602 722 3654 Mor
746 3619 803 3655 voc.
827 3608 960 3670 frutribus
985 3606 1058 3658 deest
1081 3608 1106 3657 in
1130 3603 1171 3656 W.

151 3690 191 3742 lla
210 3689 297 3755 etBa‚
316 3691 428 3758 itemque
446 3699 470 3744 et
488 3691 514 3742 in
529 3690 579 3742 lib.
616 3692 644 3757 7)
663 3690 759 3760 Ephes.
778 3691 804 3757 5,
823 3692 847 3742 6.
883 3692 913 3762 8)
932 3712 948 3746 c
965 3694 1172 3762 relinquentibus
1196 3703 1198 3706 ·

149 3779 229 3849 Neap.
274 3778 350 3843 Quod
374 3779 487 3848 sequitur
508 3782 551 3834 cel
575 3795 673 3832 erasum
701 3789 740 3832 est
763 3782 788 3832 in
814 3780 864 3832 llb.
906 3781 974 3832 Idem
999 3795 1036 3846 pr.
1062 3776 1173 3828 habebat

147 3869 347 3940 refirpiendum.
382 3865 449 3918 Dein
472 3866 645 3934 voculasne,
672 3873 735 3924 dum
760 3869 855 3921 ibidem
879 3885 899 3922 r.
918 3885 951 3920 m.
969 3881 1043 3939 supra
1061 3865 1103 3916 lin.
1123 3863 1171 3915 ad-

147 3958 223 4025 didit,
241 3971 306 4023 uae,
320 3957 391 4011 dune
408 3957 453 4024 qui
469 3955 559 4008 scribit
575 3955 606 4009 Α.
636 3955 694 4009 llox
711 3963 776 4024 part.
796 3965 820 4010 et
837 3958 863 4009 in
874 3952 914 4008 Mc
931 3971 953 4008 r.
971 3971 1004 4006 m.
1023 3953 1088 4006 inter
1105 3967 1172 4006 vers.

945 4051 968 4118 4
