2904 4692
611 395 614 402 '
643 409 697 480 ‘ra

158 571 309 655 graviore
332 571 458 649 delicto,
491 570 558 634 dum
588 571 716 634 abstenti
744 579 775 636 et
804 591 864 638 non
893 575 1143 640 communicantes
1166 595 1183 639 e

167 688 290 751 caelesti
320 704 397 769 pane
428 687 638 768 prohibemur,
673 703 689 747 a
714 686 821 751 Christi
852 705 980 770 corpore
1011 707 1185 770 separemur

58 783 59 786 ¹
167 803 234 888 ipso
265 775 457 882 praedicente
487 806 517 861 et
547 805 704 864 monente:
730 801 806 882 'Eoo
838 821 906 863 rom
933 804 1025 882 pente
1058 803 1141 876 citae
1157 799 1185 878 ⁶)

169 915 222 992 qut
253 913 292 975 dc
323 913 411 975 coelo
438 912 594 974 descendi.
640 912 676 974 Sr'
699 914 752 992 qut
771 907 797 988 ²)
820 915 918 975 ederit
942 914 980 975 de
1003 933 1069 977 meo
1089 921 1184 995 punc,

168 1027 251 1087 otoet
274 1028 308 1086 in
329 1033 497 1088 aeternum.
543 1021 660 1088 Poncrn*
672 1021 700 1100 ⁸)
731 1035 832 1090 autam
862 1045 949 1108 quem
981 1047 1038 1108 eqo
1068 1029 1185 1091 dedero

169 1157 246 1201 cero
269 1159 336 1202 meo
358 1147 405 1200 ert
426 1157 487 1217 pro
509 1127 628 1201 receuti
650 1139 724 1200 olto.
771 1139 897 1212 Quando
921 1157 996 1222 ergo
1012 1133 1039 1216 ⁹)
1065 1141 1134 1204 dicit
1156 1142 1185 1204 in
1241 1213 1244 1220 ,

169 1259 320 1314 aeternum
344 1255 449 1316 vivere
473 1253 498 1316 si
521 1255 571 1332 qui
593 1253 689 1315 ederit
709 1252 746 1314 de
763 1255 826 1314 eius
843 1272 929 1334 pane,
953 1261 984 1315 ut
1000 1254 1186 1318 manifestum

169 1371 215 1426 est
238 1383 292 1426 eos
316 1365 419 1428 vivero
442 1367 491 1446 qui
515 1383 625 1448 corpus
645 1367 649 1447 Ι
670 1367 734 1429 eius
757 1367 904 1448 attingunt
927 1373 956 1428 et
980 1365 1186 1430 eucharistiam
1201 1378 1240 1417 ²¹⁰

94 1528 99 1540 ,
168 1475 233 1538 iure
257 1475 529 1539 communicationis
554 1475 716 1556 accipiunt,
748 1465 788 1538 ita
817 1483 920 1540 contra
951 1477 1110 1540 timendum
1141 1486 1187 1540 cst

168 1605 225 1666 ne,
249 1587 316 1652 dum
341 1588 406 1667 quis
431 1587 582 1649 abstentus
606 1595 801 1672 separatura
825 1585 932 1654 Christi
957 1605 1104 1672 corpore,
1131 1609 1186 1659 re-

169 1786 418 1837 communicetr‘onia
443 1787 591 1854 accipimur
616 1785 737 1838 exhibent
755 1786 813 1838 Ver.
840 1797 865 1840 et
883 1788 976 1840 Thura.
1003 1799 1029 1841 et
1053 1796 1187 1848 cernimur

169 1887 216 1939 pro
234 1876 382 1942 accipimur
403 1869 437 1922 Bc
457 1880 483 1921 et
499 1871 561 1922 Mod.
600 1871 665 1924 Dein
683 1873 778 1924 verber
799 1875 995 1944 (intertccdcnte
1013 1880 1100 1944 utiquo
1119 1897 1187 1946 yru-

168 1963 242 2014 et'ora
261 1955 363 2022 delicto,
381 1962 444 2012 dum
462 1962 574 2014 abutenti
591 1969 614 2012 et
633 1977 685 2013 non
705 1961 796 2010 derunt
814 1961 839 2011 in
860 1960 904 2012 Bb.
943 1965 1071 2015 Graviora·
1089 1963 1131 2014 dat
1149 1963 1187 2014 bie

169 2105 198 2148 et
215 2113 231 2148 e
248 2111 313 2148 corr.
333 2096 382 2148 ttb.
420 2095 481 2147 Tem
502 2099 604 2149 maenti
624 2095 678 2159 ota,
705 2045 809 2150 :rdicula
829 2096 883 2160 lle,
911 2101 1031 2152 utamrtes
1052 2098 1108 2164 ttb,
1135 2117 1188 2152 non

131 2184 132 2196 ¹
168 2188 288 2237 abantea
306 2181 341 2234 Bc
365 2191 391 2234 et
406 2171 481 2246 ’Μυσὴ
509 2185 669 2237 abstinentes
694 2182 733 2233 bil.
772 2181 859 2234 Statim
886 2188 1104 2253 communicantes
1130 2185 1186 2260 idel.

168 2269 229 2322 Voc.
248 2287 315 2338 pune
332 2286 347 2322 a
367 2286 432 2323 corr.
455 2285 488 2320 m.
508 2276 547 2320 ert
565 2270 590 2320 in
610 2267 665 2332 bie,
692 2287 746 2323 non
770 2285 820 2321 orn.
841 2269 885 2321 bb.
922 2269 1023 2322 Verba:
1050 2291 1067 2324 a
1086 2275 1188 2327 cumen

169 2372 279 2424 corpore
303 2375 462 2427 raperentur
484 2357 508 2406 ia
533 2371 582 2424 mg.
606 2353 684 2406 hebet
702 2355 745 2407 Bo.
785 2355 848 2408 Dein
873 2359 974 2410 dicente
998 2372 1044 2423 pro
1070 2368 1188 2411 inmeante

167 2442 277 2494 scribunt
302 2441 329 2494 C.
358 2443 454 2495 blbcde.
483 2441 525 2493 Rc.
563 2440 618 2491 Vid.
640 2441 724 2494 lonnn.
745 2441 776 2506 6,
797 2443 836 2494 51.
880 2443 910 2510 6)
928 2447 1010 2497 eieua
1030 2442 1088 2495 Ver.
1125 2442 1186 2495 Turn

168 2583 287 2634 discendi
306 2579 333 2632 C.
354 2581 384 2632 W
405 2591 431 2632 et
451 2581 497 2632 lla.
535 2583 564 2650 7)
583 2581 618 2634 lte
633 2581 661 2648 C,
680 2541 730 2652 qud
739 2581 790 2646 tib,
810 2585 871 2652 quie
884 2581 953 2650 vulg.
977 2581 1034 2633 Vid.
1049 2582 1080 2632 ad
1096 2580 1186 2634 Donet.

168 2683 222 2736 cap.
241 2666 303 2719 Xlll.
325 2678 378 2721 not.
402 2671 423 2722 i.
461 2669 526 2721 Dein
545 2674 611 2725 vivit
631 2669 658 2721 0.
677 2668 713 2720 Bc
733 2678 759 2720 et
778 2667 843 2719 blod.
881 2668 911 2736 8)
930 2667 1104 2720 Praebuerunt
1123 2668 1188 2720 banc
1255 2731 1260 2740 .

167 2753 320 2821 lectionem,
348 2771 394 2823 pro
412 2761 507 2825 ponte,
537 2757 603 2824 quod
624 2760 649 2808 in
669 2755 815 2824 vulgaribus
834 2755 904 2806 libra
927 2763 1025 2820 exstat,
1051 2754 1126 2805 codd.
1147 2753 1186 2804 W.

168 2841 238 2894 biubi
254 2851 406 2912 veteresque
426 2843 483 2894 edd.
506 2859 526 2894 c.
542 2841 638 2894 Erarm.
659 2858 765 2909 eamque
785 2857 816 2892 ex
831 2839 880 2891 ΜΞ.
900 2841 1005 2908 protulit
1023 2839 1187 2906 laudavitque

167 2930 216 2980 iem
238 2932 391 2984 Gronoviua
412 2926 554 2980 Observatt,
575 2929 599 2978 io
619 2925 789 2992 scriptoribus
808 2925 870 2976 eccl.
890 2942 915 2992 p.
929 2924 989 2974 628.
1025 2923 1188 2993 Comparevit

168 3016 206 3066 vir
225 3015 292 3066 doct.
315 3015 374 3067 illud
389 3014 551 3082 virgilianum
571 3014 581 3070 t
586 3013 640 3063 den
664 3013 680 3063 l.
695 3012 776 3075 573)2
797 3013 890 3064 Urbem
906 3029 983 3080 quant
996 3019 1085 3064 statuo
1097 3021 1187 3064 eeatru

153 3111 214 3154 eet.
253 3099 288 3151 lte
315 3099 409 3151 Noster
434 3099 496 3151 inire
524 3115 578 3166 cap.
598 3096 698 3151 nuti:
727 3102 852 3169 Lapidem
880 3115 954 3167 quem
980 3099 1188 3166 reprobaverunt

168 3190 334 3256 oedificantes
353 3191 396 3240 tric
414 3192 505 3256 factor
524 3197 573 3252 cet,
594 3195 620 3236 et
632 3183 712 3254 Epist.
728 3185 766 3237 lll.
781 3201 803 3236 c.
818 3185 875 3239 lin:
895 3187 951 3238 Hoc
970 3189 1053 3256 igitur
1070 3194 1099 3238 ut
1114 3191 1188 3246 aetra

165 3275 321 3341 pneumon,
349 3282 374 3326 et
397 3274 560 3339 scripturam
583 3283 606 3324 et
631 3274 852 3340 antecrr'ptionone
877 3288 912 3324 un
935 3282 1027 3326 ventre
1051 3277 1183 3326 citraco-

139 3362 293 3428 ·9eoecr'te.
339 3356 368 3422 9)
395 3360 505 3424 Quando
530 3367 616 3412 amem
635 3357 674 3409 lla
699 3367 725 3408 ot
744 3355 790 3410 Bb.
829 3356 890 3410 Tum
915 3363 941 3412 et
965 3362 1009 3429 qui
1028 3356 1056 3409 G.
1077 3358 1116 3411 W.
1137 3358 1217 3424 tte„

150 3498 194 3548 ,at
212 3454 273 3565 qud,
302 3475 442 3562 utsupra,
470 3493 525 3557 blb3
551 3497 579 3548 εἰ
604 3498 664 3564 quia
689 3497 767 3547 ceteri
794 3511 816 3546 c.
837 3494 905 3563 vulg.
925 3494 1004 3546 libris.
1043 3494 1099 3547 btox
1117 3506 1140 3550 ct
1157 3507 1187 3566 ut

167 3580 253 3632 scribit
273 3581 323 3646 ntb,
341 3593 370 3636 ot
389 3598 437 3632 onr.
455 3581 494 3634 W.
514 3581 586 3632 llacd
607 3590 632 3632 et
651 3579 728 3634 Bebc.
767 3581 866 3634 Deinde
884 3585 921 3635 att
938 3597 984 3650 pro
1003 3592 1042 3636 eat
1061 3581 1138 3634 habet
1157 3581 1185 3647 G,

167 3669 257 3720 vivore
274 3684 320 3722 eor
341 3665 392 3732 Be,
415 3671 475 3720 eiua
495 3685 594 3736 cernue
614 3667 669 3731 lle,
696 3671 833 3738 adtingunt
851 3665 894 3718 aa.
931 3665 957 3718 ln
978 3684 1050 3737 reqq.
1070 3677 1128 3733 poet
1146 3672 1184 3722 n·-

167 3755 288 3806 mendum
306 3765 346 3808 aet
365 3755 436 3806 omisi
456 3771 530 3806 voce.
549 3764 573 3808 et
591 3759 729 3820 erendum,
748 3763 837 3821 utpote
848 3767 939 3806 nexum
954 3757 1140 3806 coniunctionis
1153 3773 1186 3810 ne

168 3855 223 3904 cum
236 3841 326 3906 verbo,
346 3856 423 3910 aquo
437 3841 574 3911 dependet,
593 3840 728 3907 turbantia,
746 3839 928 3909 praeeuntibus
941 3839 1009 3892 MSS.
1025 3840 1065 3890 bib
1078 3849 1104 3892 et
1118 3841 1184 3912 duo-

167 3957 215 4010 bur
227 3957 375 4014 Balanteum.
406 3961 494 4015 Statim
514 3965 575 4016 dum
594 3964 699 4032 quilibet
717 3965 829 4015 obstinet
846 3938 989 4032 amariter
1005 3965 1089 4028 (voce.
1106 3965 1186 4016 -tr‘tet
