2880 4696
782 371 828 438 80

298 528 478 596 Paenitentia
501 529 539 596 de
560 533 731 616 pectoribus
747 529 777 613 θ)
800 536 1014 611 excussant,
1046 527 1216 614 grauissimi
1247 547 1309 594 ex-

181 705 184 712 .
298 644 442 725 tremique
465 643 564 708 delicti
586 643 729 710 memoria
750 645 862 710 sublate
883 652 937 710 est.
976 644 1158 726 Operiuntur
1173 644 1310 708 morien·

299 759 369 821 tium
384 758 517 838 vulnera,
540 765 570 822 et
584 760 670 843 plaga
686 759 779 825 letalis
795 760 861 824 altis
874 757 901 839 ὅ)
924 767 954 824 et
969 758 1124 842 profundis
1142 759 1311 822 visceribus

298 869 387 934 infixa
416 869 597 935 dissimulato
623 872 728 937 dolore
758 872 935 955 contegitur.
996 871 1024 934 A
1055 870 1170 943 diaboli¹
1183 869 1210 950 6)
1249 873 1310 936 aris

271 991 485 1050 erevertentes
508 984 544 1048 ad
568 992 701 1050 sanctum
723 984 835 1048 domini
858 983 987 1048 sordidis
1010 991 1039 1048 et
1061 985 1178 1049 iniectis
1200 985 1310 1049 nidore

298 1101 432 1165 manibus
448 1099 601 1164 accedunt.
639 1099 810 1164 Mortiferos
826 1099 973 1164 idolorum
989 1099 1072 1163 cibos
1092 1098 1189 1162 adbuc
1211 1117 1310 1181 poene

298 1220 448 1279 ructantes
466 1207 509 1293 ⁷),
540 1213 743 1279 exhalantibus
774 1215 862 1278 etiam
889 1233 968 1280 nunc
997 1215 1095 1278 scelus
1123 1232 1208 1278 suum
1239 1213 1312 1276 iau·
1420 1203 1421 1224 .

302 1328 384 1392 cibas
416 1334 446 1390 et
470 1327 607 1410 contagia
630 1326 747 1392 funesta
768 1327 973 1393 redolentibus
996 1327 1106 1392 domini
1128 1345 1237 1410 corpus
1258 1329 1310 1390 in-

300 1441 423 1522 vadunt,
457 1441 575 1522 mando
607 1450 743 1536 occurrat
775 1444 920 1525 scriptura
952 1443 1050 1506 divina
1082 1449 1112 1505 et
1142 1443 1248 1505 clamet
1280 1448 1313 1506 et

261 1551 431 1635 todioat⁸te
456 1555 563 1620 Omnis
584 1557 716 1627 mandem
738 1557 941 1622 manducabit
964 1577 1088 1622 carnem
1099 1552 1137 1637 ⁹),
1159 1565 1189 1620 et
1204 1557 1312 1619 anina

298 1756 327 1808 ln
348 1755 489 1825 posteriore
513 1761 598 1806 eutem
622 1769 697 1822 supra
722 1757 841 1823 scripturn
864 1771 879 1806 e
903 1771 924 1807 r.
943 1771 975 1808 m.
994 1757 1152 1824 pacientiam
1175 1753 1207 1806 el.
1248 1751 1311 1805 Turn

298 1861 363 1898 aera
380 1844 565 1912 satisfactione
581 1839 627 1903 Db,
648 1848 674 1891 et
691 1856 736 1908 pro
754 1843 912 1896 medicinam
929 1841 987 1894 cod.
1005 1839 1107 1893 Lamon.
1119 1844 1312 1910 paenitentiam.

299 1931 328 1997 A)
345 1933 471 2001 patientia
488 1933 519 1984 de
534 1931 684 1998 pectoribus
704 1930 752 1996 (pr.
770 1929 966 1999 peecatoribus)
989 1928 1030 1981 W.
1068 1927 1096 1979 lu
1115 1927 1225 1997 Gotting.
1244 1927 1311 1980 libro

298 2019 336 2072 vir
348 2019 416 2070 doct.
432 2017 516 2070 verbis
524 2019 677 2087 pectoribus
695 2033 814 2071 manera
832 2015 923 2068 deletis
940 2017 972 2068 ed
990 2033 1039 2086 mg.
1059 2015 1191 2084 adscripsit
1208 2032 1311 2085 pecen-

297 2109 400 2162 toribae
425 2109 537 2160 metum
562 2103 650 2173 hisque
676 2104 805 2156 subiunxit
831 2108 995 2174 „pectoribus
1022 2121 1141 2159 exeam
1168 2105 1222 2156 Vnt.
1249 2103 1311 2168 2.“;
1420 2097 1421 2112 ¹

293 2196 476 2264 peccatoribus
488 2193 547 2244 item
559 2194 684 2261 reperitur
694 2193 719 2244 in
734 2191 795 2244 Aet
807 2191 862 2244 edd.
878 2191 923 2243 SP.
937 2191 1028 2244 Venet.
1042 2192 1065 2244 1.
1080 2191 1104 2244 2.
1117 2190 1197 2243 Knnn.
1212 2190 1309 2244 Remb.

296 2279 393 2333 Ernsm.
416 2277 506 2342 Grau..
538 2284 651 2334 enaim
678 2280 703 2330 in
727 2278 768 2330 bib
797 2287 822 2330 et
845 2278 963 2330 undecim
986 2277 1074 2332 Butae.
1100 2278 1226 2346 editisque
1252 2286 1312 2330 ante

297 2367 390 2421 binnut.
409 2367 524 2420 omnibus
541 2363 616 2448 atque
634 2364 747 2430 Morelt.;
773 2370 874 2420 emissa
897 2376 936 2420 eat
960 2383 991 2420 ac
1015 2383 1135 2421 emouere
1159 2369 1312 2436 pratieeimi

297 2453 482 2510 eatremi'del.
505 2455 614 2523 pessime
637 2452 715 2504 babet
738 2452 770 2506 A.
805 2453 949 2506 Lectionem
976 2470 1097 2508 menaea
1123 2455 1148 2504 in
1172 2451 1311 2504 duodecim

296 2540 367 2594 libris
384 2549 446 2592 vett.
459 2542 561 2609 peperit
572 2538 658 2592 Baluz.
688 2539 712 2592 Is
730 2548 835 2591 testatur
854 2543 879 2592 in
898 2541 955 2594 cod.
967 2539 1065 2593 Fossnt.
1083 2541 1134 2610 legi
1151 2544 1313 2611 paestitentia

297 2633 328 2683 de
350 2630 533 2698 peecatoribus
557 2631 671 2682 emotum
697 2637 738 2684 ert
763 2631 805 2682 eet
829 2646 955 2682 excaeca.
997 2629 1025 2694 5)
1047 2631 1128 2683 attiae
1149 2626 1196 2679 tta.
1233 2627 1311 2691 Quod

297 2715 410 2784 sequitur
428 2725 452 2768 et
469 2731 517 2767 om.
530 2714 563 2765 W
581 2723 607 2767 et
618 2714 667 2768 iiia.
696 2713 763 2766 Dein
780 2719 927 2771 sectoribus
946 2733 960 2768 e
978 2733 1010 2768 m.
1028 2731 1075 2785 pn,
1092 2732 1107 2767 a
1125 2733 1145 2768 r.
1158 2719 1311 2770 uisceribus

296 2800 345 2854 bic.
381 2801 438 2854 bier
461 2805 630 2858 dissimulata
654 2805 742 2858 dolore
761 2807 905 2858 conteritur
925 2804 955 2855 A.
1000 2804 1028 2869 6)
1048 2807 1147 2858 diaboti
1164 2802 1212 2854 Ma.
1249 2801 1311 2853 Turn

296 2893 330 2944 ad
348 2900 470 2944 cunctam
487 2895 562 2946 deum
580 2891 638 2944 edd.
657 2899 720 2944 vett.
739 2908 760 2944 o.
774 2891 898 2944 tiembolt.
929 2892 1029 2944 Deinde
1047 2895 1172 2946 cordibae
1188 2890 1310 2944 Dauentr.

296 2993 404 3045 moxque
429 2981 517 3033 dotare
542 2994 589 3048 pro
611 2982 702 3034 nidore
718 2980 749 3032 A.
798 2980 825 3040 7)
852 2997 949 3050 paenae
973 2989 1129 3034 recinentes
1149 2977 1207 3044 bib,
1231 2993 1311 3047 paene

297 3067 373 3136 (pene
390 3064 443 3133 bid]
466 3075 621 3122 recinentes
645 3064 682 3119 Ba
707 3075 733 3118 et
752 3065 811 3132 Μὰ,
837 3085 935 3138 poenae
956 3077 1105 3122 eructantes
1130 3063 1176 3118 Bb.
1222 3063 1311 3116 Statim

296 3153 466 3205 enatantibus
484 3151 517 3202 W
534 3161 561 3204 et
578 3152 650 3204 bibcd
670 3169 691 3206 o.
712 3154 752 3204 ed.
773 3152 904 3220 Daventr.‚
923 3157 1101 3210 emattamibae
1119 3153 1150 3205 A.
1193 3149 1261 3202 Dein
1286 3159 1311 3204 et

295 3239 350 3290 iam
367 3235 416 3289 bid.
452 3237 509 3290 Mox
527 3250 553 3292 et
572 3237 682 3290 deletum
701 3241 727 3291 in
744 3239 794 3293 bib.
829 3240 945 3294 Proxime
964 3245 1005 3296 dei
1022 3257 1068 3310 pro
1093 3243 1191 3296 domini
1217 3239 1311 3291 babent

296 3323 339 3375 ttd
354 3332 380 3376 et
398 3323 455 3377 edd.
469 3333 531 3377 vett.
561 3323 622 3376 Tum
640 3329 770 3382 inuadant
785 3345 833 3382 nec
852 3331 941 3383 timent
959 3328 1009 3381 bid.
1044 3329 1122 3380 Paulo
1141 3334 1199 3395 post
1218 3329 1309 3380 divine

296 3414 435 3482 scriptura
453 3411 500 3464 Mc.
536 3411 612 3466 Alth
634 3422 659 3465 et
675 3415 698 3466 A
716 3414 787 3467 abest
805 3419 903 3470 divina.
935 3416 1063 3486 Deinceps
1081 3426 1145 3485 part.
1165 3425 1188 3470 et
1207 3415 1268 3467 deut
1284 3415 1311 3464 in

297 3498 338 3551 tth
358 3508 383 3551 et
401 3501 437 3566 A,
461 3501 522 3552 itom
547 3505 638 3556 ctamet
663 3505 687 3554 in
712 3504 856 3571 posteriore
880 3503 954 3556 libro.
996 3504 1024 3571 8)
1043 3503 1122 3556 Levit.
1142 3503 1168 3569 7,
1189 3499 1310 3553 tat-20.

297 3587 325 3653 9)
347 3590 440 3642 amno
458 3590 611 3643 immundae
624 3586 698 3642 Grau.
729 3588 856 3658 Deinceps
873 3590 1095 3646 manducauitBa.
1126 3591 1186 3644 Tum
1204 3608 1313 3646 carerem

296 3691 344 3746 pro
369 3693 404 3730 ea
428 3691 510 3729 comte
527 3674 587 3728 Ver.
629 3675 717 3728 Statim
741 3681 871 3732 edetanis
895 3683 1024 3750 sacrificii
1048 3679 1088 3731 Md
1102 3681 1227 3748 itemque
1253 3677 1314 3730 edd.

297 3771 356 3816 ante
374 3761 467 3816 Manat.
493 3778 588 3814 omnes.
623 3762 680 3815 biox
707 3768 869 3819 inmundicia
893 3767 934 3830 (in
953 3771 1089 3822 muttdicia
1106 3767 1141 3834 A)
1168 3757 1313 3832 eiur'bib3

297 3855 358 3908 eine
381 3851 467 3903 scribit
493 3853 570 3903 etiam
587 3850 636 3906 bid.
672 3852 773 3906 Deinde
797 3857 907 3924 impiam
932 3871 978 3925 pro
997 3860 1087 3927 ipsam
1104 3856 1135 3912 A.
1171 3855 1246 3919 Quod
1266 3873 1313 3910 se-

298 3937 382 4006 quitur
399 3948 441 3994 oet
457 3954 507 3994 om.
525 3937 558 3989 W
578 3948 604 3992 et
622 3939 670 3994 bia.
706 3941 771 3996 Ante
786 3947 886 4014 peribit
902 3944 929 3995 in
947 3943 987 3997 bio
1004 3961 1025 3998 r.
1043 3962 1076 3999 m.
1096 3945 1273 4014 superscripsit
1291 3956 1317 4002 et
