2858 4688
529 379 531 384 '
612 371 673 440 trt
727 451 730 459 k
812 385 818 394 ‘

132 553 189 599 nee
218 552 253 600 se
284 536 431 600 aduersus
462 505 599 599 iniustam
629 536 799 599 violentiam
832 543 978 616 vestrum,
1014 517 1148 618 quemvis

131 650 239 726 nimios
266 656 297 712 et
319 650 461 731 copiosus
482 647 587 712 ¹noster
601 649 739 730 populns,
763 649 923 713 ulciscitur.
962 647 1148 727 Patientes‘2)

132 762 202 826 iecit
225 762 262 825 de
286 769 426 826 secuturo
449 762 562 825 uitione
585 763 740 825 securitas.
778 761 955 826 innocentes
972 764 1148 828 nocentibus

132 874 250 937 cedunt.
296 874 433 938 insontes
457 876 561 956 poenis
586 873 817 937 et'eruciutibus
841 865 1052 956 adquiescunt,
1076 879 1150 942 certi

133 995 163 1050 et
193 987 318 1059 fidentes
350 986 430 1069 quod
462 986 585 1049 inultum
617 1003 677 1048 non
711 991 863 1048 remanent
879 981 905 1060 ³)
940 988 1149 1070 quodcumque

132 1103 535 1184 perpetimnrpquentoque
563 1100 658 1163 maier
681 1099 769 1162 inerit
792 1102 1011 1182 persecutionis
1034 1101 1149 1184 iniuria,

132 1221 215 1278 tonte
240 1221 270 1278 et
292 1215 397 1278 iustior
420 1214 469 1276 tint
500 1221 530 1276 et
552 1213 677 1296 gravior
698 1232 754 1296 pro
777 1215 989 1296 perseeutione
1012 1218 1156 1297 vindicte.

132 1347 190 1392 nec
212 1347 351 1409 umquem
374 1327 530 1408 impiorum
554 1326 671 1388 sceiere
693 1326 723 1388 in
748 1335 882 1390 nostrum
905 1346 1014 1391 nomen
1038 1347 1149 1393 exsur-

132 1442 223 1525 gitur,
246 1446 361 1504 utnon
384 1441 479 1528 statim
504 1439 642 1503 divinitus
667 1441 794 1504 vindicte
818 1444 984 1504 comitetur.
1022 1443 1058 1505 Ut
1082 1462 1149 1506 me·

132 1555 241 1617 morins
265 1550 453 1630 teceamus‘)
477 1555 611 1635 antiquus
635 1561 665 1616 et
688 1555 815 1618 ultiones
837 1573 891 1637 pro
915 1556 1077 1619 cultoribus
1102 1556 1150 1618 dei
1185 1547 1187 1550 ’

133 1680 226 1748 saepe
247 1667 389 1751 repetitos
412 1665 494 1730 nulio
520 1665 602 1728 vocis
623 1668 788 1747 praeconio
812 1667 1017 1747 revolvemus,
1051 1669 1150 1734 doen·

134 1786 264 1842 mentum
288 1777 418 1841 recentis
442 1779 487 1840 rei
510 1778 582 1840 sutis
607 1783 668 1856 est,
701 1779 782 1858 quod
809 1779 853 1840 sic
882 1778 1018 1842 celeriter
1032 1767 1034 1772 ⁸
1049 1783 1149 1863 quod-

138 1884 207 1974 tque
237 1863 280 1952 in¹
299 1895 377 1954 tento
408 1889 561 1952 celeritate
590 1889 635 1952 sic
660 1889 820 1970 granditer
848 1909 942 1972 nuper
964 1899 1067 1956 secuta
1092 1893 1203 1959 de-ms

135 2003 234 2067 iensio
258 2009 312 2083 est,
337 2003 429 2065 ruinis
453 2021 563 2081 rerum,
587 2003 704 2064 iacturis
722 2018 820 2082 opum,
845 2001 1000 2084 dispendio
1017 2006 1150 2086 militum,

135 2106 338 2180 deminutione
358 2124 534 2181 castrorum.
572 2115 636 2178 Nec
658 2115 717 2178 boc
740 2132 812 2178 cusu
835 2116 981 2180 occidisse
995 2115 1020 2193 ⁵)
1044 2120 1150 2200 uliquis

134 2288 186 2340 Bnb
206 2305 314 2357 moxque
334 2290 475 2342 adeersum
493 2288 523 2340 A.
545 2285 683 2339 *Omittitnr
696 2302 753 2338 voe.
767 2289 896 2342 iniustum
908 2291 932 2340 in
947 2289 1005 2342 Ver.
1034 2290 1150 2344 Proximo

133 2377 258 2429 vncubniu
276 2381 379 2431 nimius
398 2385 422 2430 et
441 2379 567 2444 copiosus
586 2377 610 2428 iu
629 2374 668 2426 Mc
688 2391 706 2426 r.
727 2392 759 2426 m.
780 2375 884 2427 delevit.
923 2371 984 2429 Turn
1006 2389 1098 2432 noster
1115 2385 1152 2432 es't

131 2445 248 2534 populus
266 2465 361 2531 primus
381 2463 460 2514 edidit
479 2462 616 2514 Moreiiius.
654 2461 756 2532 Legitur
780 2463 881 2532 quidem
904 2467 941 2518 sit
958 2467 983 2516 iu
1003 2466 1061 2518 end.
1082 2465 1151 2530 Ver,
1192 2467 1197 2484 ¹

134 2552 180 2603 sed
201 2567 214 2602 u
233 2555 297 2604 meis
315 2552 387 2604 libris
406 2550 479 2604 obest
498 2561 605 2619 excepto
624 2549 672 2617 Bb,
692 2553 733 2619 qui
753 2548 830 2602 babet
848 2555 884 2606 sit
902 2563 971 2607 nost·
989 2571 1063 2624 pop,
1084 2554 1151 2606 unde

134 2639 225 2689 cunitei
245 2648 347 2707 potest,
374 2639 479 2692 verbum
499 2643 536 2694 eit
557 2656 570 2691 e
589 2638 738 2708 glossatoris
758 2639 887 2690 cuiusdam
905 2656 981 2692 menu
1007 2656 1065 2692 esse
1088 2657 1151 2708 pro·

133 2723 235 2776 fectum.
271 2724 350 2792 igitur
370 2725 564 2794 expungendum
585 2727 683 2776 censui.
730 2726 758 2787 2)
784 2723 952 2777 Praemittitur
975 2738 998 2781 et
1022 2729 1046 2778 in
1067 2726 1104 2778 Bb
1126 2738 1152 2780 et

135 2809 176 2859 ed.
191 2808 253 2859 Dav.
292 2809 368 2861 Voce.
389 2815 419 2864 de
437 2822 563 2865 secutura
582 2827 601 2862 r.
619 2827 651 2860 m.
672 2809 703 2858 ud
723 2825 772 2875 mg.
792 2810 888 2861 eddidit
908 2815 932 2862 in
947 2812 994 2875 Mc,
1013 2817 1044 2866 de
1058 2819 1150 2880 futura

135 2893 237 2944 exhibet
251 2893 281 2945 Α.
319 2895 348 2962 3)
366 2880 483 2950 remanet
500 2897 559 2946 dunt
572 2895 603 2943 W
619 2903 644 2944 et
658 2893 704 2943 bin.
743 2893 782 2943 Ad
803 2903 898 2962 quanto
917 2911 936 2944 r.
957 2911 988 2945 m.
1008 2913 1083 2964 snpra
1103 2900 1151 2948 ad-

135 2982 194 3033 iecit
213 2998 262 3051 que
279 2983 306 3032 in
318 2981 365 3033 bic.
398 2982 458 3032 Turn
472 2986 526 3050 fuit
537 2981 567 3030 Α.
599 2978 659 3030 Post
674 2988 744 3032 moto
757 2981 844 3045 partie.
859 2991 882 3032 et
895 2995 944 3030 orn.
960 2981 999 3032 W.
1015 2983 1055 3033 Mb
1068 2993 1094 3054 ct
1106 2985 1150 3037 Bb.

135 3067 269 3136 Perpernm
288 3067 479 3131 susustinetis,
499 3073 541 3137 fiet
554 3065 593 3116 W.
614 3066 670 3117 ttah
691 3073 716 3117 et
732 3064 779 3129 Bb,
798 3085 847 3135 pre
864 3053 1093 3136 persecutionibus
1107 3071 1151 3124 Rb.

136 3154 202 3206 Dein
223 3173 340 3224 unquam
359 3157 381 3206 Α
400 3163 553 3222 veteresque
572 3154 630 3205 edd.
653 3151 748 3204 Essem.
769 3150 841 3204 Grov.
862 3161 887 3204 et
907 3153 1018 3219 mercii,
1046 3162 1153 3228 eaeorpit

135 3243 168 3307 Α,
187 3247 319 3298 uindictae
332 3241 376 3295 ua.
414 3243 445 3309 4]
464 3244 669 3302 memoriaenon
683 3251 818 3294 terreamus
837 3241 895 3292 edd.
910 3249 982 3307 vett.‚
1002 3243 1024 3294 si
1042 3246 1153 3312 excipies

136 3329 364 3395 bancornensem,
391 3337 417 3381 et
435 3329 590 3380 Eresminnu.
626 3329 683 3381 biox
704 3329 794 3380 vitiose
813 3331 920 3398 repetita
938 3333 1010 3384 nutto
1031 3331 1075 3397 W,
1103 3350 1152 3386 re-

133 3420 212 3487 petit,
236 3420 342 3470 annito
361 3416 408 3467 bin.
447 3415 507 3467 Turn
527 3426 551 3469 et
569 3419 637 3485 qnod
653 3419 696 3469 sie
714 3415 768 3480 da,
794 3433 894 3485 quoqne
912 3430 958 3483 pro
978 3421 1093 3486 quodque
1114 3419 1152 3470 bib

136 3511 163 3553 et
176 3501 223 3567 bb,
243 3514 335 3573 sequte
354 3504 416 3571 (sie)
435 3513 475 3558 est
493 3505 610 3573 defensio
624 3503 653 3554 tt.
685 3502 772 3554 Statim
791 3505 880 3556 ruinis
897 3520 988 3557 rernm
1007 3505 1153 3557 confirment

136 3591 212 3640 etism
232 3592 283 3642 mei
301 3589 367 3655 libri,
387 3589 468 3642 italici
486 3605 573 3642 omnes
594 3598 620 3641 et
639 3598 737 3658 septem
753 3589 868 3656 Angiiei;
886 3609 979 3660 reprom
999 3607 1045 3656 pro
1063 3609 1154 3645 rerum

136 3674 258 3727 exhibent
278 3676 339 3728 editi
359 3685 460 3744 praeter
477 3677 575 3730 bioreli.
596 3676 681 3728 Boion.
703 3684 730 3727 et
748 3675 836 3727 Goidb.
875 3676 956 3729 Recte
976 3681 1154 3732 deminutione

136 3762 175 3815 W.
196 3763 245 3816 ttb.
266 3762 303 3816 Bb
328 3773 354 3816 et
379 3781 415 3831 pr.
438 3764 484 3815 bie.
521 3765 557 3816 ltu
583 3765 631 3816 iem
659 3762 772 3828 diesen„
799 3767 972 3818 diminutione
995 3766 1073 3816 ceteri
1097 3764 1154 3816 libri

135 3851 222 3918 scripti
242 3857 267 3902 et
286 3851 356 3902 editi.
393 3849 431 3902 Gi.
446 3851 476 3902 ud
490 3867 545 3919 cop.
560 3851 590 3903 li.
604 3852 629 3902 in
642 3849 658 3904 i.
674 3859 698 3902 et
712 3850 742 3903 nd
756 3866 811 3917 cup.
825 3849 890 3902 xix,
907 3860 960 3903 not.
974 3852 1015 3904 11.
1052 3852 1079 3915 5)
1099 3869 1153 3906 ece-

137 3941 237 3992 es‘dieee
255 3956 292 4007 pr.
312 3937 361 3991 bib.
399 3937 464 3990 Dein
483 3942 606 4009 fortuitu,
628 3948 756 4009 computet
773 3937 820 3989 tte.

907 4025 947 4092 12
