2834 4686
608 438 669 502 ’241

131 595 366 678 respondebunt
394 602 424 658 et
453 595 515 677 ipsi
538 595 695 658 dieentes:
729 595 877 674 Domine,
913 593 1039 676 quondo
1060 592 1098 671 18)
1123 603 1151 659 te

132 710 267 772 oidimus
287 709 471 772 esurientem
491 716 546 770 out
559 709 713 771 sitientem
728 717 784 771 out
797 709 950 788 hospitem
964 717 1021 772 out
1035 711 1151 772 nudum
1170 773 1174 780 ,

134 832 190 886 ont
212 804 363 902 infirmum
386 831 442 886 out
464 823 498 884 in
522 843 661 902 coicere,
685 832 715 885 et
731 838 796 886 non
812 823 1056 887 ministravimus
1072 822 1152 886 tibi?

133 937 175 1003 Et
194 933 232 1014 ¹⁴)
253 933 458 1015 respondebit
479 935 562 997 iliis:
585 933 683 997 Amen
705 935 776 997 dieo
799 934 901 1012 cobis,
926 952 1019 1014 quom
1042 934 1096 995 diu
1114 931 1151 1011 15)

133 1069 197 1113 non
224 1047 346 1126 fecistis
377 1047 432 1108 uni
463 1065 504 1106 en
534 1046 670 1108 minimis
702 1046 768 1123 bis,
802 1062 899 1126 neque
920 1045 996 1107 mibi
1017 1045 1151 1124 fecistis.

133 1163 175 1226 Et
197 1161 328 1226 obibunt
341 1155 377 1235 16)
402 1159 455 1222 isti
475 1159 510 1220 in
529 1158 754 1222 ambustionem
768 1166 937 1237 oeternum,
962 1159 1037 1224 iusti
1053 1169 1154 1223 outem

133 1279 167 1340 in
188 1277 283 1342 eitom
304 1281 474 1346 oeternum.

589 1470 694 1541 ΧΧΙΙΙ.

222 1613 298 1691 Ouid
322 1615 418 1714 potuit
441 1612 527 1676 nobis
551 1613 644 1690 maios
667 1610 801 1674 Christus
828 1610 948 1675 edicere
969 1610 1019 1685 ¹)‘i
1064 1613 1151 1688 Ouo-

134 1725 224 1789 modo
241 1722 268 1804 ²)
299 1726 393 1808 magis
423 1725 518 1811 potuit
549 1723 679 1787 iustitiae
710 1740 746 1786 uo
778 1723 1001 1790 misericordiae
1032 1733 1153 1790 nostrae

137 1857 229 1922 opere
252 1857 429 1921 provocare,
453 1855 539 1918 quem
564 1835 643 1918 quod
666 1837 813 1918 praestari
834 1837 908 1900 dixit
931 1838 988 1902 sibi
1011 1839 1153 1920 quidquid

137 1983 344 1995 ...μ-η--ν

135 2035 216 2106 tiore*
229 2068 331 2122 quoque
356 2051 412 2102 loeo
432 2049 497 2102 Web
519 2049 614 2116 otiis,
641 2051 753 2118 itemque
772 2050 812 2103 111.
835 2053 858 2106 1.
884 2071 910 2122 p.
930 2053 988 2107 303.
1009 2055 1040 2107 W
1065 2075 1088 2110 e.
1107 2057 1154 2114 Bb,

135 2140 231 2192 verbe:
257 2143 382 2208 infirmus
406 2147 430 2191 et
453 2141 481 2191 in
507 2149 614 2190 eoreere
638 2147 662 2191 et
686 2153 740 2190 non
757 2140 892 2194 visitastis
910 2157 951 2194 me
969 2141 1061 2196 desunt
1079 2148 1104 2198 ic
1121 2146 1153 2200 A.

138 2226 185 2291 13)
204 2245 283 2296 quom
302 2225 348 2277 Rb.
386 2224 484 2278 vitiose
502 2227 531 2278 in
550 2241 685 2278 carcerem
705 2223 743 2276 Bb
762 2232 788 2277 et
806 2225 857 2278 bid.
893 2225 954 2281 Tum
976 2235 1153 2290 administra-

134 2317 225 2368 vimus
244 2317 290 2368 tibi
308 2311 364 2364 We.
385 2311 420 2364 Bb
447 2320 473 2364 et
492 2311 531 2364 bic
554 2308 728 2364 intuetu.
751 2313 771 2364 1.
798 2331 824 2380 po
842 2312 909 2380 303,
935 2319 1108 2375 visionem,
1132 2332 1156 2377 u

135 2400 196 2452 ibid.
216 2399 245 2452 11.
267 2399 310 2452 30.
332 2417 355 2468 p.
375 2399 434 2451 297.
456 2398 528 2451 Weh.
549 2397 606 2450 bibe
625 2407 651 2450 et
669 2397 712 2452 tta.
758 2400 802 2464 tt)
821 2405 857 2455 lit
874 2417 923 2454 om.
944 2402 987 2458 tta.
1024 2404 1088 2458 Dein
1106 2425 1153 2462 re.

135 2491 245 2558 spondet
264 2488 320 2540 Mbe
338 2490 363 2539 in
383 2488 449 2540 Teet.
464 2486 492 2539 11.
508 2487 550 2538 30.
569 2503 595 2555 p.
609 2487 668 2552 29⁷,
688 2487 730 2539 ubi
744 2487 809 2539 Web
828 2497 885 2557 poet
903 2493 962 2546 tttte
980 2491 1076 2546 adduct
1094 2512 1154 2550 rom.

56 2629 60 2634 ,
136 2576 182 2640 15)
199 2575 237 2628 *Ita
258 2575 296 2628 W.
316 2575 352 2628 Be
373 2583 398 2627 st
418 2573 496 2642 Mcdr
513 2577 575 2628 item
594 2573 652 2626 edd.
674 2575 736 2628 Der.
756 2575 851 2629 Essem.
872 2577 945 2632 Grev.
965 2580 1059 2634 bieuut.
1079 2591 1156 2651 etque
1246 2633 1250 2639 ,

136 2661 242 2729 Persei,
264 2682 341 2734 quom
361 2673 387 2717 et
406 2651 430 2715 ib
451 2679 501 2732 mg.
523 2666 570 2718 diu
588 2661 637 2729 Bb,
655 2667 757 2733 quondo
777 2663 806 2715 t.
844 2663 929 2718 Ceteri
942 2666 1006 2719 'libri
1024 2671 1110 2736 scripti
1130 2678 1156 2721 et
1243 2702 1248 2714 ·

138 2749 201 2800 editi
219 2751 296 2800 inodo
315 2753 448 2820 quamdiu,
468 2751 545 2800 modo
564 2754 688 2818 quandin.
727 2750 788 2801 Tum
802 2769 855 2804 non
869 2757 976 2820 fecistis
988 2772 1024 2808 en
1036 2759 1156 2809 minimis

136 2839 192 2890 biis
210 2834 242 2899 A,
262 2841 310 2890 uni
330 2854 366 2890 en
384 2839 447 2888 min.
467 2839 532 2888 istis
551 2853 604 2888 non
620 2839 725 2902 fecistis
744 2835 801 2886 edd.
821 2844 898 2899 vett,
919 2837 1016 2900 Eseem.
1036 2838 1111 2890 Grcv.
1131 2849 1157 2891 et

137 2921 250 2986 Mureti,
279 2925 370 2990 fecisti
389 2920 436 2972 Mc.
474 2919 545 2971 idem
570 2929 595 2970 et
620 2920 660 2969 bid
683 2924 753 2984 biis,
782 2925 851 2974 meis
871 2920 910 2972 tte
934 2924 958 2972 in
978 2923 1043 2976 Teet.
1063 2924 1093 2976 ll.
1113 2926 1154 2977 30.

137 3027 163 3078 p.
184 3009 244 3060 297.
284 3009 329 3078 16)
348 3011 472 3062 boiiiunt
491 3006 539 3058 tte.
560 3004 598 3058 Bb
617 3014 643 3058 et
662 3007 703 3058 ed.
724 3007 831 3070 Manui,
850 3012 957 3062 obibunt
975 3025 1023 3076 pn,
1043 3026 1089 3078 per
1107 3027 1156 3064 ree.

137 3100 211 3150 ibunt
231 3095 287 3160 bib,
314 3099 389 3149 ibunt
407 3093 447 3146 Mc
471 3093 755 3163 disiunctioque
775 3094 832 3145 loeo
852 3094 908 3146 We.
946 3094 981 3147 ite
1001 3098 1076 3148 etiem
1096 3098 1155 3150 edd.

137 3190 215 3247 vett,
243 3181 339 3248 Essem.
368 3190 393 3234 et
417 3180 509 3246 Gran,
538 3184 671 3235 ambibunt
694 3197 731 3248 pr.
755 3179 803 3246 W,
829 3185 947 3236 obiciunt
969 3184 999 3234 A.
1038 3182 1085 3237 Pro
1110 3189 1158 3240 isti

139 3273 248 3336 (inirmti
271 3267 365 3320 hebent
390 3268 449 3321 edd.
468 3276 530 3320 vett.
551 3284 572 3319 c.
591 3265 690 3319 Ereem.
710 3267 784 3321 Genu.
805 3277 830 3319 et
852 3267 965 3336 biorell.)
984 3267 1019 3320 tu
1043 3271 1069 3323 in
1089 3269 1156 3323 Test.

138 3355 230 3407 1130.
256 3372 281 3423 p.
300 3354 351 3406 297
376 3355 465 3406 scribit
488 3359 523 3408 bi.
561 3352 626 3405 Dein
653 3358 849 3409 conbustionem
873 3355 932 3406 dent
950 3355 995 3408 111).
1015 3357 1054 3408 tto
1079 3366 1105 3408 et
1124 3358 1156 3423 Α,

139 3445 267 3496 comburet.
289 3451 328 3494 est
349 3444 374 3494 in
393 3442 433 3493 ed.
454 3439 565 3505 Meroth,
594 3445 775 3510 onpuetionem
799 3441 860 3508 (eie)
885 3443 910 3492 in
937 3441 992 3507 bie,
1019 3447 1049 3496 in
1071 3448 1158 3512 ipnem

139 3539 274 3584 oeternum
301 3529 421 3582 exhibent
444 3527 479 3580 be
507 3537 533 3580 et
559 3528 616 3590 edd.
644 3536 705 3580 vett.
743 3527 820 3580 Voce.
839 3545 911 3597 seqq.
933 3545 982 3580 om.
1001 3533 1030 3580 Α.
1069 3529 1158 3580 Totum

139 3618 190 3669 boc
208 3618 281 3668 coion
302 3620 327 3670 in
347 3615 413 3669 ieet.
433 3615 482 3668 too.
501 3623 560 3668 ente
579 3617 623 3667 eit.
643 3615 714 3666 ebeet
733 3631 746 3666 e
767 3615 824 3666 cod.
844 3615 890 3667 bic.

211 3721 296 3774 xitttt.
337 3723 363 3786 1)
382 3707 436 3793 cpe
453 3725 540 3790 mopis
558 3725 603 3776 eie
621 3723 721 3775 edicere
739 3720 777 3785 Α,
798 3723 884 3790 inopie
903 3724 1005 3774 orietur
1024 3719 1064 3770 ed.
1084 3718 1158 3784 Dim,

138 3813 194 3898 ip}
212 3830 302 3883 maius
321 3826 370 3878 bib.
407 3827 436 3889 2)
456 3811 489 3895 qn
507 3827 521 3877 i.
542 3840 565 3876 e.
586 3828 687 3895 quando
707 3823 755 3876 Mc.
792 3824 853 3876 Tum
872 3835 961 3892 etpro
980 3839 1012 3876 oe
1032 3821 1072 3889 W,
1092 3822 1158 3875 mele

140 3932 248 3984 operam
266 3915 325 3967 edd.
346 3920 406 3965 vett.
428 3930 449 3965 e.
469 3912 579 3976 Eidem,
596 3921 735 3981 prunnon-e
755 3911 792 3963 tta
812 3920 838 3962 et
856 3928 894 3979 pr.
913 3909 954 3974 W,
973 3913 1001 3963 id
1018 3913 1089 3964 ttnu
1106 3913 1160 3964 eibi

140 4003 265 4069 quiequid
284 4001 341 4054 edd.
361 4008 423 4054 vett.
443 3997 538 4054 Essem.
559 3997 634 4052 Grau.
653 3998 794 4057 etbioreii.
832 3997 882 4050 Sed
904 3995 995 4050 vocule
1019 4001 1047 4052 id
1070 3998 1157 4048 minut.

911 4082 951 4150 16
