2858 4688
750 411 813 474 198

271 573 353 634 liavit
371 589 420 660 sc,
443 577 475 632 ut
495 571 646 660 populum,
672 569 723 650 qui
747 569 828 651 prius
852 571 982 649 iacebat,
1007 572 1141 651 erigeret
1149 591 1158 645 3
1184 569 1299 631 utrium.

271 695 352 750 ratris
377 691 439 765 est,
472 692 504 748 ut
526 686 649 748 vulnera
680 691 781 747 nostra
814 690 933 746 curaret
950 681 996 760 ι’);
1029 685 1170 763 servivit,
1200 693 1231 747 ut
1254 684 1291 745 ad

271 801 434 862 libertatem
466 799 634 861 servientes
665 797 838 859 extraheret
846 817 855 873 ;
889 797 965 859 mori
994 797 1148 875 sustinuit,
1182 804 1213 859 ut
1241 799 1292 860 in-

272 914 477 977 mortalitatem
502 911 674 974 mortalibus
699 910 864 972 cxlribcrct.
912 909 1000 972 llulta
1024 909 1098 972 baec
1122 919 1191 973 sunt
1207 908 1235 988 ³)
1264 918 1293 973 et

272 1045 377 1110 magna
402 1025 520 1088 divinae
544 1023 768 1086 misericordiae
799 1041 931 1085 munera.
979 1022 1038 1098 Sed
1071 1023 1167 1088 adbuc
1197 1027 1292 1106 qualis

272 1139 456 1222 providentia
487 1139 534 1201 illa
567 1145 596 1201 et
629 1143 735 1220 manta
768 1138 922 1200 clementia
940 1135 967 1212 ⁴)
998 1145 1060 1217 est,
1094 1138 1174 1220 quod
1206 1140 1292 1201 nobis

272 1253 395 1316 salutari
418 1253 534 1315 ratione
556 1252 746 1334 prospicitur,
769 1257 800 1313 ut
824 1251 943 1328 bomini,
968 1252 1017 1332 qui
1040 1251 1213 1334 redemptus
1236 1261 1292 1332 est,

271 1365 457 1429 reservando
488 1366 605 1449 plenius
635 1366 816 1430 consulatur.
867 1365 940 1428 Nam
971 1385 1053 1428 cum.
1069 1365 1205 1429 dominus
1235 1366 1292 1428 ad-

273 1481 398 1543 veniens
422 1487 558 1542 sanasset
580 1481 646 1559 illa,
681 1498 759 1560 quae
783 1477 876 1540 Adam
899 1484 1071 1560 portaverat
1087 1477 1134 1569 ³),
1168 1480 1292 1542 vulnera

273 1600 303 1656 et
331 1611 445 1656 venena
478 1595 626 1676 serpentis
656 1594 776 1674 antiqua
806 1598 959 1671 curasset,
990 1593 1089 1673 legem
1115 1591 1196 1654 dedit
1218 1611 1292 1656 sano

273 1714 303 1767 el
333 1706 503 1787 praecepit,
535 1723 574 1767 ne
603 1705 677 1767 ultra
708 1705 765 1765 iam
794 1709 952 1785 peccaret,
987 1722 1025 1765 ne
1054 1703 1124 1783 quid
1155 1708 1292 1787 peccanti

273 1819 395 1900 gravius
419 1815 565 1880 eveniret.
612 1815 741 1878 coartati
757 1808 784 1890 ⁶)
814 1829 935 1876 cramus
955 1819 985 1876 et
1007 1815 1036 1876 in
1060 1822 1217 1898 angustum
1240 1818 1292 1878 iu-

273 1931 431 1994 nocentiae
461 1929 697 2012 praescriptione
730 1925 873 1990 conclusi.
925 1925 989 1988 Nec
1020 1927 1144 1990 baberet
1162 1923 1187 2002 ⁷)
1221 1931 1291 2011 quid

275 2045 442 2128 tragilitatis
475 2041 621 2106 humanae
655 2041 806 2102 infirmitas
840 2040 1135 2120 atque·inbecillitas
1169 2041 1292 2123 laceret,

274 2159 330 2220 nisi
362 2160 468 2220 iterum
500 2156 595 2237 pietas
626 2154 724 2217 divina
755 2153 937 2215 subveniens
966 2155 1094 2246 iustitiae
1118 2164 1146 2219 et
1170 2159 1292 2221 miseri-

275 2332 299 2382 in
320 2328 370 2396 lie,
397 2332 481 2384 votuit
504 2344 565 2382 cero
589 2327 613 2378 io
634 2325 674 2378 blb
694 2335 720 2376 et
740 2325 770 2378 Α.
806 2324 871 2378 Dein
890 2337 920 2380 ot
937 2337 961 2380 ct
978 2345 1028 2384 uos
1045 2331 1115 2398 [ilios
1135 2333 1177 2384 dei
1192 2336 1293 2398 faceret

274 2417 361 2468 scribit
380 2415 428 2466 lib.
467 2418 552 2468 Filios
577 2416 618 2466 dci
641 2414 700 2463 item
726 2413 846 2465 exhibent
870 2414 927 2464 cdd.
950 2422 1028 2479 vett,
1055 2415 1204 2484 quibuscum
1226 2435 1291 2470 con-

274 2505 371 2571 spirant
388 2501 485 2552 Erasm.
505 2509 531 2552 et
550 2499 623 2550 Gran.
659 2501 687 2559 2]
708 2499 744 2551 lta
764 2517 821 2551 cum
841 2501 881 2554 ed.
901 2499 986 2552 Baluz.
1007 2502 1110 2552 codices
1125 2501 1181 2555 Ver.
1196 2503 1291 2557 Bener.

275 2590 355 2656 Neap.
377 2589 470 2639 etmel
495 2586 525 2636 ad
551 2602 627 2637 unum
652 2601 749 2639 omnes.
787 2586 931 2655 legebatur
950 2597 1009 2638 ante
1029 2587 1157 2640 Balesium
1176 2604 1292 2664 apparet.

276 2677 341 2727 Ante
365 2676 577 2728 irtmortult‘totom
600 2674 720 2724 insertum
746 2677 864 2728 morione
888 2675 913 2726 in
939 2675 998 2726 odd.
1019 2684 1082 2727 vett.
1103 2685 1128 2727 et
1149 2679 1174 2728 iu
1195 2678 1292 2731 Eraem.

275 2761 348 2813 Grav.
368 2769 444 2829 atque
463 2759 560 2812 blorell.
597 2761 625 2824 3)
646 2765 728 2815 dioilo
747 2772 812 2814 eunt
829 2766 891 2815 boec
912 2761 954 2814 Ba.
992 2765 1021 2830 d)
1041 2763 1176 2818 clementio
1192 2769 1293 2822 Gloriari

275 2847 332 2899 cdd.
353 2845 571 2899 rettulissem
593 2847 666 2899 Grau.
689 2856 714 2898 et
734 2847 795 2900 lior.
833 2847 966 2919 Dotoque
988 2853 1046 2917 (pro
1071 2853 1150 2919 quod)
1176 2861 1202 2905 et
1223 2872 1291 2922 pro-

274 2939 379 2992 videtur
397 2934 441 2987 tib.
479 2933 539 2987 Post
556 2946 586 2990 ut
604 2935 624 2987 Α
644 2938 747 2988 infercit
765 2947 812 2991 rot.
850 2935 907 2988 ttox
925 2947 1061 2991 reservato
1081 2937 1160 3005 Ncap.
1182 2947 1208 2990 ct
1229 2943 1290 3011 ple-

274 3027 339 3078 ntur
358 3025 501 3076 cornutium
519 3025 595 3076 debir
612 3021 779 3074 scribuntlib
800 3029 825 3073 et
843 3023 918 3073 Vind.
955 3024 983 3086 5)
1001 3033 1135 3090 portarem
1152 3023 1213 3077 daut
1231 3026 1290 3078 add.

274 3117 336 3160 vett.
356 3117 382 3160 et
398 3108 496 3160 Erum.
533 3107 597 3160 llala
615 3121 742 3163 umcnoto
755 3109 805 3174 tib,
825 3118 876 3160 tum
896 3114 1018 3180 antiquae
1031 3109 1077 3174 lla,
1096 3115 1198 3180 antiqui
1210 3111 1291 3179 lleep.

275 3203 301 3245 et
320 3193 379 3246 cdd.
399 3193 494 3244 Pamcl.
514 3203 591 3264 atqua
610 3195 692 3247 Oxou.
730 3196 781 3247 Sed
806 3197 857 3248 vid.
879 3195 1046 3249 Maurinorum
1071 3198 1157 3250 adnot.
1183 3200 1215 3250 ad
1235 3199 1290 3250 Au·

275 3285 367 3351 gastim
387 3291 468 3334 contr.
488 3285 551 3335 dues
569 3286 640 3352 epist.
655 3283 845 3352 Pelagianorum
859 3284 900 3336 lV.
915 3288 938 3336 8.
958 3289 981 3350 ς.
996 3287 1037 3338 21.
1057 3285 1085 3336 Τ.
1100 3283 1129 3335 Χ.
1149 3303 1173 3355 p.
1188 3287 1248 3338 loo.
1262 3285 1291 3336 Ε.

276 3369 333 3420 dlox
350 3373 421 3423 rottro
439 3369 567 3422 Erasmus.
605 3368 678 3430 Quod
705 3372 817 3438 sequitur
841 3376 894 3425 ium
919 3387 968 3422 om.
989 3372 1047 3424 edd.
1067 3381 1130 3424 vett.
1149 3382 1176 3424 et
1194 3373 1290 3425 Erosm.

275 3473 297 3510 c.
317 3457 427 3509 blorell.*
450 3455 499 3506 Pro
522 3461 642 3526 peccanti
663 3457 701 3508 lla
727 3466 753 3508 et
773 3457 810 3509 lib
836 3459 955 3511 exhibent
977 3463 1085 3530 pcccati.
1124 3459 1163 3512 lto
1187 3475 1217 3512 re
1240 3459 1290 3512 vid.

274 3543 361 3596 loann.
382 3543 413 3607 5,
435 3542 474 3598 14,
520 3543 549 3606 6)
574 3545 708 3597 coarctati
731 3544 797 3596 male
816 3543 911 3596 Erasm.
934 3554 961 3596 et
977 3543 1052 3597 Grau.
1092 3545 1145 3597 llid.
1171 3549 1289 3618 Wapnor.

275 3632 308 3683 da
331 3629 494 3699 orthogrrpb.
516 3626 612 3699 Vergil.
633 3645 657 3698 p'.
677 3632 735 3683 417.
773 3630 873 3684 Deinde
892 3637 920 3685 tn
939 3642 1079 3702 rapueram
1098 3659 1129 3672 -·
1148 3635 1290 3702 praecor-i-

274 3722 388 3788 ptioriem
407 3717 462 3782 Mb,
488 3735 538 3788 pro
557 3722 740 3788 dampnatione
763 3719 822 3771 locu
843 3722 914 3771 vonis
932 3723 1142 3789 proscriptione
1159 3720 1234 3772 codd.
1255 3720 1290 3771 Bt

274 3814 301 3855 er
318 3805 427 3855 vindob.
471 3805 503 3871 t)
526 3809 619 3859 barbara
644 3821 778 3874 perperam
799 3810 835 3870 Α,
862 3811 970 3860 babebat
989 3807 1048 3858 cdd.
1067 3815 1129 3857 vett.
1151 3823 1172 3856 c.
1193 3805 1289 3859 Essem.

274 3886 349 3940 θην.
363 3899 388 3940 ct
402 3887 497 3943 blorell.
533 3889 594 3942 l'um
613 3895 777 3964 impedituris
786 3887 840 3944 lllb.
877 3892 934 3944 llox
953 3911 985 3946 oc
1002 3907 1049 3960 pro
1067 3903 1143 3963 utque
1156 3893 1195 3946 A(
1226 3893 1290 3946 Dein

275 3981 365 4047 focan
382 3983 409 4026 ct
426 3979 451 4027 in
469 3991 541 4046 seqq.
560 3983 683 4032 torrendos
701 3993 747 4047 pro
766 3984 876 4033 tuendae
893 3979 960 4030 idem
979 3979 1051 4031 tiber.
1087 3979 1204 4031 Proximo
1222 3995 1288 4034 con-
