2880 4696
638 443 700 508 too

157 608 247 674 deum
269 609 390 686 nititur,
420 605 451 670 in
474 621 564 668 socco
587 609 618 666 et
638 604 668 666 in
691 603 793 666 cinere
823 599 985 678 volutatur,
1015 599 1175 662 exomolo-

158 725 257 809 gesim
292 721 406 786 iaciens
440 719 576 784 dolenter
612 726 643 781 et
679 703 782 779 dicens
800 711 847 792 6);
881 714 1014 777 Domine
1035 707 1061 791 ⁷)
1100 715 1176 775 dens

158 859 291 922 macrias
315 845 344 900 et
362 835 459 916 sortis
483 843 512 898 et
533 833 728 909 metuendas,
759 832 813 912 qai
835 849 944 892 servas
967 837 1179 892 testamentum

160 964 192 1018 et
217 953 451 1016 miserationem
482 951 545 1026 eis,
576 949 630 1028 qai
662 955 689 1008 te
717 946 848 1026 diiipant
870 953 899 1006 et
920 951 1105 1007 conservant
1125 943 1178 1003 in-

132 1081 147 1124 ⁵
158 1070 255 1150 peria
280 1077 344 1144 tac,
364 1064 573 1144 peccavimus,
594 1060 724 1142 facinus
741 1058 934 1134 admisimus,
957 1057 1038 1138 inpii
1050 1055 1178 1134 seimus,

161 1182 357 1265 tramsqressi
386 1199 493 1244 sumas
522 1197 560 1240 ac
589 1176 782 1239 deseruimus
808 1181 980 1253 praecepta
1001 1178 1054 1234 tao
1076 1178 1106 1232 et
1128 1171 1178 1234 irt-

162 1301 250 1364 dioia
272 1307 345 1375 tao,
369 1315 433 1358 aon
455 1292 634 1356 audicimus
656 1289 752 1352 cerba
769 1307 939 1367 pactorum
962 1296 1083 1350 tuorem
1101 1305 1179 1365 pro-

54 1431 57 1438 ·
159 1417 345 1496 pictarum,
377 1427 458 1490 qnae
487 1404 583 1470 locati
604 1411 678 1467 sont
697 1405 731 1464 in
752 1401 874 1466 nomine
901 1409 953 1464 tao
975 1419 1071 1480 saper
1093 1419 1182 1481 repes

161 1536 293 1593 nostros
317 1533 347 1586 et
368 1540 472 1585 omnes
494 1525 599 1600 pentes
622 1524 652 1579 et
673 1533 768 1594 saper
791 1533 907 1577 omnem
932 1521 1055 1576 terram.
1101 1510 1180 1588 Tibi,
1216 1537 1221 1548 ·

122 1659 149 1702 so
162 1642 307 1720 domine,
340 1633 461 1698 institia
476 1626 522 1710 ⁸),
549 1629 639 1694 robis
660 1636 763 1691 aetem
784 1627 938 1707 confasio.
983 1625 1065 1690 Haec
1085 1626 1181 1704 mites,

162 1895 198 1932 m.
224 1875 362 1946 repetitam
386 1867 442 1932 bic,
466 1865 575 1934 repetita
599 1860 649 1930 (pr.
674 1862 823 1931 repetitam)
842 1858 893 1910 ttb.
930 1857 988 1910 btox
1012 1862 1089 1914 asom
1114 1877 1182 1928 pm..

163 1965 264 2020 mereri
287 1957 346 2024 bid,
371 1953 517 2026 promereri
542 1951 677 2016 damietam
700 1948 731 2000 Α.
776 1944 878 1998 Deinde
903 1963 935 2000 ac
960 1949 1049 2000 cirtem
1066 1944 1106 1997 W.
1135 1945 1182 1998 tta.

162 2051 230 2116 ean,
249 2058 274 2104 et
284 2047 381 2102 'moero
397 2039 481 2104 bibed,
500 2047 524 2092 et
541 2039 631 2091 sinere
650 2036 711 2099 (sic)
724 2034 756 2100 A,
775 2037 803 2087 in
822 2037 910 2089 cilicio
929 2042 954 2087 et
970 2050 1049 2087 sacco
1068 2035 1182 2101 quinque

163 2141 224 2194 libri
241 2144 303 2190 vett.
323 2151 363 2202 ep.
376 2128 472 2194 Belua,
489 2131 519 2181 in
537 2129 634 2192 cinere,
654 2127 683 2177 in
701 2125 787 2176 cilicio
806 2122 923 2191 Seguier.
941 2119 1002 2173 ibid.
1034 2117 1107 2172 cnut.
1122 2118 1184 2189 Cep.
1280 2112 1282 2119 '

165 2223 274 2280 XXWll.
292 2241 318 2291 p.
338 2219 397 2272 192.
433 2216 523 2270 Statim
540 2221 599 2282 post
625 2208 887 2281 exomologesim,
914 2211 1130 2277 onomatonpesin
1154 2207 1186 2274 (n

169 2314 236 2368 tineii
254 2329 287 2366 ex
303 2330 330 2366 m
347 2324 394 2377 per
412 2322 461 2359 res.
481 2304 569 2368 enam)
587 2301 640 2367 bio,
660 2301 878 2369 ecbamolopteim
896 2296 952 2362 bib,
972 2297 1186 2366 eabomotopesin

169 2402 212 2467 W,
228 2404 289 2453 item
307 2397 364 2450 edd.
377 2402 450 2460 vett,
467 2389 720 2460 eaebcmoioqeeisse.
756 2386 786 2452 6)
799 2385 889 2438 Daniel
903 2384 959 2450 e‚t
976 2400 1046 2453 seqq.
1082 2382 1111 2448 t)
1125 2388 1185 2438 Do·
1268 2423 1270 2434 .

166 2495 238 2547 ntes
254 2487 294 2542 W.
313 2485 393 2538 Meci.
412 2481 458 2535 Bb.
477 2481 500 2534 Α
518 2498 539 2533 c.
560 2480 618 2532 edd.
637 2476 798 2529 Balneieoem
822 2471 1042 2526 antecedentibus.
1079 2469 1187 2522 Gravius

167 2578 264 2632 deinde
281 2591 373 2646 maone
391 2596 425 2612 ὼ
443 2572 584 2633 metense,
603 2567 635 2618 W
652 2553 734 2638 sortis
752 2575 776 2619 et
794 2581 906 2634 maanus
924 2563 1131 2623 amaricosius,
1149 2557 1187 2609 Bn

166 2671 252 2742 fortis
274 2677 299 2721 et
321 2674 414 2736 potens
441 2669 466 2715 et
488 2660 659 2721 metuendos,
684 2654 742 2706 Ver.
769 2668 818 2705 om.
836 2661 860 2706 et
885 2653 1047 2705 metuendas.
1083 2647 1188 2716 Legitur

168 2774 211 2826 η).
230 2753 316 2808 LXX:
335 2747 409 2816 Κύριε
426 2745 442 2798 o‘
459 2743 515 2803 θεὸς
531 2742 547 2794 ὅ
563 2747 636 2812 μέγας
654 2745 692 2792 καὶ
711 2738 842 2805 &caprasio
886 2737 947 2789 Tum
965 2752 1012 2806 pro
1030 2753 1127 2791 servat
1145 2731 1188 2785 Md

168 2854 199 2898 et
215 2852 267 2896 tres
286 2841 361 2894 codd.
379 2837 508 2890 baluziani
520 2833 614 2886 hebent
626 2833 757 2900 disponis,
777 2828 834 2882 edd.
847 2835 920 2891 vett,
940 2834 967 2877 ut
980 2831 1099 2894 quattuor
1112 2819 1185 2873 codd.

168 2933 268 3001 euicui
293 2927 428 2982 eBeiueio
453 2921 566 2985 excussi,
591 2935 688 2974 servae
709 2920 753 2972 cet
777 2919 899 2986 disponis
926 2899 989 2975 (fron
1007 2920 1031 2966 et
1051 2913 1136 2977 disp,
1162 2914 1190 2958 ut

169 3021 238 3077 mete
265 3019 366 3086 scripsit
391 3011 498 3074 Baton).
543 3007 603 3060 Post
631 3022 683 3074 seq.
710 3020 768 3056 voc.
796 3011 978 3058 testamentum
1005 2994 1188 3067 praeeuntibus

168 3111 244 3164 libris
256 3107 296 3158 W.
314 3095 536 3156 mancatione.
556 3095 629 3147 omisi
647 3103 728 3160 mam,
749 3089 816 3160 quod
835 3089 928 3156 primos
947 3101 979 3139 ex
995 3082 1095 3137 Cembr.
1114 3080 1190 3133 odie·

171 3206 244 3253 cerat
260 3193 391 3248 Pemelius.
428 3186 489 3238 Turn
513 3186 711 3238 miserationem
737 3195 783 3248 pro
804 3177 873 3246 vulg.
892 3175 1079 3230 miserationes
1103 3168 1191 3236 recepi

171 3303 206 3339 ex
231 3283 321 3338 iisdem
346 3276 421 3332 codd.
464 3271 522 3326 biox
543 3273 693 3340 inteitipant
710 3282 756 3336 pro
776 3276 800 3320 te
821 3267 933 3334 ‹tittpom
951 3260 1037 3314 scribit
1055 3256 1085 3310 Α.
1121 3256 1191 3309 idem
1299 3255 1310 3280 ‘

674 3363 692 3412 ἱ·
713 3357 808 3409 aetnae

172 3452 233 3515 post
250 3443 353 3512 imperia
371 3452 421 3491 om.
441 3444 499 3495 tam
528 3429 587 3480 dein
605 3426 681 3478 habet
698 3360 815 3495 facimus
833 3429 858 3474 et
876 3421 995 3490 sapimus
1014 3433 1059 3485 pro
1077 3419 1191 3486 ficimus.
1282 3488 1285 3496 1

174 3532 263 3585 Statim
288 3523 455 3595 transmissi
479 3523 620 3589 [iteramus
643 3511 690 3567 Bb.
715 3511 793 3562 Voce.
816 3515 956 3577 praecepta
984 3515 1029 3560 taa
1054 3531 1088 3542 -
1107 3535 1140 3544 —
1159 3529 1191 3539 -

175 3619 330 3674 andivimus
347 3615 428 3667 certa
446 3625 484 3676 pr.
505 3606 595 3658 omisso
613 3619 633 3656 r.
651 3619 684 3656 m.
702 3601 735 3652 ed
753 3614 803 3667 mg.
822 3595 921 3649 eddidit
941 3595 966 3646 in
978 3592 1033 3656 bic3
1052 3599 1077 3644 et
1092 3589 1194 3644 iusticie

176 3717 222 3762 trra
241 3703 333 3762 desunt
350 3701 377 3752 in
394 3698 425 3750 A.
461 3699 520 3750 was
536 3709 586 3744 om.
604 3690 653 3743 tta.
689 3687 746 3739 ttox
769 3689 850 3740 cerba
875 3698 926 3734 non
952 3684 1094 3750 agnoscunt
1117 3672 1193 3726 codd.

175 3795 265 3848 nonni.
302 3789 378 3844 Cuius
399 3800 456 3838 voe.
474 3782 532 3835 ioco
550 3797 570 3833 r.
590 3796 622 3830 nr.
641 3779 666 3828 in
685 3775 727 3826 tth
744 3771 922 3840 superscripsit
938 3774 1086 3839 praecepta.
1131 3758 1194 3812 Tum

176 3901 225 3938 mec
250 3895 397 3951 puerorum
425 3871 545 3928 exhibent
570 3867 611 3919 bid
637 3873 663 3917 et
686 3862 716 3914 A.
761 3860 826 3912 Dein
853 3862 1017 3928 profetarum
1044 3848 1130 3903 scribit
1152 3846 1193 3899 W.

178 3969 337 4038 Praepositio
357 3973 416 4016 ante
433 3963 537 4014 momine
556 3956 629 4010 abest
647 3950 679 4003 eb
698 3950 729 4001 Α.
765 3945 843 3999 Penio
860 3952 918 4013 post
936 3941 977 3993 bib
996 3938 1040 3990 det
1057 3941 1086 3990 in
1103 3951 1194 3990 omnes

179 4067 276 4128 oenus.
323 4053 353 4124 8)
378 4053 451 4115 rtet,
479 4050 596 4114 domine,
623 4043 670 4096 tibi
691 4039 796 4093 taetitia
812 4034 853 4087 W.
871 4029 969 4083 biabed.
987 4025 1034 4080 bb.
1052 4023 1075 4077 Α
1093 4039 1117 4076 c.
1135 4020 1194 4074 edd.
