2880 4696
696 379 741 450 Si

210 549 245 606 ιιι
274 539 404 609 aciamus
433 543 502 610 flios
519 541 572 614 ,do
602 541 660 609 deo
679 538 721 621 13)
753 543 920 628 inpetrasse
953 541 1035 624 quoti
1067 543 1226 628 postulant,

210 661 284 720 tnnc
304 656 406 722 lacero
428 658 509 739 quod
530 657 677 722 mandant

673 853 767 924 xvi.

298 993 406 1078 Neque
435 995 513 1060 cninn
541 997 640 1062 atatim
669 995 765 1062 videri
793 1001 894 1080 potest
915 994 1014 1062 divina
1035 995 1227 1078 maioolal01)

209 1127 388 1174 concessum
417 1110 498 1191 quod
528 1110 619 1176 fucrit
648 1111 775 1176 bumana
803 1111 1017 1194 pollicitatione
1039 1113 1225 1196 promissum.

180 1225 284 1290 oliam
314 1231 346 1288 ct
363 1221 392 1304 2)
419 1225 541 1309 Moyses
572 1244 627 1308 pro
649 1227 782 1309 pcccatis
803 1225 905 1309 populi
928 1227 1018 1308 petit,
1048 1243 1106 1290 nec
1127 1232 1226 1290 tannen

208 1340 402 1422 peccantibus
426 1343 551 1422 veniam,
574 1360 640 1418 cuin
665 1343 798 1425 petisset,
820 1341 943 1424 accepit
985 1337 1112 1420 Precor,
1136 1337 1226 1421 ιη’),

208 1455 342 1536 dominc,
365 1456 495 1539 deliquit
513 1457 649 1538 popolus
670 1456 720 1519 bic
742 1455 886 1519 delictam
906 1456 1034 1538 monde,
1058 1451 1125 1535 αι’)
1143 1473 1228 1520 nanc

207 1570 239 1631 ai
262 1569 392 1634 dimittit
422 1572 486 1649 cia,
517 1570 661 1636 delictam
689 1571 825 1644 dimite„
854 1570 906 1633 ain
936 1578 1053 1649 octena,
1082 1570 1150 1636 delo
1179 1590 1226 1634 nnc

207 1683 246 1746 dc
269 1682 347 1748 libro
360 1682 398 1763 ⁶),
422 1703 511 1766 pacm
533 1685 699 1766 acaipaiatt'.
736 1683 779 1748 tte
798 1683 883 1762 dicit
903 1683 1046 1749 dominon
1069 1685 1112 1748 od
1133 1683 1224 1768 Moy-

165 1812 194 1856 ιι
206 1816 265 1862 aen
278 1793 325 1876 ⁶).·
342 1798 381 1862 ‘st
402 1801 456 1882 pat
479 1799 611 1882 deliquit
628 1793 655 1879 ⁷)
678 1806 749 1864 onte
770 1817 834 1880 mo,
857 1799 976 1864 dotem
997 1817 1065 1864 com
1086 1800 1124 1863 cic
1146 1797 1225 1864 libro

208 2041 255 2110 1³)
274 2047 306 2100 ilc
323 2047 426 2100 domino
445 2041 505 2098 vta.
523 2041 605 2113 Ncap.
625 2041 672 2096 bb.
691 2041 739 2096 blc.
776 2041 836 2096 blox
852 2052 877 2098 ct
894 2053 957 2099 tanc
975 2042 1006 2096 Α.

277 2129 344 2184 xvi.
363 2131 392 2200 1)
410 2134 441 2187 cta
459 2133 550 2186 iliam
566 2134 704 2185 maiestate
721 2128 780 2182 cdd.
798 2138 825 2181 ct
842 2127 955 2182 nonnulli
973 2127 1049 2182 codd.
1080 2127 1132 2182 Sed
1147 2143 1225 2198 prae·

206 2221 302 2290 positio
319 2221 412 2272 merito
429 2217 502 2272 abeat
520 2233 536 2270 a
551 2215 593 2270 W.
609 2217 672 2270 blac.
692 2215 739 2270 Bb.
757 2216 795 2281 Α;
812 2227 955 2288 moputcto
971 2215 1058 2269 scribit
1075 2215 1124 2284 lla,
1142 2225 1170 2269 nt
1188 2226 1227 2270 ent

206 2308 233 2360 in
251 2306 310 2360 add.
330 2315 389 2360 anta
406 2304 495 2359 llamb.
531 2303 561 2373 2)
582 2313 606 2359 ot
624 2319 673 2356 om.
693 2301 742 2356 llo.
778 2300 840 2355 Tum
858 2317 905 2372 pro
923 2302 991 2372 vulg.
1008 2305 1083 2373 potiit
1099 2319 1130 2357 ex
1145 2303 1225 2356 llabc.

207 2392 415 2447 tinnibunt.
435 2401 461 2446 at
484 2391 582 2446 blorcll.
607 2393 694 2461 roccpl
716 2396 779 2462 pctit
803 2391 851 2458 (ita
876 2407 913 2460 pn.
939 2393 1015 2444 ctiam
1032 2389 1092 2458 W),
1118 2391 1152 2443 da
1177 2407 1226 2461 qna

206 2489 338 2536 contracta
354 2480 465 2550 pantccti
482 2480 563 2534 forma
580 2480 633 2535 nid.
647 2477 798 2549 Wagner.
817 2479 873 2532 libr.
887 2496 909 2532 c.
921 2496 946 2549 p.
962 2479 1021 2532 tot.
1051 2478 1110 2532 blox
1127 2489 1226 2534 tontum

204 2586 254 2640 pro
277 2581 362 2625 tanton
384 2568 464 2622 babet
486 2567 536 2621 itt.
573 2567 653 2622 llbcat
675 2571 848 2640 peccantibue
873 2583 889 2620 a
912 2567 961 2621 lla.
998 2566 1064 2620 Dcin
1086 2571 1226 2638 petivisset

205 2659 295 2712 neritii
311 2656 342 2710 Α.
378 2656 407 2724 3)
424 2654 506 2709 nxoc
525 2655 575 2722 ³2,
601 2654 713 2709 31-33.
750 2653 778 2708 ln
796 2654 836 2708 lic
853 2655 918 2710 baca
936 2657 970 2709 ita
993 2655 1126 2726 leguntur:
1152 2657 1224 2710 Pac-

205 2748 286 2814 cccit,
305 2747 351 2812 cit,
371 2747 482 2811 donnino,
498 2747 616 2816 popolus
633 2747 685 2810 bic,
704 2747 828 2800 dctictmn
849 2747 955 2800 dimitto
985 2748 1144 2812 staunton,
1161 2746 1223 2799 dcta

205 2829 243 2883 aa
267 2828 345 2883 habat
366 2833 481 2896 domino,
507 2832 609 2885 omino
633 2837 660 2883 ct
676 2845 724 2899 pro
741 2834 841 2902 prom
858 2828 896 2883 Bb
915 2849 1046 2902 mantnano.
1081 2829 1226 2900 legabatur

205 2927 265 2971 anta
282 2917 375 2971 Manui.
393 2921 437 2974 bio
454 2920 569 2989 popolus
587 2921 709 2974 delictum
727 2919 834 2989 pondo.
869 2917 928 2971 Voc.
947 2920 1071 2973 delictam
1095 2918 1168 2970 abcot
1192 2915 1224 2970 ab

205 3004 247 3058 ccl.
266 3004 386 3058 Davcntr.
420 3002 518 3058 Verba:
543 3014 568 3059 ot
590 3009 711 3075 fecarunt
727 3008 784 3060 citi
800 3008 864 3059 ticoa
882 3021 995 3070 concon,
1021 3020 1087 3076 quaa
1112 3006 1137 3056 in
1156 3020 1223 3057 non·

203 3091 279 3145 nullia
297 3090 368 3145 libain
384 3091 485 3160 scriptio
502 3098 530 3143 at
553 3091 628 3144 aditio
654 3091 796 3158 adduntur,
821 3091 914 3145 desunt
938 3091 964 3143 in
989 3089 1063 3144 codd.
1082 3089 1122 3144 W.
1141 3089 1223 3146 blaccl.

204 3179 275 3246 Bab,
299 3181 325 3232 in
343 3179 544 3249 quattuordecim
562 3178 705 3233 baluziania
724 3187 751 3232 at
773 3182 798 3234 in
816 3188 877 3233 nott.
897 3180 972 3247 colb,
997 3181 1058 3233 item
1080 3181 1105 3232 in
1124 3177 1223 3234 Eraam.

204 3267 280 3320 Gran.
299 3275 375 3336 atqua
394 3265 487 3320 Manat
523 3265 639 3320 Ceterum
653 3266 694 3320 bib
714 3276 741 3321 ct
759 3269 860 3339 qnidam
877 3269 933 3322 libri
951 3285 1011 3342 ¹tanao.
1030 3267 1160 3323 aBalunio
1178 3271 1220 3321 in·

203 3356 287 3424 spacti
304 3363 363 3424 pont
381 3371 479 3410 amoc
498 3355 618 3408 adiiciunt
635 3367 659 3411 ct
671 3367 816 3429 arpontcoa.
845 3356 884 3410 Ex
896 3356 935 3410 bia
947 3359 1008 3411 tatia
1021 3353 1126 3426 intelligi
1138 3363 1224 3425 potcat

203 3451 285 3495 totum
298 3441 349 3494 boc
361 3443 528 3508 enuntiatum,
546 3458 597 3514 qno
611 3458 675 3512 opna
687 3460 738 3497 non
753 3453 801 3512 cat,
815 3461 847 3498 cx
856 3461 934 3515 marg.
945 3447 970 3498 in
979 3443 1222 3511 textumirrapaiaaa.

204 3527 657 3600 Qnanoaxpnnpcntlumputavimna.
682 3532 931 3600 liotonn.blbctb.
955 3531 1222 3587 Dainnoocttntnce

205 3616 328 3671 exhibant
340 3617 381 3672 W.
393 3616 429 3671 Ba
449 3625 476 3672 ct
494 3633 564 3688 apr.
582 3635 615 3671 nn.
630 3617 686 3683 lla3
704 3622 732 3672 in
749 3635 799 3690 mg.
817 3628 901 3674 autent
912 3620 973 3675 Wa
990 3639 1010 3675 r.
1028 3639 1061 3675 m.
1080 3624 1221 3676 dimittent.

203 3703 241 3757 lta
260 3713 286 3758 at
303 3704 345 3758 bla
362 3707 388 3759 in
406 3705 461 3761 ord.
480 3723 512 3760 cx
529 3715 617 3760 mutat.
636 3723 656 3761 n.
675 3724 707 3761 m.
751 3707 780 3778 5)
798 3707 822 3761 Δ
841 3713 872 3764 ilc
895 3714 963 3766 iiico
981 3728 1040 3766 coo.
1076 3707 1127 3762 Sod
1145 3707 1221 3763 ncnibi

204 3793 288 3860 potina
307 3792 431 3847 dcbnanat
448 3805 502 3849 tno.
538 3793 711 3848 liabentbllll
724 3786 1110 3863 ἔκτῆςβίβλουσουῆςέγραψας-
1139 3793 1244 3848 Oete-¹

204 3895 260 3932 roan
276 3884 308 3936 da
322 3884 400 3945 libro,
419 3899 494 3952 quom
507 3885 647 3953 accipciati
660 3883 719 3934 itam
732 3882 826 3952 legitur
837 3885 864 3936 in
876 3885 951 3953 epist.
963 3884 995 3936 ad
1009 3881 1137 3936 Fortunat.
1155 3879 1217 3950 Gap.

204 3963 247 4019 lv.
266 3975 294 4020 at
308 3968 343 4030 acl
357 3967 452 4034 Qitlrin.
464 3967 484 4022 l.
498 3969 531 4064 1.¹
560 3969 588 4036 6)
601 3973 635 4024 oct
648 3973 764 4040 Mopsum
776 3969 823 4024 llc.
859 3970 889 4036 7)
907 3975 936 4027 ai
952 3973 1055 4042 puipro
1067 3971 1166 4042 cipitia
1178 3967 1219 4022 tt.
