2880 4696
702 324 783 394 ite

219 485 335 550 venire.
380 485 464 550 liene
494 492 525 550 et
555 485 663 550 secturi
692 484 813 548 uetuere
842 490 889 548 est
904 479 948 563 ²),
978 490 1009 546 et
1036 484 1169 548 eversuri
1198 503 1234 548 ee

219 601 388 684 neglegere
417 599 517 664 letele.
561 600 594 662 le
618 599 740 680 pseluris
763 598 893 679 loquitur
915 599 1036 680 spiritus
1058 597 1233 678 senctus³):

220 713 382 778 Cemtieete
412 715 633 794 disciplinam,
665 733 704 776 ae
730 713 815 792 sorte
842 713 1001 776 irascetur
1030 709 1235 776 demimee'et

213 829 354 907 pereatis
377 847 397 890 a
418 830 472 892 eia
493 835 580 892 recia
591 825 628 905 ⁴),
653 847 721 889 eum
740 827 898 892 exarserit
911 828 973 890 cite
991 827 1042 889 ire
1057 826 1124 889 eius
1137 843 1233 904 seper

188 960 283 1005 sees.
328 941 365 1004 Et
395 943 503 1004 iterum
519 938 561 1018 5);
589 940 753 1002 Peccatori
775 947 876 1002 aetem
899 939 984 1002 dicit
999 933 1026 1018 ⁶)
1050 940 1136 1002 dees.
1181 937 1233 1000 Ad

215 1055 293 1137 quid
308 1047 334 1131 7)
365 1053 502 1133 ecpemie
532 1053 770 1132 iustificationes
799 1071 884 1116 meae
911 1059 941 1114 et
970 1052 1108 1116 adsume
1136 1061 1231 1118 tesia·

214 1177 348 1232 meatum
369 1187 467 1230 meum
495 1163 560 1246 per'
582 1186 618 1230 es
648 1167 757 1229 taum?
812 1166 857 1228 Te
886 1175 987 1228 aetem
1002 1159 1030 1244 8)
1059 1168 1153 1230 edisti
1181 1168 1231 1228 di-

147 1347 154 1358 ,
213 1283 379 1363 sciplieam
401 1287 430 1341 ei
457 1279 598 1342 abiecisti
620 1298 778 1341 sermones
807 1298 891 1340 mees
918 1287 1010 1340 retra.
1062 1279 1099 1342 Ei
1129 1281 1230 1346 denuo

213 1395 340 1478 legimus
353 1389 396 1472 ⁹):
419 1393 627 1473 Disciplinam
649 1393 703 1473 qai
725 1392 821 1456 abicit
834 1387 876 1472 ¹⁰)
900 1393 1015 1474 ieselic
1038 1401 1091 1456 est.
1136 1393 1172 1456 Et
1190 1395 1228 1456 de

175 1527 201 1572 re
216 1508 375 1574 Salomone
390 1505 427 1586 ¹¹)
449 1506 585 1568 meudete
608 1505 771 1588 supientiae
786 1507 1133 1596 monentiseccepimus:
1156 1509 1229 1586 Fili,

212 1643 252 1688 ac
275 1622 447 1704 cepicperie
470 1617 511 1700 ιἵ)
541 1621 741 1702 disciplinam
764 1622 900 1700 domici,
933 1641 990 1686 ecc
1013 1623 1168 1702 defeceris
1190 1622 1229 1686 alr

281 1868 311 1938 2)
330 1866 385 1920 em.
407 1866 438 1920 A
473 1867 539 1920 Dein
557 1871 698 1923 eicerem-i
716 1868 776 1920 deut
794 1868 854 1921 llbd
880 1876 907 1920 et
923 1869 962 1936 A,
987 1870 1136 1938 quibuscum
1162 1885 1227 1924 cen-

210 1957 307 2025 spireei
326 1956 384 2008 ced.
404 1955 429 2009 S.
446 1954 578 2024 Arnulphi‚
597 1954 673 2008 Becc.
693 1956 788 2010 Thuen.
806 1955 915 2024 Ferret,
933 1974 982 2008 nec
1000 1957 1074 2009 aliter
1091 1957 1184 2026 legitur
1201 1959 1226 2009 ie

210 2043 268 2096 edd.
286 2043 408 2096 Deventr.
428 2053 454 2095 et
470 2042 568 2096 llorell.
604 2045 694 2097 Statim
713 2056 736 2098 el
753 2049 886 2116 aepiipere
905 2046 1080 2111 exhiberem,
1105 2047 1227 2098 mendose

207 2135 324 2203 meqliere
340 2129 372 2183 A.
408 2130 524 2184 Formam
541 2136 676 2203 aeplepere
694 2148 740 2200 pre
759 2134 827 2203 vulg.
846 2137 975 2206 septipere
993 2136 1080 2202 recepi
1100 2149 1132 2185 ex
1151 2133 1182 2182 W
1202 2141 1227 2184 et

207 2217 274 2272 Mae.
315 2220 405 2272 laetale
424 2221 473 2286 (ile
492 2219 557 2270 llcd.
576 2217 598 2269 A
617 2227 643 2270 et
660 2236 697 2287 pr.
717 2219 749 2270 W
771 2237 793 2272 c.
813 2221 867 2290 Mb)
892 2221 1050 2273 scribendum
1078 2236 1150 2284 esee,
1174 2235 1225 2271 nou

206 2313 309 2377 ietltele,
329 2316 357 2360 ut
368 2307 434 2360 eelet
447 2305 573 2371 Beluziue‚
590 2310 685 2359 monuit
697 2307 869 2378 Kreyssigi
878 2326 910 2361 ue
925 2307 1065 2360 comment.
1079 2307 1110 2358 de
1124 2306 1152 2359 C.
1166 2306 1224 2358 Sel-

206 2395 265 2449 lust.
284 2394 365 2464 Criep.
384 2395 471 2449 hister.
489 2394 542 2447 Lib.
562 2394 604 2448 111.
623 2394 724 2466 Fregm.
744 2407 792 2450 etc.
812 2415 836 2466 p.
859 2397 916 2450 146.
945 2399 993 2450 155
1023 2407 1048 2449 et
1075 2398 1134 2449 215.
1159 2395 1222 2448 Flu-

206 2491 294 2536 ctueut
312 2486 338 2535 in
351 2483 389 2536 his
402 2482 486 2535 Nostri
503 2483 571 2536 libris
591 2485 664 2538 cedd.
679 2502 736 2539 mss.
756 2487 849 2555 ubique
868 2485 924 2537 lere
944 2488 1010 2538 inter
1027 2488 1111 2552 letale,
1131 2487 1225 2538 lectule
1298 2479 1302 2487 ¹

206 2574 257 2640 (ite
275 2569 300 2626 h.
318 2571 334 2624 l.
354 2571 394 2623 lle
413 2579 439 2623 ei
456 2570 489 2638 Β)
510 2581 536 2624 ei
554 2577 655 2640 lectule,
676 2575 744 2645 qued
764 2593 778 2626 e
798 2592 817 2627 r.
836 2593 868 2627 m.
887 2574 1025 2627 hebentW
1044 2583 1070 2626 et
1089 2574 1137 2628 Mb.
1167 2572 1223 2624 Ad-

205 2663 274 2713 ditur
291 2671 331 2716 cst
348 2661 374 2712 iu
392 2659 458 2713 libre
476 2662 622 2714 novissime.
660 2662 698 2716 Cl.
718 2664 781 2715 inire
800 2664 832 2715 ed
852 2663 913 2732 Cep.
932 2663 961 2716 X.
980 2680 1005 2716 u.
1028 2662 1066 2714 14.
1112 2660 1142 2730 3)
1160 2663 1222 2730 epi-

204 2754 278 2804 ritus
296 2758 406 2803 semeles
426 2751 517 2804 diceres
535 2750 595 2802 Ver.
633 2751 691 2803 Vid.
710 2751 802 2804 Pselm.
822 2753 848 2818 2,
868 2753 978 2804 12-13.
1015 2751 1043 2820 4)
1062 2755 1093 2806 de
1110 2754 1155 2804 eiu
1173 2747 1223 2799 lild.

204 2841 325 2960 Delum
341 2847 415 2962 iiiii
438 2909 496 2961 eod.
515 2907 541 2961 S.
560 2907 696 2976 Aruulphi‚
721 2913 794 2964 iuste
812 2911 843 2962 A.
879 2909 927 2962 Pre
946 2916 997 2965 cite
1016 2911 1057 2963 lib
1076 2919 1102 2962 et
1119 2910 1176 2961 liet.
1196 2908 1220 2959 2.

204 2998 232 3050 im
252 2999 326 3051 brevi
344 3005 369 3048 et
387 2999 430 3051 dei
446 3013 492 3064 pre
511 2999 571 3050 eires
590 2995 620 3049 A.
657 2997 746 3048 Statim
766 3015 850 3068 seper
867 3018 917 3054 ees
935 2999 976 3050 W.
996 2999 1045 3049 lte.
1083 2999 1111 3065 5)
1130 2995 1221 3049 Pselm.

203 3085 249 3151 49,
269 3085 379 3136 16-17.
425 3083 456 3153 6)
477 3087 541 3139 dieii
557 3083 598 3136 W.
617 3083 699 3138 llebc.
719 3084 749 3137 A.
784 3085 847 3138 Tum
870 3091 993 3142 demimus
1017 3103 1063 3155 pre
1087 3090 1153 3140 deae
1171 3084 1219 3137 llic.

203 3245 234 3305 ’7)
255 3182 288 3297 Si
311 3246 374 3313 quid
397 3241 439 3311 (ei
456 3257 470 3295 a
488 3259 509 3296 r.
527 3259 560 3296 m.
580 3245 719 3314 euperem.)
738 3245 792 3312 lte,
817 3256 847 3301 at
871 3250 933 3317 quid
952 3246 1024 3299 cedd.
1045 3247 1069 3299 S.
1087 3246 1219 3317 Arnulphi‚

203 3330 281 3386 Bece.
299 3331 355 3398 lid,
374 3332 435 3384 item
453 3331 511 3384 edd.
529 3341 592 3387 vett.
611 3333 708 3388 limem.
728 3334 801 3388 Grev.
821 3335 934 3401 llorell.‚
953 3339 987 3389 ed
1004 3337 1032 3402 (e
1051 3351 1116 3388 cerr.
1135 3336 1166 3388 el.
1186 3346 1218 3388 m.

792 3429 836 3480 eei
853 3429 967 3496 superuis

203 3494 231 3546 iu
254 3491 350 3557 litare)
368 3493 430 3563 qaid
454 3502 483 3548 tu
507 3497 621 3561 expertis
639 3494 681 3546 W.
699 3525 733 3534 -
752 3505 781 3550 ta
853 3514 966 3550 errurras
985 3497 1021 3562 B,
1046 3512 1162 3566 eoepemee
1180 3511 1219 3562 pr.

203 3579 254 3632 lib.
290 3580 358 3633 Dein
376 3584 497 3636 smmis
516 3582 595 3652 (vulg.
615 3584 749 3649 assumis)
763 3583 796 3634 W
809 3590 835 3634 et
846 3583 895 3649 Me,
915 3589 1039 3639 edecimes
1051 3585 1101 3635 Mb.
1136 3583 1219 3652 itm
1278 3649 1282 3662 ἱ

203 3686 267 3723 aare
293 3667 359 3721 libe.
404 3668 466 3722 Tum
490 3674 632 3740 proiecisti
659 3671 699 3724 ed.
725 3671 848 3724 Deveutr.
889 3673 989 3724 Deinde
1012 3681 1162 3726 retrorsum
1187 3671 1218 3737 A,

203 3768 264 3828 pert
280 3768 305 3813 ie
322 3758 387 3812 libe.
434 3757 464 3826 9)
483 3757 543 3828 Sep.
562 3758 588 3824 3,
608 3759 648 3812 11.
694 3759 739 3828 10)
757 3763 851 3816 eiieeit
867 3761 923 3826 lile,
948 3764 1027 3816 elicit
1049 3758 1104 3810 rell.
1122 3774 1217 3812 omues

203 3843 278 3913 Vulg.
298 3849 394 3900 abiicit.
431 3846 520 3900 Statim
537 3849 652 3918 imfeeiier
668 3846 715 3899 lic.
764 3848 808 3914 tl)
827 3855 959 3905 eeieureee
977 3847 1027 3898 Mb.
1063 3845 1120 3898 llex
1139 3852 1216 3900 ecci·

202 3936 291 4002 pimus
309 3933 348 3987 W.
368 3933 397 3986 B.
417 3933 482 3987 iled.
498 3934 529 3988 A.
565 3935 621 3988 viu.
640 3934 714 3988 Prev.
733 3935 758 4003 3,
778 3937 888 3990 11-12.
931 3935 976 4000 12)
995 3949 1048 3986 een
1064 3936 1216 4002 respiceres-ie
