2904 4692
229 558 334 635 tegere
357 569 392 614 se
415 568 469 614 cos
501 549 588 628 dicit,
620 549 670 630 qui
692 548 851 611 iniustitiae
874 549 972 612 nodos
996 547 1034 612 de
1065 551 1159 616 corde
1181 554 1247 617 sol-

229 672 335 746 ventes
370 670 399 726 ct
430 663 638 744 eleemosynas
669 661 747 724 circe
779 661 961 725 domesticos
999 659 1048 725 dei
1082 664 1247 730 secundum

228 779 293 840 eius
323 783 484 860 praecepte
516 774 678 853 facientes,
711 773 779 838 dum
810 773 1034 856 audientquod
1059 776 1133 842 deus
1154 797 1245 860 pree-

227 893 296 973 cipit
318 891 400 969 lieri,
429 890 487 971 ipsi
516 904 638 968 quoque
709 887 768 950 deo
800 893 952 950 merentur
982 887 1086 952 rodni.
1139 890 1246 956 lleetas

227 1005 379 1088 apostolus
413 1001 520 1068 Peulus
551 1001 581 1063 in
604 1000 785 1064 necessitate
815 1017 978 1082 pressurae
1002 1001 1117 1066 adiutus
1140 999 1156 1066 e
1176 994 1245 1068 111-

226 1118 320 1180 tribus
337 1133 428 1197 opere
442 1109 469 1190 ⁹)
493 1133 570 1194 onec
593 1113 666 1176 liunt
689 1112 833 1187 secrillcie
857 1113 906 1176 dei
929 1113 1003 1179 dixit
1025 1132 1103 1178 csse.
1147 1117 1244 1180 Sata-

225 1239 317 1293 rates
339 1249 417 1305 snm,
440 1227 534 1308 inquit
551 1222 599 1305 ¹⁰),
621 1226 778 1306 recipiens
794 1225 834 1288 od
858 1225 1079 1305 Epaphrodito
1103 1247 1141 1290 ea
1164 1248 1244 1309 paee

225 1364 245 1406 a
268 1343 357 1406 codis
380 1341 480 1403 minsa
502 1347 592 1417 sant,
618 1340 747 1402 odorere
769 1339 950 1417 coecitatis,
973 1341 1165 1420 sacrificiunt
1188 1361 1243 1405 oc·

223 1464 342 1537 ceptam
364 1463 394 1516 et
412 1452 564 1533 plectrum
586 1453 654 1514 dee.
700 1451 774 1516 Noni
797 1451 916 1532 quondo
933 1451 970 1530 ¹¹)
995 1455 1062 1533 quis
1085 1456 1243 1518 miseretur

223 1569 381 1652 perperis,
412 1566 499 1629 deum
525 1565 675 1642 leeneret;
707 1567 810 1646 etqui
833 1567 882 1630 det
910 1568 1036 1656 minimis
1061 1568 1118 1633 deo
1142 1570 1242 1650 donet,

224 1682 396 1765 spirituliter
420 1680 477 1744 dec
501 1681 654 1744 suavitatis
678 1679 801 1742 odorem
825 1681 979 1745 sacrificet.
1078 1736 1080 1742 .

222 1883 245 1928 et
269 1889 330 1928 ecee
354 1874 516 1940 repromittet
539 1869 587 1934 W,
614 1873 743 1940 prorntttr't
767 1869 861 1921 habent
884 1868 919 1921 Bc
945 1879 972 1922 et
996 1871 1069 1937 Med,
1097 1875 1157 1924 item
1182 1873 1240 1925 edd.

222 1957 317 2011 Ereern.
338 1967 364 2013 et
387 1959 545 2008 recentiores
571 1959 685 2023 exceptis
705 1953 790 2008 Belus.
810 1965 886 2028 etque
905 1957 996 2009 Goldh.
1034 1957 1108 2019 Quod
1128 1961 1241 2028 sequitur

222 2058 246 2100 at
263 2045 296 2097 el.
316 2063 347 2098 re.
364 2060 443 2116 'supra
463 2042 560 2094 eddidit
578 2046 603 2094 in
619 2043 658 2094 W.
696 2041 745 2096 Pro
762 2061 793 2096 ee
812 2043 906 2112 legitur
919 2054 942 2097 et
954 2045 978 2096 in
992 2044 1062 2096 libris
1076 2055 1135 2098 ente
1149 2045 1240 2098 llenut.

221 2131 304 2184 editis.
344 2131 458 2183 Proxime
478 2146 551 2198 pron.
570 2149 600 2184 ee
619 2145 668 2182 orn.
691 2130 739 2194 tin,
759 2147 804 2184 eae
823 2148 854 2185 se
871 2130 965 2183 hebent
984 2129 1019 2182 Bc
1039 2141 1065 2184 et
1085 2132 1156 2196 lled,
1176 2133 1242 2184 unde

221 2233 272 2271 non
299 2221 423 2270 immerito
448 2219 570 2285 orrepiceri
594 2219 677 2284 possis
701 2234 732 2271 ae
750 2233 782 2268 ex
800 2202 954 2285 glossemate
974 2217 1084 2278 fluxisse.
1123 2218 1150 2270 ln
1169 2235 1242 2288 seqq.

220 2323 250 2358 ea
273 2317 414 2376 praecepta
437 2304 566 2358 scribitrl
590 2321 699 2374 moxque
723 2310 845 2360 dominae
865 2305 910 2358 Bb.
946 2305 1006 2358 Tum
1032 2312 1168 2378 praecepit
1194 2325 1241 2358 sr-

219 2392 309 2444 hibent
329 2391 356 2443 C.
378 2392 426 2444 tto.
447 2392 510 2445 Beb.
531 2393 553 2443 Α
572 2402 598 2442 et
617 2395 710 2444 omisso
728 2397 787 2460 fim'
805 2390 859 2456 Bb,
886 2394 979 2462 inquo
999 2394 1093 2444 deinde
1118 2402 1158 2445 cet
1182 2412 1240 2448 nra-

218 2490 314 2534 rcntnr
338 2500 354 2532 a
379 2483 492 2532 denrina.
529 2477 594 2528 lllele
621 2497 636 2530 a
661 2481 707 2531 deo
732 2490 910 2532 incinerantur
935 2479 982 2530 det
996 2479 1034 2530 lle
1055 2489 1082 2530 et
1100 2485 1193 2535 andire
1210 2484 1240 2531 Α.

217 2569 248 2632 9)
268 2582 347 2637 opera
365 2581 414 2617 om.
436 2565 474 2636 n,
494 2582 586 2633 operae
605 2565 681 2616 hebet
700 2564 734 2628 C,
754 2582 831 2634 opere
851 2565 893 2617 Be.
930 2565 1047 2634 Erpnnxi
1066 2572 1149 2631 dona,
1171 2568 1240 2634 quod

218 2655 297 2706 tecite
316 2652 445 2703 edieceret
459 2650 591 2715 Pemeliue‚
610 2667 684 2718 quern
704 2654 784 2703 secuti
803 2661 859 2703 sont
878 2653 989 2706 editores
1007 2656 1178 2718 recentiores,
1197 2662 1238 2705 ut-

220 2748 280 2807 pote
300 2741 420 2790 omissum
438 2741 462 2789 in
482 2738 555 2790 codd
577 2737 700 2790 omnibns.
739 2737 800 2789 Tum
825 2743 867 2792 dai
891 2744 1026 2810 sacrificia
1050 2740 1144 2808 legitur
1163 2741 1188 2790 ie
1209 2741 1240 2804 Α,

221 2829 267 2886 deo
286 2827 310 2876 in
330 2823 357 2876 G.
379 2824 414 2876 Bc
434 2835 459 2878 et
478 2825 551 2892 Med,
570 2830 635 2880 dicit
654 2843 668 2877 e
687 2841 750 2878 corr.
771 2829 795 2877 in
816 2824 860 2877 Bb.
901 2827 945 2894 10)
964 2832 1124 2895 Sataratns,
1145 2831 1239 2895 incenit,

218 2930 280 2968 enm
299 2913 341 2966 Bc.
380 2913 437 2966 Vid.
459 2913 566 2981 Philipp.
586 2915 611 2978 d,
634 2914 671 2965 l8.
710 2913 773 2964 Dein
792 2917 943 2984 percipiens
961 2911 998 2978 A,
1018 2917 1173 2983 reaccipiene
1188 2910 1237 2982 lib.

218 2999 305 3050 Stetirn
331 3005 361 3054 al
382 3005 537 3071 ilipafrodito
556 3001 583 3052 C.
604 3000 643 3052 W.
664 3000 752 3052 Mende
779 3009 804 3052 et
825 2999 892 3063 Bac,
919 3005 950 3054 al
970 3003 1115 3070 Eplrafrod.
1136 2999 1194 3064 lllb,
1223 3019 1239 3052 a

218 3090 326 3156 Pafrad.
346 3085 392 3140 Bb.
430 3088 544 3139 Proxime
572 3109 587 3141 a
611 3092 687 3142 eradio
708 3089 736 3138 Α.
773 3086 834 3138 Turn
860 3090 939 3141 odore
958 3086 988 3137 W
1014 3095 1040 3138 et
1063 3086 1117 3150 lle,
1141 3073 1238 3140 'odorae

218 3171 282 3224 Cet
301 3173 355 3237 lle,
374 3185 506 3242 receptum
526 3173 578 3239 Bo,
598 3178 741 3242 placentem
761 3175 821 3236 (sic)
841 3173 872 3224 W
892 3182 918 3224 et
937 3173 1009 3239 rtet,
1032 3177 1141 3243 placens
1161 3170 1195 3222 Bc
1214 3180 1239 3222 ct

218 3259 290 3322 llcd3
313 3263 416 3312 adnare
435 3265 579 3314 enreitate'e
599 3265 732 3328 senipeta
751 3271 856 3330 accepto
875 3271 899 3314 at
913 3265 1031 3328 placente
1044 3264 1089 3314 deo
1104 3258 1160 3310 cdd.
1175 3255 1236 3308 Der.

217 3353 243 3396 et
262 3343 376 3410 Essene,
398 3349 477 3400 odore
494 3365 589 3410 reae,
609 3351 743 3415 sacrificio
762 3359 867 3417 accepto
885 3359 909 3401 ar
925 3351 1042 3417 placente
1061 3351 1106 3402 deo
1126 3345 1162 3397 ltt
1179 3345 1238 3396 edi-

216 3433 351 3500 tionesque
371 3430 415 3483 Sl’.
437 3432 527 3484 Venet.
547 3432 627 3484 lionn
647 3432 734 3485 llemb.
783 3435 827 3498 11)
854 3439 957 3505 qnando
983 3449 1033 3484 cm.
1061 3431 1095 3484 Bc
1121 3438 1147 3484 et
1171 3430 1236 3482 lllcd.

216 3516 289 3569 Tum·
305 3522 349 3588 pai
374 3518 469 3571 hebent
494 3520 567 3572 codd.
588 3535 676 3571 omnes
698 3529 802 3587 preeter
821 3519 855 3572 Be
875 3529 900 3574 et
920 3520 969 3572 nte.
1008 3519 1107 3571 Deinde
1125 3519 1239 3587 pauperi

216 3602 244 3656 C.
264 3604 360 3656 llecde.
381 3603 423 3657 Bc.
444 3607 482 3671 Α,
509 3610 672 3676 properiter
692 3606 732 3658 tlt
753 3616 779 3658 et
798 3606 843 3658 Be.
881 3605 967 3658 Stetim
986 3611 1033 3661 deo
1055 3604 1129 3656 codd.
1149 3618 1237 3654 cernes

215 3699 324 3758 excepto
344 3690 398 3756 Bb,
428 3695 469 3761 qui
494 3693 582 3744 scribit
606 3697 719 3748 domina·
757 3699 811 3748 Deo
833 3696 893 3745 item
914 3693 1035 3745 exhibent
1054 3692 1111 3744 edd.
1131 3698 1193 3742 vett.
1214 3706 1235 3741 c,

216 3775 314 3829 Eresm.
335 3778 409 3830 Grev.
432 3788 507 3847 etque
524 3779 631 3844 llorellc
651 3784 726 3835 unm
744 3781 839 3848 primus
859 3780 966 3831 dederet
984 3779 1109 3831 Manutius
1128 3791 1236 3845 eumque

214 3865 294 3915 secuti
313 3873 370 3915 sunt
389 3864 513 3918 Perneliur
532 3875 557 3920 et
575 3868 741 3934 posteriores.
779 3866 828 3918 Pro
848 3865 916 3934 vulg.
935 3871 1038 3936 seruat
1056 3866 1167 3935 (fenest
1186 3881 1236 3916 ex-

213 3953 305 4002 stetin
324 3955 359 4015 Α,
382 3957 521 4021 feneratur
539 3956 563 4005 in
583 3954 623 4005 ed.
645 3953 749 4022 Remo.)
769 3954 856 4021 recepi
873 3958 993 4022 faecem
1011 3969 1026 4003 e
1045 3950 1091 4003 Bb.
1129 3950 1167 4002 De
1186 3966 1235 4019 que
