2904 4692
740 375 802 444 132

257 536 429 619 pertinens,
462 553 548 617 quam
573 537 796 616 necessarium,
830 535 909 619 qood
933 539 1027 620 pestis
1056 539 1112 602 ista
1145 546 1175 602 et
1204 539 1281 620 lues,

260 667 336 732 quae
359 649 510 714 horribilis
534 656 564 712 et
588 648 690 712 feralis
714 650 849 731 videtur,
883 650 1021 732 explorat
1048 652 1186 716 iustitiam
1213 655 1281 718 sin-

258 765 396 848 gulorum
419 769 450 824 et
473 769 589 826 mentes
611 763 731 827 bumaui
753 766 876 848 generis
900 765 1067 846 examinat,
1098 785 1135 828 an
1158 767 1281 830 infirmis

259 879 391 940 serviant
413 879 488 957 sani,
512 897 548 940 an
572 877 733 960 propinqui
757 884 903 960 cognatos
927 879 977 959 pie
1000 879 1132 962 diligant,
1160 898 1196 942 an
1220 881 1279 944 mi-

258 970 415 1072 sereantur
438 1008 598 1054 servorum
620 991 824 1073 languentium
849 992 979 1072 domiui,
1013 1011 1050 1056 au
1082 992 1280 1078 deprecantes

259 1109 370 1188 aegros
393 1123 452 1168 non
478 1104 618 1168 deserant
642 1104 765 1184 medici,
798 1123 834 1168 an
859 1105 979 1170 leroees
1003 1107 1173 1172 violentiam
1196 1125 1280 1170 suam

259 1219 470 1300 comprimant,
509 1237 545 1282 an
582 1236 708 1300 rapaces
744 1220 885 1282 auantiae
922 1219 1049 1284 lureutis
1085 1222 1280 1286 insatiabilem

258 1351 378 1415 semper
400 1332 537 1396 ardorem
559 1333 607 1394 vel
630 1340 710 1395 metu
729 1333 834 1396 mortis
852 1333 1053 1416 exstinguant,
1077 1354 1113 1398 an
1130 1336 1279 1398 cervicem

258 1447 378 1510 lleetant
400 1447 536 1528 superbi,
560 1465 596 1509 an
622 1446 772 1508 audaciam
796 1445 909 1508 leniant
932 1448 1059 1529 inprobi,
1083 1466 1120 1510 an
1144 1467 1279 1530 pereun-

258 1561 336 1622 tibus
360 1561 437 1622 caris
459 1559 510 1622 vel
533 1561 576 1622 sic
599 1559 708 1640 aliquid
733 1559 840 1640 divites
861 1560 1025 1642 largiantur
1038 1569 1070 1623 et
1086 1561 1198 1624 donent
1213 1562 1279 1624 siue

260 1670 372 1734 herede
387 1664 557 1737 morituri?
602 1674 638 1735 Ut
661 1673 730 1735 nibil
754 1673 832 1736 aliud
857 1675 1018 1739 mortalitas
1037 1676 1092 1738 isto
1109 1676 1277 1754 contulerit,

259 1788 317 1851 boe
340 1787 511 1851 Christianis
542 1795 573 1849 et
604 1787 652 1849 dei
682 1789 779 1850 servis
809 1788 966 1869 plurirmm
996 1791 1161 1870 praestitit,
1196 1789 1276 1869 quod

257 1903 428 1985 martyrium
453 1903 606 1983 coepimus
629 1901 756 1963 libenter
779 1900 941 1983 adpetere,
975 1901 1043 1964 dum
1071 1909 1196 1966 mortem
1228 1903 1277 1964 di-

258 2021 367 2080 scimus
391 2033 450 2078 uon
475 2017 588 2078 timere.
632 2014 800 2076 Excessitia
824 2022 894 2078 suut
917 2015 1005 2078 uobis
1027 2017 1101 2092 ista,
1136 2033 1197 2082 uon
1227 2015 1278 2078 lu-

259 2149 331 2193 nera
344 2126 391 2207 ⁸t;
414 2129 484 2192 dant
505 2130 604 2192 animo
628 2127 807 2191 lentitudinis
826 2128 964 2211 gloriam,
987 2135 1157 2211 contemptu
1174 2129 1278 2193 mostis

258 2250 436 2326 praeparant
460 2244 495 2306 ad
519 2261 671 2306 eoronam.
1073 2224 1077 2232 ⁴

736 2440 799 2509 xil.
843 2475 846 2480 ·

246 2599 248 2603 ·
345 2586 404 2658 Sed
437 2583 565 2648 tortasse
596 2581 702 2661 aliquis
734 2583 869 2661 opponat
883 2581 907 2654 ¹)
942 2587 971 2654 at
1002 2581 1098 2644 dicat:
1133 2581 1197 2644 lloe
1230 2599 1278 2642 me

258 2735 466 2746 ——.--

257 2823 330 2876 relat.
352 2841 417 2893 puae
436 2830 494 2873 aute
512 2823 650 2876 terribilia
670 2821 788 2872 omissum
808 2822 832 2872 in
852 2819 908 2883 ab,
926 2827 1026 2871 enatum
1047 2835 1061 2871 e
1082 2839 1159 2891 param
1178 2821 1201 2870 in
1221 2817 1276 2883 blc;

258 2913 299 2965 lilb
318 2921 411 2975 autem,
431 2912 455 2961 in
475 2926 525 2978 quo
544 2925 581 2977 pr.
601 2908 734 2978 legebatur
752 2926 875 2979 quaeque,
895 2923 909 2958 a
928 2922 980 2959 see.
999 2923 1030 2959 m.
1048 2906 1127 2959 babet
1142 2923 1276 2977 parumque.

258 3001 336 3052 Voee.
356 3009 380 3053 et
397 3001 494 3067 feralia
513 3011 562 3049 om.
577 2995 616 3047 W,
653 2995 714 3047 Tum
729 2999 852 3065 explorat
863 2997 983 3048 iustitiae
997 3002 1079 3046 exstat
1092 2996 1116 3044 in
1130 2993 1188 3045 edd.
1203 2999 1277 3057 vett,

257 3087 352 3141 Erasm.
374 3095 399 3138 et
419 3084 492 3136 Grau.
530 3083 596 3135 loire
616 3082 674 3133 blbd
699 3083 812 3134 scribunt
832 3084 984 3137 menaea-r
1004 3099 1082 3136 auara
1103 3083 1276 3150 eoopriaaoat.

238 3175 336 3232 ‚Voce
361 3192 394 3227 aaa
417 3188 529 3240 ropoeea
554 3175 683 3224 cannatae
707 3175 823 3239 [urentia
847 3172 871 3221 iu
890 3169 931 3220 blb
950 3185 1003 3221 see.
1023 3180 1055 3219 m.
1075 3184 1152 3235 aupra
1172 3166 1275 3218 addidit.

256 3263 284 3314 lo
309 3277 380 3330 seqq.
406 3275 452 3328 pro
476 3263 575 3312 leniunt
599 3258 619 3308 Α
648 3257 753 3308 exbibet
777 3259 958 3326 comprimant.
999 3258 1177 3309 decanatiae
1202 3255 1226 3303 iu
1253 3251 1276 3304 Α

257 3356 402 3417 corruptum
415 3349 440 3398 io
452 3349 616 3417 parentibus,
637 3347 697 3396 item
710 3347 736 3396 in
749 3341 783 3394 lia
803 3349 877 3398 sorta
896 3345 921 3394 in
937 3345 1039 3396 euntia.
1076 3341 1133 3392 llox
1149 3343 1274 3409 iadipeaa-

255 3441 344 3502 tibua,
370 3435 436 3504 quod
457 3434 497 3485 ed.
517 3433 581 3484 Dav.
604 3439 663 3498 apte
687 3435 782 3487 diuites
806 3432 908 3494 inserit,
936 3429 993 3480 cod.
1013 3435 1097 3480 autem
1117 3425 1151 3477 lia
1170 3434 1197 3476 et
1215 3425 1274 3476 edd.

256 3525 330 3577 Grau.
350 3522 435 3573 baluz.
456 3530 532 3589 atque
551 3519 642 3570 Routb.
662 3526 720 3587 poet
737 3521 833 3572 divites
856 3519 1036 3583 interponunt,
1063 3515 1153 3565 merito
1177 3505 1275 3564 delevit

256 3611 432 3664 Goldhornius.
468 3609 545 3658 Voce.
563 3607 676 3673 proxima
696 3616 720 3660 et
739 3609 832 3659 doleant
851 3602 904 3668 (bid
923 3617 1056 3670 perperam
1075 3601 1152 3652 babet
1171 3604 1274 3654 um

256 3702 313 3766 tor)
332 3713 382 3749 om.
402 3695 482 3762 Neap.
520 3696 549 3762 8)
569 3699 622 3748 iata
640 3697 736 3762 fenera
755 3691 786 3757 Α,
807 3709 859 3744 nora
879 3693 940 3743 durat
958 3693 1055 3759 sonere
1073 3691 1171 3752 animo,
1191 3690 1274 3754 forti-

255 3791 356 3842 tudinia
381 3788 466 3854 pluria
491 3791 639 3846 eontanaptaa
663 3783 758 3833 mertia
782 3786 922 3847 praeparat
946 3779 980 3830 orl
998 3791 1123 3828 eoronam
1141 3773 1203 3841 (aie)
1223 3772 1278 3838 blb,

256 3881 426 3940 contemptum
447 3869 529 3920 Meet
550 3871 584 3931 Α,
605 3878 733 3936 conrepta
752 3864 797 3918 Bb.

326 3957 378 4008 llll.
416 3957 442 4023 1)
464 3967 576 4026 apponat
595 3955 644 4007 lib.
682 3953 761 4006 Deest
779 3969 841 4022 erpo
860 3953 886 4002 iu
904 3950 936 4004 Δ.
972 3948 1034 4001 Tum
1053 3949 1203 4002 mortalitas
1221 3949 1278 4000 iata
