2834 4686
734 385 798 452 est

255 546 354 609 Proat
368 541 396 620 9)
417 543 584 623 labuerit,
610 543 676 624 illi,
707 543 756 607 sic
776 545 842 626 fac.
888 542 923 606 Si
947 543 1003 606 tibi
1023 542 1123 621 suerit
1144 545 1278 625 copiosa

254 659 451 734 substantio,
483 657 557 738 plus
583 676 630 720 eo
665 656 722 720 illa
753 655 811 734 sac
845 656 1070 739 eleemosynam
1090 653 1137 730 ¹⁰).
1181 657 1218 718 Si
1238 655 1277 729 ¹¹)
1314 688 1317 698 ·

255 773 401 852 eeipuum
422 769 581 847 habueris,
609 787 650 831 em
672 770 733 832 boc
754 769 824 850 ipso
847 771 964 850 ceipuo
988 770 1190 835 communica.
1235 770 1280 832 Et

255 901 294 946 ne
328 882 487 960 tiemonis,
528 901 596 944 mm
627 881 713 959 facis
747 883 981 964 eleemosynam.
1038 881 1212 946 Praemium
1237 881 1279 960 12)

255 998 368 1062 mum
389 997 516 1078 reponis
539 995 596 1060 tibi
612 995 646 1058 in
662 995 745 1057 aliem
759 996 969 1073 necessitatis,
992 996 1068 1078 puio
1083 996 1280 1080 eleemosyna

166 1177 169 1184 ,
255 1131 276 1174 α
297 1117 395 1174 morte
419 1110 531 1174 liberet
553 1118 584 1172 et
605 1127 670 1174 non
689 1109 813 1190 patitur
836 1112 882 1174 ire
906 1111 941 1172 in
963 1111 1117 1176 tenebras.
1161 1109 1278 1172 Munus

232 1222 370 1286 ·bonnm
403 1230 451 1287 est
483 1223 676 1306 eleemosyna
696 1218 734 1302 ¹³)
766 1223 928 1302 omnibus,
962 1224 1016 1306 qui
1047 1222 1176 1301 facium
1209 1241 1279 1286 eam

257 1355 365 1402 coram
384 1353 503 1399 maino
527 1335 597 1398 deo.
781 1335 783 1340 '

734 1529 796 1602 XX.

345 1673 439 1748 Quale
468 1689 574 1734 munus
603 1678 668 1749 est,
700 1669 810 1735 tratres
837 1672 981 1736 carissimi
1001 1670 1043 1750 ¹),
1074 1673 1160 1736 maius
1184 1673 1277 1738 editio

258 1786 320 1850 deo·
339 1791 494 1870 spectante
516 1785 712 1848 celebraturi
753 1785 784 1850 Si
800 1783 829 1848 in
845 1785 1000 1869 gentilium
1016 1805 1142 1850 munere
1158 1789 1277 1870 grande

258 1907 288 1963 et
310 1873 475 1982 §larissam
487 1896 516 1974 ²)
539 1898 657 1963 ridetur
670 1899 869 1981 proconsules
881 1899 934 1962 'uel
950 1901 1148 1982 imperatores
1164 1903 1278 1964 babere

256 2020 450 2097 praesentes,
486 2020 516 2076 st
549 2018 706 2095 apparatus
742 2030 776 2075 ac
809 2019 942 2096 sumptus
975 2015 1052 2097 epurl
1089 2019 1278 2083 secretarios

257 2130 352 2194 maior
375 2134 430 2208 est,
455 2136 487 2192 ut
509 2129 625 2211 possint
646 2129 767 2210 placare
790 2129 959 2209 maioribus,
986 2135 1096 2212 quanto
1120 2131 1278 2196 inlustrior

256 2241 388 2305 muneris
411 2246 441 2304 at
464 2241 557 2304 maior
581 2245 627 2303 est
649 2239 745 2322 gloria
769 2238 855 2303 deum
880 2246 910 2303 et
926 2239 1073 2306 Christum
1088 2247 1277 2322 spectatores
1392 2219 1393 2222 Ἴ

324 2475 354 2543 9)
379 2479 514 2544 Quomodo
540 2476 565 2527 in
590 2469 660 2526 lest
684 2473 702 2525 l.
723 2489 745 2524 c.
781 2472 844 2526 'lum
868 2477 910 2528 sie
933 2478 978 2544 fae
1002 2477 1191 2544 eleemosynam
1217 2473 1276 2528 edd.

255 2573 318 2616 vett.
340 2580 360 2615 c
381 2563 479 2614 Erasm.
499 2561 574 2614 Gran.
593 2569 670 2631 atque
690 2561 786 2613 blorell.
824 2559 968 2614 Concordat
992 2563 1095 2630 antiqua
1118 2561 1204 2612 versio
1223 2560 1276 2610 La-

255 2652 316 2700 ma.
365 2648 408 2712 ιο)
428 2632 484 2701 om.
503 2649 787 2718 armamentum
806 2649 875 2702 earn.
924 2648 967 2717 ιι)
993 2651 1027 2703 m
1052 2652 1079 2702 ss
1102 2648 1177 2699 arem
1203 2647 1276 2714 editi,

254 2739 284 2791 si
300 2739 370 2790 enim
389 2735 445 2788 cod.
463 2734 503 2787 lib
522 2736 547 2786 in
566 2734 633 2787 lest.
670 2734 768 2787 Verba:
787 2753 824 2789 en·
840 2739 888 2789 boe
906 2739 966 2804 ipso
983 2737 1081 2805 eeiouo
1100 2737 1276 2788 communico.

256 2826 291 2876 lli
308 2841 341 2877 ne
359 2825 497 2890 timueris,
526 2821 704 2874 desiderantur
726 2823 751 2872 in
770 2820 817 2873 Bb.
853 2820 913 2873 Post
931 2824 1054 2876 timueris
1073 2819 1126 2872 Bab
1146 2829 1172 2873 et
1192 2820 1214 2872 A
1232 2821 1275 2873 in·

255 2918 342 2961 serunt
358 2912 405 2979 fili.
442 2907 468 2961 ln
482 2907 523 2960 ttb
542 2927 601 2963 eum
620 2911 817 2977 superscriptum
835 2909 936 2977 legitur.
975 2908 1020 2972 12)
1039 2911 1193 2962 Praemium
1205 2912 1276 2962 enias

255 2995 339 3064 vulgo.
375 2995 425 3048 Sed
445 2999 513 3051 enim
531 3011 616 3064 neque
635 2995 658 3047 b.
679 2995 695 3046 l.
716 3002 857 3063 agnoscunt
876 2995 952 3046 codd.
965 2993 1005 3046 W.
1023 2994 1104 3047 blood.
1123 2993 1177 3046 Bab
1196 3002 1276 3047 veto·

255 3099 349 3152 resque
374 3082 432 3137 edd.
452 3101 473 3136 e.
494 3081 589 3134 Erasm.
610 3082 683 3135 Gran.
710 3081 868 3148 albareti,
895 3098 979 3152 neque
1004 3083 1029 3134 in
1047 3081 1114 3134 'leat
1141 3082 1199 3134 libri
1223 3089 1275 3133 tam

255 3171 358 3238 scripti,
376 3186 450 3239 quam
470 3169 543 3221 editt.
580 3169 660 3222 Abest
679 3172 753 3222 etiam
773 3170 895 3238 particula
916 3172 962 3223 ista
981 3170 1013 3222 ab
1035 3172 1136 3239 antiqua
1154 3169 1276 3222 versione

255 3255 350 3309 batiae.
388 3255 454 3308 Dein
478 3275 590 3323 repones
610 3257 649 3310 tib
670 3267 695 3310 et
714 3260 751 3321 Α,
778 3261 839 3310 item
860 3257 899 3309 ttb
919 3261 944 3311 in
964 3257 1032 3311 lest.
1053 3259 1206 3310 concinente
1224 3271 1275 3306 an-

254 3345 325 3412 tique
343 3345 463 3394 versione
482 3343 578 3396 Latina.
617 3345 753 3413 Perpessus
772 3349 818 3413 qui
836 3361 883 3414 pro
902 3349 964 3415 quia
983 3345 1028 3398 lib.
1065 3344 1122 3396 blox
1145 3348 1174 3398 in
1199 3354 1275 3398 tene-

257 3434 320 3484 iraa
338 3446 385 3498 pro
404 3431 508 3500 vulgato
528 3435 557 3486 in
574 3437 717 3504 cebennam
736 3433 856 3486 exhibent
874 3433 949 3484 codd.
965 3433 1022 3486 Ver.
1039 3433 1078 3485 W.
1096 3432 1195 3484 blabod.
1212 3431 1276 3484 sau.

254 3517 276 3569 A
301 3525 328 3570 et
355 3519 397 3569 ad.
416 3517 514 3571 blorell.
540 3537 561 3571 c.
587 3521 688 3588 antiqua
714 3521 833 3572 versione
854 3520 948 3574 Latina.
986 3520 1019 3572 Et
1042 3521 1076 3572 ita
1104 3537 1193 3574 omnes
1217 3519 1277 3572 libri

254 3605 335 3657 italici
361 3605 470 3658 inlest.
492 3622 541 3658 una
561 3623 617 3658 cum
636 3606 675 3658 W.
694 3607 752 3659 ldbc
777 3616 803 3659 et
821 3605 866 3658 Ba.
902 3608 1005 3678 Legitur
1029 3610 1105 3660 etiam
1130 3609 1156 3660 in
1176 3606 1277 3660 Graeco

254 3691 286 3748 εἷς
303 3689 441 3749 stentem.
479 3693 524 3760 13)
543 3693 622 3747 Deest
641 3699 805 3765 eleemosyna
823 3697 847 3747 in
867 3695 913 3748 Bt.

325 3779 376 3832 XX·
417 3779 442 3844 l)
467 3783 638 3836 dilectissimi
661 3781 720 3834 edd.
740 3781 908 3836 braulionem
933 3783 1116 3836 antecedentes
1134 3801 1156 3836 c.
1176 3782 1276 3836 blorell.
1392 3839 1393 3862 ἶ

255 3865 284 3928 2)
304 3869 441 3934 copiam
453 3864 498 3920 bb.
535 3866 597 3920 Tum
616 3879 641 3922 et
658 3883 703 3936 pro
723 3872 767 3924 eei
785 3869 825 3921 erl.
840 3868 905 3922 Dav.
940 3869 1057 3922 Proxime
1070 3875 1216 3942 adpensus
1229 3869 1276 3922 Ba.

255 3949 354 4003 Deinde
373 3956 475 4021 moetos
491 3963 533 4007 est
551 3952 596 4005 lib.
635 3955 663 4006 ln
681 3971 754 4025 seqq.
773 3974 805 4010 ec
823 3959 909 4012 neme
927 3965 954 4012 at
968 3961 1054 4028 piaris
1072 3960 1101 4010 Α.
1139 3955 1189 4024 Pro
1207 3975 1276 4027 spa-
