2882 4692
715 359 758 424 28

228 516 429 598 locupletioris
466 516 575 580 invidia
610 517 800 580 calumniosis
834 516 934 580 litibus
969 517 1121 596 inquietet.
1177 519 1244 583 Nou

228 633 312 694 cibus
342 648 453 694 securo
471 627 497 698 Ἰ)
530 646 692 693 somnusve
722 631 876 712 contingit.
926 629 1060 712 Suspirat
1076 628 1103 704 ³)
1135 632 1185 694 ille
1216 634 1245 695 in

228 745 385 822 convivio,
420 745 499 808 bibet
528 744 598 806 licet
628 761 762 826 gemma,
797 749 826 804 et
856 759 921 804 cunr
957 743 1053 824 epulis
1086 743 1244 809 marcidum

228 876 336 940 corpus
359 862 444 920 torus
468 856 585 920 mollior
607 855 667 919 alto
691 857 757 918 sinu
781 855 929 934 condidit,
961 857 1063 938 vigilat
1086 858 1114 920 in
1138 857 1245 938 pluma,

229 989 285 1036 uec
307 969 454 1050 intellegit
477 970 566 1032 miser
588 969 725 1050 speciosa
749 968 806 1030 sibi
829 983 899 1030 esse
922 969 1081 1050 supplicia,
1112 989 1187 1033 euro
1211 989 1245 1034 se

228 1086 376 1166 alligatum
400 1083 496 1144 teneri
520 1088 549 1144 et
570 1081 718 1163 possideri
743 1080 852 1164 magis,
876 1097 963 1161 quarn
985 1082 1143 1163 possidere
1166 1083 1245 1147 divi·-

229 1337 296 1388 idem
315 1335 380 1388 liber
399 1335 594 1403 calumniosis
612 1349 633 1383 c.
655 1332 694 1382 ed.
717 1331 779 1383 Dar.
825 1332 853 1394 2)
871 1349 984 1386 securos
1003 1331 1038 1383 Ba
1057 1341 1083 1384 et
1101 1333 1158 1399 ltu,
1186 1335 1245 1386 item

229 1423 286 1474 edd.
314 1420 350 1473 SP
374 1429 450 1487 atque
470 1418 583 1482 Morell.‚
608 1435 724 1472 secturus
743 1417 833 1469 Venet.
855 1416 919 1470 llev.
939 1417 1027 1473 dune..
1041 1419 1129 1472 llemb.
1148 1419 1245 1473 Erasm.

229 1508 304 1559 Grau.
342 1506 403 1558 Turu
428 1521 591 1574 scrupeusvs
616 1504 656 1554 sd.
678 1503 758 1568 Dan,
784 1522 947 1574 susspensus
965 1505 995 1554 Α.
1033 1504 1120 1558 Statim
1139 1512 1246 1578 eoutipit

230 1612 266 1663 pr.
281 1593 310 1643 W
331 1601 358 1646 et
376 1593 420 1644 lle.
457 1591 487 1657 3)
505 1595 631 1660 Suspiret
648 1589 693 1640 bb.
733 1591 849 1644 Proxime
868 1597 896 1643 iu
914 1608 1014 1661 panium
1033 1591 1072 1643 tld
1094 1601 1246 1662 veteresque

230 1681 288 1732 edd.
305 1688 330 1730 et
344 1678 439 1730 llorell.
477 1677 527 1729 Sed
545 1679 703 1744 praepositio
723 1695 819 1730 merum
838 1687 876 1730 est
894 1678 1036 1747 glossems3
1055 1681 1167 1747 respexit
1180 1682 1245 1732 eninr

230 1769 323 1819 lloster
346 1769 437 1835 Vir-pil.
463 1765 555 1833 Georg.
576 1764 606 1816 ll.
626 1764 701 1816 tou:
732 1769 763 1820 llt
787 1783 887 1835 pamma
910 1769 985 1819 tilat.
1024 1765 1100 1817 Plane
1126 1770 1246 1837 Propere.

229 1854 272 1905 lll.
292 1855 324 1919 5,
342 1856 376 1904 l:
405 1856 457 1907 Nec
475 1857 539 1906 bilit
555 1871 569 1908 a
586 1870 686 1922 pamma
705 1857 786 1908 dieite
804 1865 899 1908 uestra
917 1858 989 1908 sitis.
1027 1851 1146 1906 Ceterum
1168 1871 1245 1922 prae·

230 1943 381 2009 positionem
407 1943 523 1992 omittunt
542 1943 618 1992 etiem
638 1956 728 2008 prusae
748 1943 894 2008 scriptores.
931 1939 967 1990 lta
988 1943 1095 1994 Plinius
1114 1940 1175 1992 Hist.
1195 1949 1245 1992 nat.
1345 1957 1348 1964 ¹

229 2025 334 2079 lllllllll.
361 2029 429 2079 init:
457 2029 547 2080 l'urla
570 2045 733 2097 pemmarum
757 2035 881 2094 potamus
907 2037 930 2079 et
954 2030 1105 2096 emurcpdis
1129 2031 1247 2080 teaeiums
1277 2077 1281 2088 p

231 2119 336 2168 calices.
368 2114 472 2166 Praeter
485 2117 628 2169 balusium
646 2114 677 2164 ed
696 2114 762 2165 buno
781 2113 862 2166 locum
881 2113 948 2164 coni.
967 2115 1074 2179 l'olpius
1087 2112 1118 2164 ad
1131 2111 1246 2180 Propert.

230 2201 246 2252 l.
264 2218 286 2252 c.
308 2209 333 2251 et
352 2205 372 2255 l.
390 2200 425 2251 11.
444 2205 556 2256 Vossius
575 2202 607 2253 ad
626 2201 723 2269 Virgilii
742 2201 826 2252 luounr
846 2200 981 2252 laudatum.
1019 2198 1095 2252 Miror
1113 2199 1247 2268 Rigaltiunt

230 2289 363 2354 scripsisse
392 2307 509 2358 pemmas
544 2305 653 2358 euruque
688 2296 790 2340 secutus
825 2296 863 2339 est
895 2289 980 2339 editor
1011 2286 1246 2354 wirzeburgensis.

232 2373 342 2428 Gemina
361 2389 495 2441 perperam
518 2375 594 2428 hebet
612 2377 641 2442 Α.
681 2375 744 2426 tuate
764 2381 858 2429 tlrorua
878 2374 923 2426 Bu.
944 2375 965 2426 tt
986 2383 1012 2425 et
1030 2391 1044 2424 a
1063 2390 1082 2425 r.
1102 2391 1134 2425 m.
1154 2376 1178 2425 in
1198 2389 1245 2442 nug.

232 2460 269 2510 llo
288 2461 488 2528 conspirantibus
506 2461 602 2514 Erasm.
622 2471 647 2512 et
665 2461 740 2513 Grau.
776 2459 1056 2513 viduarentur.
1078 2469 1162 2512 torus.
1199 2459 1247 2511 Pro
1357 2511 1369 2521 ,

231 2550 376 2600 condiderit
394 2551 483 2617 recepi
504 2554 618 2604 condidit
637 2565 651 2598 e
670 2548 708 2597 W.
731 2547 812 2597 lllabd.
834 2544 870 2595 bb
890 2554 915 2596 et
934 2546 963 2595 Α.
1001 2545 1037 2596 lta
1057 2561 1094 2611 pr.
1114 2546 1248 2615 legebatur

231 2637 305 2685 etiam
325 2637 348 2686 in
369 2635 422 2700 tte,
443 2642 545 2692 condiat
565 2635 668 2688 exbibet
687 2633 728 2683 Ba.
766 2631 828 2683 'lum
848 2635 937 2700 eiqilet
955 2631 1043 2682 scribit
1062 2629 1108 2682 Bb.
1146 2631 1247 2684 Deinde

230 2725 354 2792 iutellepit
372 2739 417 2790 pro
437 2726 560 2792 r'ntellipit
577 2720 748 2787 praebuerunt
767 2718 806 2770 W.
827 2717 865 2767 bia
885 2725 911 2767 et
931 2715 997 2781 Bab,
1021 2733 1069 2767 uec
1088 2716 1161 2767 aliter
1179 2732 1192 2766 a
1214 2733 1247 2767 m.
1277 2785 1282 2794 .

230 2823 267 2872 pr.
287 2808 397 2860 habebat
417 2809 464 2859 llb.
502 2806 617 2856 Proxime
637 2822 697 2857 esse
714 2809 767 2857 sili
785 2806 887 2854 inverso
909 2803 999 2853 ordirre
1023 2801 1116 2870 legitur
1139 2804 1164 2853 in
1188 2803 1247 2854 edd.

230 2901 290 2943 vett.
319 2902 345 2945 et
369 2893 465 2944 Erasm.
493 2900 568 2959 atque
592 2889 667 2942 Grau.
710 2889 748 2941 lle
774 2906 846 2959 seqq.
872 2890 976 2941 adnotat
1003 2889 1157 2945 Grorruuius
1184 2890 1199 2941 l.
1225 2907 1247 2942 c.

230 2996 254 3044 p.
274 2980 340 3030 264:
369 2982 530 3043 „Possidere
551 2987 576 3030 et
593 2981 729 3049 possideri
747 2985 905 3030 mutauerant
923 2979 992 3030 vices
1038 2979 1156 3031 Divitias
1178 2997 1246 3046 pos-

229 3069 318 3118 sidere
336 3066 370 3115 ait
387 3066 489 3133 scapis,
509 3080 601 3133 nempe
621 3065 766 3129 dominum,
787 3084 863 3134 quam
880 3069 1031 3134 possideri,
1051 3080 1144 3131 nempe
1163 3081 1176 3115 a
1196 3064 1246 3116 du-

231 3152 305 3202 miuo.
341 3149 403 3200 llam
423 3151 447 3200 iu
467 3151 543 3202 altera
564 3151 674 3203 lectione
696 3157 727 3217 τῷ
747 3156 882 3220 possideri
900 3167 950 3203 nou
970 3151 1108 3218 respondet
1127 3149 1155 3200 τό
1173 3154 1246 3205 diui-

230 3242 299 3300 tias,·
318 3243 343 3284 at
362 3237 386 3286 in
406 3245 489 3289 nostre
510 3253 559 3289 vox
576 3239 664 3290 eadem
678 3243 787 3294 diuitias
802 3239 934 3291 commode
949 3238 1058 3290 relertur
1070 3240 1101 3290 ad
1115 3248 1248 3307 utrumque

230 3331 255 3372 et
278 3325 413 3392 possideri
438 3333 463 3375 et
486 3329 640 3396 possidere,
669 3334 695 3376 ut
716 3327 846 3378 rotundius
866 3335 919 3391 est,
947 3327 967 3377 si
989 3327 1086 3379 dicam:
1107 3325 1251 3396 'possident

230 3413 324 3478 maqis,
340 3429 416 3479 quam
427 3417 603 3482 possidentur
613 3417 675 3468 illae
688 3418 804 3482 divitiam
820 3431 910 3484 quurnz
930 3416 975 3467 ille
987 3417 1140 3482 possidetur
1153 3417 1248 3484 mapis,

231 3515 307 3565 quam
319 3503 438 3567 possidet
453 3503 588 3558 diuitias.“
628 3505 748 3556 Valerius
761 3504 898 3556 licelinus
915 3499 957 3552 lib.
972 3499 1010 3552 lll.
1030 3516 1085 3567 cap.
1101 3499 1130 3549 l:
1151 3503 1251 3554 Proerrl

230 3586 307 3637 dudio
326 3589 369 3639 llic
387 3605 438 3640 nort
456 3593 576 3656 possedit
594 3593 719 3653 diuitias,
745 3592 793 3642 seul
812 3608 827 3641 a
846 3591 948 3641 diuitiis
966 3604 1115 3658 possessus
1135 3597 1189 3653 sst,
1210 3590 1247 3638 ti-

200 3694 207 3706 ·
230 3675 355 3725 tulu‘rem
374 3678 494 3739 insulas,
517 3679 603 3729 animo
622 3679 749 3742 pecunias
766 3676 918 3728 miserabile
936 3678 1105 3743 mancipium.
1144 3675 1249 3726 l'liuirts

230 3758 273 3808 lib.
292 3759 328 3810 lll.
351 3763 423 3829 epist.
440 3763 495 3812 30.:
515 3780 546 3815 ea
562 3765 664 3816 incasit
681 3767 799 3815 domiuus
819 3765 929 3815 labendi
946 3765 1050 3831 cupido,
1070 3770 1099 3814 ul
1115 3763 1251 3827 possideri

231 3849 331 3914 sarapis,
359 3867 435 3916 priam
458 3853 597 3916 possidere
620 3853 769 3903 videantur.
808 3849 857 3900 Sed
883 3848 1069 3915 refragantibus
1094 3847 1165 3897 libris
1190 3863 1247 3926 mss.

231 3927 289 3980 uilril
309 3935 462 3985 mutandum.
500 3934 658 4003 intelligatur
676 3935 707 3985 ed
725 3939 862 4006 possideri
886 3949 916 3986 ex
941 3949 1004 4004 seqq
1031 3953 1047 3985 a
1066 3935 1184 3995 diuitiis3
1212 3935 1250 3983 sic
