2834 4686
737 415 802 486 292

258 577 325 664 ipse
347 584 378 641 et
399 596 518 664 semper
541 578 694 658 insidians,
718 578 768 642 ubi
792 579 820 642 in
843 584 948 662 peetus
971 577 1114 662 obrepsit,
1138 575 1176 640 de
1192 575 1275 642 sein-

259 693 326 756 tillis
350 692 460 757 conflet
482 681 638 773 incendia,
673 692 710 755 de
741 692 841 776 parvis
872 694 998 782 maxima
1027 698 1213 778 exaggeret,
1247 698 1276 755 et

259 804 327 870 duur
356 807 490 894 remissis
522 813 552 870 et
582 806 708 869 incautis
736 805 853 869 leniore
884 823 955 868 aura
982 812 1012 868 et
1039 805 1109 871 llatu
1141 806 1276 870 molliore

258 919 423 1010 blanditur,
455 916 597 1000 procellis
626 935 661 980 ac
684 916 849 980 turbinibus
873 917 1008 980 excitetis
1030 918 1133 982 ruinas
1155 919 1224 982 lidei
1248 926 1277 980 et

259 1033 362 1098 salutis
384 1053 419 1096 ec
442 1033 520 1096 vitae
544 1030 698 1116 naulragia
721 1031 867 1097 moliatur.
911 1030 1124 1097 Excubandum
1149 1039 1196 1096 est
1218 1033 1276 1096 ita-

258 1165 317 1229 que
333 1143 378 1226 ³),
402 1146 509 1210 iratres
533 1145 735 1225 dilectissimi,
759 1152 848 1227 etque
870 1146 1008 1210 omnibus
1031 1146 1143 1210 obibus
1169 1147 1277 1210 elabo-

258 1260 400 1340 randum,
432 1267 464 1324 ut
497 1261 617 1323 inimico
651 1260 798 1323 saevienti
832 1267 862 1323 et
895 1260 989 1324 iacrsle
1022 1278 1076 1324 sua
1109 1261 1139 1322 in
1172 1277 1287 1322 omncs·

258 1374 395 1458 corporis
422 1380 541 1456 partes,
576 1373 684 1456 quibus
713 1373 829 1456 percuti
862 1380 893 1436 et
926 1374 1076 1439 vulnerari
1108 1393 1276 1458 possumus,

258 1489 398 1573 dirigenti
417 1488 540 1551 sollicite
562 1495 592 1551 et
607 1489 694 1570 plena
712 1487 862 1571 vigilantia
880 1485 1098 1572 repugnelrnus
1113 1488 1276 1552 secuudum
1289 1515 1325 1554 ssa

258 1603 339 1684 quod
354 1601 459 1665 Petrus
482 1602 636 1684 apostolus
661 1603 689 1664 in
714 1603 841 1684 epistula
863 1620 916 1666 sue
939 1609 1115 1686 praemonet
1137 1609 1167 1666 et
1190 1603 1278 1667 docet

247 1716 360 1779 ‘dicens
377 1713 421 1794 ⁴):
454 1715 564 1780 Sobria?
593 1724 708 1794 estote,
741 1717 869 1802 cipilcte
886 1713 931 1797 ⁵),
963 1719 1041 1797 pola
1069 1716 1277 1780 aduersarios

257 1839 360 1894 certor
381 1829 529 1892 dioboles
555 1835 712 1907 tamquam
735 1829 784 1890 leo
812 1829 941 1908 repleas
969 1828 1094 1908 aliquid
1122 1829 1278 1891 decorare

238 1919 414 2026 'obuersus
437 1941 558 2005 circuit.
778 1943 785 1952 '

258 2095 466 2107 μ-

258 2194 283 2238 et
302 2183 346 2249 24,
365 2183 407 2234 42.
444 2181 504 2235 Post
529 2183 646 2253 eipitoos
671 2199 775 2250 semper
799 2179 886 2232 addidi
910 2184 970 2251 ipso
993 2197 1026 2234 ex
1044 2181 1116 2235 libris
1135 2182 1176 2234 W.
1196 2183 1278 2237 Mabc.

258 2271 311 2324 Bab
336 2269 410 2322 et'A.
447 2269 495 2323 Pro
517 2273 565 2324 eta·
586 2268 645 2321 cdd.
664 2276 726 2320 vett.
746 2275 773 2320 et
790 2266 887 2319 Morell.
909 2267 1004 2319 babeat
1027 2273 1138 2340 queste.
1176 2267 1279 2338 Optime

259 2358 352 2413 deiude
375 2359 493 2427 obrepsit
516 2356 590 2410 cocu
611 2355 670 2408 Ver.
687 2355 783 2408 ¹lterrer.
804 2355 844 2406 W.
863 2353 930 2406 lllab.
949 2354 1002 2421 Bn,
1028 2371 1132 2424 serap.
1152 2355 1280 2418 Oronet

259 2444 388 2512 exemplar
408 2443 518 2508 blanel,
545 2446 692 2514 obrepserit
711 2440 757 2494 bb.
778 2442 842 2494 llcd.
862 2445 882 2492 Α
903 2450 929 2493 et
953 2443 1043 2494 deceni
1067 2451 1131 2495 vett.
1149 2441 1278 2496 Balneiani

260 2531 436 2598 aditionesque
456 2528 530 2582 Grav.
550 2529 619 2582 Pam.
640 2537 667 2581 et
684 2531 852 2595 recentiores,
871 2531 970 2598 obrepit
988 2537 1049 2581 vett.
1070 2529 1127 2582 edd.
1147 2539 1174 2582 et
1193 2529 1277 2582 Balce.

258 2621 283 2669 in
303 2618 444 2681 adnotate,
472 2621 576 2687 obrepat
594 2617 691 2670 Erasm.
712 2624 737 2668 et
756 2617 853 2670 llorell.
889 2616 928 2668 Da
946 2619 1135 2684 permutatione
1159 2617 1229 2670 conl.
1247 2616 1278 2669 arl

259 2705 350 2756 Donet.
370 2717 426 2771 cup.
445 2703 475 2754 ll.
494 2713 546 2755 not.
566 2705 591 2756 8.
611 2713 637 2756 et
656 2721 712 2772 cap.
731 2703 772 2758 lll.
791 2714 843 2758 not.
863 2704 888 2756 3.
925 2702 1085 2760 Caurum
1108 2704 1175 2758 mele
1198 2721 1280 2773 μιν.

258 2793 332 2844 mittit
350 2795 467 2846 latenter.
488 2792 530 2860 ¹lu
550 2809 623 2862 seqq.
642 2791 682 2845 lla
701 2801 728 2845 et
746 2792 782 2844 be
800 2792 914 2846 scribunt
931 2801 1090 2864 remeent,
1109 2800 1160 2845 tum
1179 2795 1279 2848 uetare

258 2899 326 2934 aura
345 2887 371 2930 et
389 2881 455 2948 piato
472 2882 581 2932 metim
600 2879 643 2930 dat
662 2878 716 2944 lla,
743 2867 807 2929 inira
825 2895 857 2932 ac
875 2880 976 2932 saletio
994 2877 1025 2931 Α.
1069 2877 1097 2942 3)
1120 2881 1208 2948 itaque
1227 2894 1277 2930 οιιι.

751 2962 852 3005 mittente·

258 3000 305 3052 Ιο.
341 2999 421 3052 Paulo
448 3007 505 3067 poet
531 2999 572 3051 llb
599 2999 676 3051 babet
702 3009 726 3054 et
876 2999 966 3054 lacerta
988 2999 1118 3066 'tecente'
1141 2998 1174 3058 ab
1198 3016 1219 3052 r.
1244 3016 1277 3052 m.

258 3122 405 3189 superscr.).
444 3119 510 3170 Dein
531 3127 671 3188 possimus
690 3118 745 3184 lle,
771 3120 854 3170 stetim
878 3123 997 3190 utitipeots'
1013 3096 1041 3126 ω
1057 3122 1175 3175 sollicita
1199 3121 1278 3185 (aea

166 3270 170 3274 Ι
257 3223 277 3259 ι.
296 3224 329 3258 ιιι.
348 3221 425 3272 supra
443 3207 555 3270 adiecto]
572 3205 620 3258 lib.
657 3204 717 3257 Post
736 3209 834 3260 Petrus
853 3203 932 3272 Neap.
949 3207 971 3257 l.
991 3213 1018 3258 et
1036 3205 1279 3258 odd.llanutianem

258 3293 439 3345 antecedentes
464 3310 487 3346 c.
506 3291 602 3344 llorell.
629 3292 724 3343 addunt
749 3309 857 3362 quaque.
893 3291 1010 3344 Proxima
1029 3291 1070 3345 blb
1089 3294 1177 3347 scribit
1193 3309 1278 3363 pree-

257 3387 342 3433 monet
353 3383 382 3432 ιἰι
395 3383 525 3450 aepistola
536 3398 598 3446 suo,
613 3379 673 3429 itere
686 3382 817 3448 aepistola
830 3378 875 3429 lla.
909 3381 938 3446 4)
951 3377 1040 3448 lnepte
1052 3381 1116 3434 dicit
1126 3382 1219 3434 dicem
1230 3379 1279 3431 tto.

258 3465 314 3518 llid.
336 3465 358 3518 1.
373 3466 440 3519 Petr.
459 3467 483 3531 5,
503 3465 528 3516 8.
567 3465 596 3533 5)
615 3475 639 3518 et
656 3469 762 3536 cipilote
780 3466 841 3516 dent
861 3465 925 3518 bled.
947 3465 991 3518 Ba.
1010 3465 1032 3518 a
1050 3474 1077 3518 et
1095 3465 1154 3520 edd.
1173 3479 1280 3529 omues3

257 3553 350 3603 rectius
369 3559 451 3603 tamen
470 3550 511 3602 W.
533 3549 570 3602 llb
591 3560 615 3602 ct
635 3550 689 3615 lle,
714 3559 740 3603 nt
758 3553 843 3603 versio
862 3553 981 3620 antique,
1006 3552 1140 3620 copulam,
1159 3567 1235 3621 quem
1254 3554 1280 3605 iu

258 3637 297 3689 llb
318 3654 338 3689 r.
358 3654 390 3689 m.
409 3639 604 3706 superscripsit,
631 3639 761 3701 omittnut3
788 3637 881 3705 legitur
906 3640 981 3691 etiarn
1007 3641 1032 3691 in
1054 3638 1152 3692 Graeco
1177 3637 1279 3708 νήψατε,

256 3723 419 3794 γρηγορήσατε.
464 3719 517 3777 Ριο’
540 3724 662 3780 diabolos
694 3724 752 3776 ecld.
784 3733 842 3776 ante
871 3724 965 3776 Manat.
997 3726 1123 3795 praebent
1151 3729 1280 3782 sabatrae.

257 3809 356 3863 Deinde
383 3827 438 3862 cum
466 3812 538 3864 codd.
564 3812 623 3864 tter.
650 3810 691 3863 W.
720 3811 784 3864 llab.
812 3810 865 3864 ttab
893 3813 961 3864 ete
986 3812 1148 3866 scribendum
1175 3813 1280 3882 putari:

256 3900 356 3966 oltqolrt
375 3901 503 3952 devorare
522 3916 653 3968 quamne
672 3901 777 3962 circuit,
798 3897 838 3948 tto
857 3905 883 3948 et
901 3907 963 3951 vett.
981 3897 1281 3952 caesareanorum

259 3981 352 4035 Manet.
366 3991 442 4052 atque
456 3984 551 4037 llorell.
565 3984 685 4038 exhibent
696 3994 722 4039 ct
739 3985 935 4050 (coniunctionis
951 3986 1105 4054 perticulam
1115 3999 1168 4039 cru.
1182 3985 1281 4055 lleep.)
