2868 4700
537 362 686 432 *63

148 529 235 595 nobis
251 527 393 594 divinitus
413 526 595 609 disciplinam
618 545 678 609 pax
699 525 789 610 longa
812 529 997 607 corruperat,
1020 523 1165 588 iacentem

149 643 236 709 fidem
267 648 314 723 et,
342 659 438 725 paene
469 639 612 720 dixerim,
643 638 838 702 dormientem
870 655 997 701 censura
1027 639 1166 702 caelestis
1248 625 1253 636 ’

149 759 256 837 erexit,
279 775 407 838 eumque
430 751 527 835 nos‘)
549 755 680 838 peccatis
703 755 814 817 nostris
830 753 954 835 amplius
973 771 1166 834 mereremur,

149 873 395 937 clementissimus
419 871 555 934 dominus
578 871 623 934 sic
645 876 752 932 cuncta
774 867 946 932 moderatus
970 874 1031 947 est,
1052 875 1086 931 ut
1107 868 1167 931 boc

120 998 133 1040 ⁵
149 1006 246 1066 omne,
263 967 352 1069 'quod
375 993 492 1068 gestum
515 991 570 1066 est,
595 984 761 1067 exploratio
777 985 875 1066 potius
892 1001 979 1065 quarn
994 985 1166 1067 persecutio

148 1102 309 1165 uideretur.
356 1100 518 1166 studebant
540 1099 679 1184 augendo
702 1099 881 1182 patrimonio
905 1099 1031 1181 singuli,
1055 1104 1085 1161 ct
1107 1099 1167 1161 ob-

147 1216 190 1280 liti
217 1215 289 1298 quid
318 1213 477 1278 credentes
506 1221 556 1277 aut
587 1215 642 1277 sub
672 1213 817 1295 apostolis
847 1219 915 1276 ante
945 1211 1089 1277 fecissent
1118 1217 1168 1276 nul

149 1348 268 1413 semper
291 1329 393 1392 iacere
417 1328 572 1412 deberent,
595 1328 752 1392 insatiabili
776 1328 944 1410 cupiditatis
967 1326 1077 1390 ardore
1100 1345 1168 1394 sm·

147 1444 275 1528 pliandis
299 1443 486 1507 facultatibus
508 1444 694 1506 incubabant.
731 1441 800 1506 Non
815 1444 845 1506 in
868 1440 1045 1506 sacerdotiis
1059 1437 1087 1520 ⁵)
1112 1458 1167 1503 re·

22 1583 23 1588 ¹
107 1571 135 1615 10
149 1559 223 1642 ligio
236 1557 353 1638 devota,
368 1575 429 1621 non
439 1557 469 1619 in
485 1556 655 1620 ministeriis
670 1555 745 1620 fides
760 1557 887 1640 integra,
903 1575 963 1620 non
979 1557 1009 1620 iu
1026 1556 1167 1639 operibus

148 1671 363 1750 misericordia,
386 1688 446 1734 non
463 1670 640 1733 iunioribus
656 1668 818 1753 disciplina.
856 1669 1003 1753 corrupta
1022 1671 1115 1734 barba
1136 1669 1168 1733 in

148 1787 231 1866 viris,
246 1787 276 1850 in
292 1785 409 1849 leminis
427 1783 522 1849 forma
539 1783 635 1849 iocata
646 1781 683 1862 ⁶).
716 1783 884 1848 Adulterati
898 1779 923 1864 7)
938 1789 1008 1866 post
1018 1783 1067 1847 dci
1082 1783 1087 1874 Ι
1100 1804 1166 1848 ma·
1181 1783 1220 1830 ¹⁸³

149 1917 205 1964 nus
214 1900 303 1982 oculi,
314 1899 409 1982 capilli
418 1898 574 1963 mendacio
586 1898 719 1962 colorati.
743 1898 790 1962 Ad
802 1897 977 1980 decipienda
988 1899 1080 1963 corda
1093 1900 1168 1962 sim-

150 2016 268 2100 plicium
278 2009 439 2092 callidae⁸i
450 2013 581 2093 fraudes,
595 2013 863 2076 circumveniendis
873 2011 1012 2076 fratribus
1022 2012 1168 2077 subdolae

151 2273 287 2334 meroem,
311 2267 354 2321 Md
379 2278 403 2323 ct
420 2278 450 2324 ut
466 2243 531 2338 pena
549 2271 605 2324 dim.
625 2269 707 2323 domn.
743 2269 775 2322 Ul
792 2267 816 2318 in
835 2266 877 2318 llb
894 2281 915 2318 r,
934 2282 967 2319 ru.
986 2264 1169 2334 superscripsit.

152 2355 215 2408 Reli.
233 2365 320 2409 autern
338 2355 397 2407 libri
415 2372 491 2407 mauu
509 2357 606 2408 exarati
625 2363 651 2406 et
670 2357 738 2424 typis
756 2355 869 2423 expressi
887 2352 995 2406 voculas
1009 2362 1039 2407 ot
1050 2356 1087 2407 ita
1098 2359 1170 2404 recte

152 2457 201 2497 om.
235 2442 287 2495 Pro
305 2461 389 2514 paene
404 2445 429 2495 in
453 2441 494 2495 bia
518 2443 611 2512 legitur
636 2447 707 2498 bene.
748 2443 776 2509 4)
802 2441 884 2496 Abest
907 2460 958 2497 noe
982 2458 997 2494 a
1023 2441 1064 2494 Mb
1088 2449 1119 2492 et
1139 2438 1171 2494 Α.

150 2529 281 2600 Deinceps
298 2549 347 2601 pro
363 2535 479 2601 peccatis
499 2530 619 2583 exhibent
636 2540 689 2584 tres
702 2530 756 2584 ltal.
777 2540 803 2583 et
821 2529 862 2582 bld
881 2548 904 2583 c.
924 2530 983 2583 edd.
1002 2537 1075 2596 vett,
1093 2530 1170 2580 item-

150 2669 200 2722 que
218 2651 317 2704 Erasm.
337 2651 411 2704 Grau.
430 2669 461 2704 ac
478 2652 594 2717 morell,
616 2637 650 2690 μ’
651 2637 665 2673 ⁰
685 2657 809 2724 peccetis
827 2653 892 2708 nbc.
929 2653 990 2706 Tum
1005 2655 1064 2724 psti
1079 2670 1170 2708 sucre-

149 2758 243 2794 remur
261 2749 380 2810 quattuor
398 2741 495 2810 antiqui
513 2739 572 2793 libri
590 2739 721 2794 aBalunio
735 2741 831 2806 collati,
849 2750 900 2794 tres
918 2739 973 2793 ltal.
993 2740 1063 2806 οιΑ,
1081 2740 1173 2808 quibus

150 2828 277 2881 accedunt
290 2827 348 2880 edd.
361 2825 469 2893 Erasm.,
482 2826 567 2893 Grau,
580 2829 605 2880 io
619 2844 668 2896 qua
679 2833 735 2900 poti
749 2828 925 2882 minutioribus
942 2828 1031 2880 litteris
1049 2831 1171 2897 scriptum

150 2917 287 2980 iuvenitur,
306 2923 381 2984 atque
393 2914 489 2966 Pamel.
519 2913 601 2966 Recte
613 2915 686 2968 abest
697 2919 754 2986 peti
770 2914 802 2968 ab
814 2915 868 2968 rell.
885 2915 959 2968 codd.
972 2917 1074 2981 nostris,
1094 2923 1171 2967 octo·

151 3002 237 3054 decim
248 2999 334 3053 Bolus.
349 3010 376 3053 et
393 3003 504 3072 quinque
517 3001 601 3070 Angl,
620 3005 680 3054 item
693 3003 847 3072 abantiquis
861 3003 918 3055 edd.
949 3001 1049 3055 Excidit
1062 3014 1102 3060 eet
1113 3013 1174 3073 post

151 3092 305 3144 moderatus
322 3090 349 3140 iu
373 3090 403 3140 Α.
439 3088 507 3141 inira
531 3105 578 3158 pro
603 3094 740 3146 videretur
757 3090 795 3143 Bt
822 3090 899 3143 habet
920 3093 1050 3146 videatur.
1086 3092 1116 3158 ⁵)
1136 3091 1173 3156 lta

152 3175 194 3226 W.
212 3175 261 3227 lla.
279 3173 316 3226 ba
340 3184 366 3228 et
389 3192 453 3228 unus
476 3177 531 3229 Ital.
573 3177 646 3248 Vulg.
671 3182 699 3231 in
725 3182 918 3234 sacerdotibus.
954 3176 1012 3231 Mox
1032 3183 1061 3234 in
1086 3184 1172 3235 mini-

151 3267 246 3321 steriis
268 3280 315 3332 pro
336 3268 365 3319 irs
386 3269 523 3320 ministris
540 3265 573 3317 W
591 3267 636 3336 [cx
664 3285 728 3321 corr.
749 3267 862 3320 eiusdem
888 3269 943 3332 ιιι).
968 3266 1039 3334 Mac,
1065 3286 1103 3338 pr.
1122 3269 1173 3324 nb.

152 3349 240 3404 saa
267 3360 294 3403 et
319 3352 369 3404 duo
394 3353 452 3406 libri
478 3363 539 3407 vett.
558 3371 599 3424 sp.
618 3354 704 3408 Belou.
726 3375 748 3410 c.
768 3357 879 3426 quinque
904 3355 977 3424 Angl.
1022 3355 1173 3426 Conspirant

153 3438 213 3492 edd.
228 3447 300 3504 vett,
311 3441 372 3492 item
383 3439 481 3494 Erasm.
501 3450 527 3495 et
540 3443 633 3497 Manat.
651 3445 776 3512 probante
795 3443 961 3497 Gronovio
981 3441 1126 3496 Observatt.
1145 3445 1172 3494 iu

153 3525 322 3595 Scriptoribus
335 3527 428 3580 eccles.
442 3546 466 3597 p.
480 3529 539 3584 612.
571 3530 636 3582 Deio
648 3529 727 3582 verba
738 3533 932 3598 misericordia,
944 3550 998 3587 nors
1009 3535 1038 3585 irs
1050 3516 1172 3584 moribus'

153 3612 246 3666 desunt
269 3614 295 3666 in
314 3612 345 3666 A.
380 3613 410 3682 6)
432 3619 530 3684 pudiea
555 3619 660 3687 (sucula
684 3616 716 3667 ab
741 3633 761 3669 r.
780 3633 812 3670 m.
831 3619 972 3687 superscr.)
997 3617 1052 3683 bic,
1079 3621 1172 3686 wenta

153 3716 219 3754 corr.
239 3717 255 3754 e
272 3704 365 3772 sarpeia
383 3704 409 3754 iu
426 3703 476 3757 bib.
512 3703 540 3770 7)
560 3708 721 3760 Adulteratio
738 3705 787 3758 Ma.
816 3706 933 3760 Proxime
951 3709 977 3758 in
995 3705 1087 3759 eodem
1106 3704 1173 3758 libro

152 3803 229 3858 supra
253 3807 354 3870 monus
372 3807 387 3842 a
405 3808 426 3844 r.
444 3809 478 3844 m.
497 3795 617 3862 seriptum
643 3801 682 3844 est
704 3791 832 3862 glossema
854 3800 1009 3868 figmentum.
1051 3791 1110 3844 blox
1133 3791 1174 3846 llic

151 3876 279 3930 mendose
297 3873 378 3929 babet
397 3883 520 3935 collocati
537 3884 587 3951 (pr.
600 3883 734 3950 colorati),
751 3880 903 3939 declarati.
939 3881 969 3952 8)
988 3883 1092 3936 collidet
1110 3881 1172 3951 (sio)
1244 3942 1248 3948 ,

148 3962 183 4018 Α.
218 3962 286 4018 Deio
304 3969 429 4036 fabulose
445 3972 596 4024 voluntates
613 3968 681 4022 idem
699 3968 774 4038 liber,
791 3972 939 4040 voluptates
958 3964 999 4022 llb
1017 3976 1044 4022 et
1060 3966 1108 4024 lib.
