2858 4688
758 393 821 460 134

280 578 336 623 nec
365 557 442 621 odeo
474 553 609 620 arboreis
634 552 741 616 ictibus
766 557 903 614 autumno
928 547 1053 614 fecunde
1078 556 1155 613 sunt.
1202 549 1296 614 Minus

236 679 239 686 '
280 672 318 734 de
350 669 470 735 effossis
486 664 513 744 ⁶)
547 673 577 729 et
606 665 736 748 fatigatis
767 663 915 727 montibus
946 669 1091 726 eruuntur
1122 681 1296 727 murinorum

280 792 417 863 crustae,
448 785 545 847 rninus
573 782 691 864 urgenti
721 785 752 842 et
777 779 842 842 ouri
865 795 941 860 opes
964 784 1134 860 suggerunt
1155 776 1296 844 exhausto

280 902 337 964 isin
360 897 476 962 ruetslio
499 905 530 960 et
551 911 702 980 pauperes
725 910 821 957 rensc
843 894 1017 957 brevientur
1036 893 1066 956 in
1084 890 1148 956 dies
1163 892 1297 975 singulos
1411 889 1412 906 ¹

280 1019 309 1075 et
334 1010 532 1092 decrescunt,
566 1009 664 1074 deficit
693 1010 723 1072 in
752 1007 833 1070 eruis
863 1006 1014 1089 agricole,
1047 1005 1173 1068 innui
1201 1013 1297 1086 muts,

280 1233 355 1288 vrso.
376 1233 397 1285 Α
417 1241 443 1286 et
461 1247 554 1285 ncrern
573 1229 674 1298 dogiici
693 1245 715 1282 c.
735 1227 830 1280 Thoen.
871 1230 956 1282 isene
980 1235 1007 1280 et
1030 1229 1056 1280 iu
1082 1241 1154 1296 resp
1174 1237 1299 1284 cutm

280 1319 310 1386 (i.
330 1335 354 1372 e.
379 1321 506 1386 ternpore)
533 1317 682 1368 nominativi
709 1316 822 1366 neutrius
848 1315 950 1382 pencris
979 1312 1082 1381 pluralis
1110 1316 1207 1366 numeri
1233 1324 1298 1366 sont

280 1404 316 1456 ito
335 1407 481 1473 exquisitius
500 1411 527 1455 et
545 1403 647 1470 prorius
667 1401 728 1452 dixit
747 1415 874 1468 procer,
895 1409 1055 1474 autumnus,
1082 1402 1224 1467 respiciens
1242 1417 1298 1452 nro·

280 1492 384 1558 gistrum
411 1505 483 1541 suum
509 1489 541 1540 de
565 1495 701 1540 resurrect.
722 1489 805 1539 cernis
825 1485 880 1554 cup,
901 1485 968 1538 xit:
998 1489 1183 1542 decutiuntur
1201 1491 1299 1542 irienses

199 1583 216 1610 ⁴
281 1587 306 1631 st
323 1583 447 1642 assistes,
466 1591 550 1630 cerne
568 1585 591 1628 st
609 1582 738 1628 sutrenrrts
755 1591 816 1626 cnm
834 1577 897 1626 suis
914 1577 1031 1638 eiriius,
1049 1577 1180 1637 merides,
1198 1577 1298 1640 stricti-

281 1667 340 1730 sos.
378 1661 497 1714 Sinriiiter
508 1660 589 1730 Epist.
602 1660 653 1712 xi.
671 1677 696 1728 p.
709 1661 759 1712 25:
778 1663 832 1715 Per
842 1663 1049 1717 vicissitudines
1058 1665 1191 1716 musicos
1204 1670 1298 1718 trees-

280 1751 377 1801 snescit
402 1752 547 1802 diicrrnun.
585 1748 640 1799 Vid.
670 1751 786 1802 Gronov.
812 1745 956 1799 Obserrntt.
983 1747 1024 1800 itt.
1050 1748 1092 1798 2⁴.
1121 1763 1146 1814 p.
1171 1745 1231 1799 324.
1257 1747 1298 1798 ed.

280 1831 395 1886 Frotsch.
432 1832 647 1902 Praepositionern
666 1837 696 1888 de
715 1849 786 1885 rooro
805 1832 922 1884 dirorum
940 1833 1049 1900 positum
1068 1832 1135 1898 (vid.
1155 1833 1187 1884 sd
1207 1832 1298 1885 Donet

281 1935 337 1988 cop.
358 1919 419 1976 xiv,
442 1929 495 1973 not.
517 1923 571 1988 13.)
590 1923 656 1975 nisis
673 1923 757 1974 omisit
775 1920 912 1973 Moreiiius.
950 1919 998 1972 Pro
1017 1931 1093 1989 sors,
1122 1931 1150 1973 ut
1168 1911 1305 1990 perperim*

280 2006 375 2076 iegitur
392 2009 417 2060 in
437 2009 496 2060 cdd.
515 2018 577 2062 vett
598 2018 625 2063 et
642 2011 667 2062 iu
680 2009 778 2063 Eiusne.
792 2008 867 2061 Grer.
883 2017 958 2076 etque
972 2007 1078 2074 ibreii,
1098 2023 1186 2061 rerem
1205 2007 1299 2060 iectio-

280 2109 339 2146 nenr
367 2112 420 2148 suc
446 2110 461 2145 o
490 2096 565 2147 codd.
595 2099 758 2149 restituerunt
785 2095 922 2160 Manutius,
951 2094 1075 2164 Rigoitios
1104 2097 1128 2147 in
1155 2094 1302 2148 Observntt.

281 2195 307 2244 p.
328 2179 394 2244 170,
422 2179 562 2234 Gronovius
586 2184 604 2234 1.
625 2200 663 2248 c.‚
691 2181 778 2234 Feilus
802 2190 829 2233 et
852 2197 933 2249 nuper
959 2181 989 2231 il.
1011 2177 1129 2233 Denisius
1153 2182 1170 2233 Ι.
1191 2198 1212 2234 c.
1251 2179 1301 2233 seo

282 2263 331 2316 ioci
357 2283 458 2318 sensum
486 2285 538 2322 nun
565 2271 668 2337 cupiens
693 2268 817 2322 Pemelius
845 2283 930 2320 rursus
955 2276 1014 2336 post
1036 2287 1088 2322 suc
1113 2268 1210 2320 sodtdtr
1233 2277 1303 2322 ssts.

283 2348 401 2405 Boionius
419 2363 502 2406 entem
521 2371 537 2408 e
556 2364 675 2426 quuttuor
693 2355 760 2408 libris
781 2371 857 2421 mss,
873 2341 972 2424 ‘quibus
990 2354 1158 2422 sdstipniutnr
1176 2353 1234 2420 itu,
1259 2356 1302 2405 in-

283 2441 352 2490 vexit
369 2451 496 2495 cenante
514 2446 636 2512 temperis
653 2451 714 2495 ests
731 2445 798 2494 isets
816 2449 881 2494 sunt
904 2441 993 2508 sicque
1018 2440 1084 2491 hunc
1103 2440 1221 2493 iocutn‘s
1240 2441 1303 2492 viris

285 2524 437 2578 doctissimis
456 2529 562 2595 egregio
582 2527 742 2579 emendorum
762 2527 867 2590 nririfice
885 2527 1051 2593 deprecavit,
1071 2541 1180 2596 eumque
1197 2535 1304 2580 secutus

284 2618 334 2673 ost,
353 2612 420 2678 qnod
439 2615 531 2674 miror,
551 2614 605 2680 ipse
625 2615 775 2666 nouissimus
793 2611 887 2665 sdiror.
922 2617 981 2668 Suu
998 2617 1130 2668 iactentur
1147 2614 1235 2667 scribit
1254 2613 1303 2665 iic.

285 2694 343 2748 dior
365 2701 480 2766 fortitus
504 2697 558 2761 tto,
589 2699 648 2751 dein
672 2709 816 2768 autumpno
838 2700 860 2752 Α
885 2709 911 2751 ct
936 2701 976 2752 ed.
1000 2699 1082 2763 lien,
1109 2711 1175 2756 sont
1199 2715 1249 2754 orn.
1271 2700 1304 2752 Α.

286 2782 316 2848 3)
334 2787 451 2852 ascesis
471 2785 501 2835 W
526 2786 589 2846 (uid.
614 2790 734 2857 chner.
753 2787 770 2838 l.
790 2804 812 2838 c.
834 2804 858 2854 p.
878 2787 939 2839 433.
964 2805 989 2839 ν.
1008 2791 1121 2858 ecfari),
1150 2792 1308 2858 dsecfcssis

286 2867 333 2933 ils,
352 2875 467 2940 effossis
480 2871 524 2924 Be.
561 2872 610 2925 Pro
629 2884 762 2928 nituntur
774 2874 805 2925 W
823 2882 849 2925 et
862 2873 900 2925 ils
919 2879 1057 2942 fruuntur.
1089 2861 1158 2926 'licio
1176 2877 1312 2930 exhausti

284 2958 314 3007 Α.
352 2955 412 3009 Post
430 2976 512 3016 censs
530 2969 625 3028 puncto
644 2961 802 3030 distinguunt
821 2962 878 3014 cod.
899 2961 938 3012 tto
959 2968 985 3012 et
1004 2969 1067 3012 vett.
1087 2961 1147 3012 edd.
1168 2978 1188 3013 c.
1204 2951 1311 3042 Erotem.

284 3041 394 3111 Pergunt
412 3046 521 3100 deindor
540 3051 685 3102 Breuistnr
699 3076 728 3086 —
742 3057 766 3102 et
785 3051 914 3101 decrescit
932 3065 963 3100 cc
982 3051 1067 3118 deficit
1084 3051 1114 3101 irs
1132 3051 1206 3118 apris
1225 3051 1311 3118 cyri-

284 3135 350 3184 coto.
388 3132 495 3186 Gravius
515 3134 609 3187 dedite
626 3151 758 3204 pauperes
776 3152 858 3190 conoe
877 3137 1064 3191 oiirecioutur
1081 3162 1115 3184 i-
1133 3145 1156 3188 st
1175 3131 1315 3188 decrescit

284 3237 317 3272 sc
335 3222 421 3290 deficit
440 3230 501 3284 oto,
522 3221 664 3273 Morciiiue:
682 3241 709 3292 p.
724 3240 749 3306 υἱ
767 3225 922 3276 irecicrttur
941 3249 964 3260 -
991 3231 1016 3274 et
1034 3223 1163 3275 decrescit
1180 3223 1208 3272 in
1227 3224 1315 3277 crois
1409 3285 1410 3298 ἵ

285 3343 378 3408 aprio,
398 3340 437 3392 W.
453 3341 508 3393 iiub
528 3351 554 3394 et
566 3340 602 3395 Bb
622 3342 748 3395 scribunt:
766 3362 791 3412 p.
804 3361 830 3398 e.
843 3345 999 3398 breviantur
1017 3309 1168 3418 (dederetur,
1185 3342 1234 3406 sic,
1253 3339 1315 3407 Bb)

286 3455 314 3464 -
336 3437 360 3480 et
378 3431 509 3482 decrescit
527 3447 559 3484 sc
577 3421 708 3496 deficitis
726 3433 803 3484 orcis
822 3433 917 3499 apr-ic„
934 3430 995 3480 item
1014 3439 1038 3483 et
1056 3431 1186 3482 decrescit
1203 3445 1236 3481 sc
1254 3432 1315 3496 def.

283 3515 312 3566 irs
330 3517 406 3568 ercis
425 3516 462 3579 (in
480 3513 515 3567 Ba
535 3525 574 3568 est
592 3518 680 3586 spe-is)
700 3519 782 3586 optio.
804 3515 837 3567 Bu
858 3524 884 3567 et
904 3515 959 3579 itti,
983 3534 1010 3585 p.
1030 3534 1056 3570 c·
1078 3519 1234 3570 ireeistetur
1252 3516 1317 3580 (pr.

283 3603 431 3670 irecictur)
449 3615 474 3658 et
492 3607 623 3659 decrescit
640 3615 665 3658 st
682 3608 766 3674 delicit
783 3609 812 3658 in
829 3607 905 3674 apris
925 3608 1008 3671 sps-ic.
1029 3603 1107 3655 hebet
1124 3601 1172 3665 iic,
1190 3621 1215 3671 p.
1230 3605 1319 3656 csus‘e

283 3691 437 3743 irecicntstr
457 3719 487 3730 —-
506 3701 531 3744 st
549 3693 677 3746 decrescit
694 3695 781 3762 macie
799 3695 884 3762 apris.
902 3690 967 3756 (sic)
987 3690 1018 3743 Α.
1055 3688 1103 3742 Pro
1123 3693 1216 3753 orcis,
1236 3691 1317 3755 quod

283 3780 407 3826 testentur
424 3777 500 3828 etiern
514 3776 589 3828 codd.
604 3777 673 3841 Ver,
692 3777 836 3845 quindecim
850 3775 980 3828 Bsiosinni
992 3784 1018 3828 et
1030 3784 1149 3845 quettnor
1161 3774 1318 3840 Bodleinni,

283 3859 308 3910 in
332 3859 392 3912 edd.
418 3860 511 3915 nacor.
537 3863 630 3916 Peruei.
657 3862 748 3934 Rigeii.
775 3874 800 3918 et
825 3864 905 3918 oxon
930 3864 1026 3932 legitor
1050 3867 1135 3934 apris.
1172 3864 1251 3917 Voce.
1283 3869 1320 3918 in

283 3949 353 3999 orori
370 3958 452 4006 scuta
470 3949 560 4006 desunt
578 3952 602 4004 in
623 3950 654 4002 W
673 3960 699 4006 et
715 3952 780 4006 trec.
817 3951 876 4006 tto:
894 3955 922 4005 in
939 3961 998 4006 tero
1016 3951 1105 4009 scribit
1122 3948 1168 4015 Be,
1186 3954 1217 4004 iss
1233 3955 1320 4020 [orde
