2868 4700
753 371 796 444 62

266 532 416 618 promati
451 536 562 616 Doleo,
595 536 723 619 iratres,
753 538 843 604 doleo
871 541 1043 622 vobiscum,
1073 558 1131 606 nec
1153 541 1223 606 mibi
1245 543 1285 608 ad

267 649 424 715 leniendos
454 651 576 717 dolores
600 671 684 718 meos
707 655 863 740 integritas
886 659 1007 739 propria
1031 663 1061 720 et
1083 657 1194 720 sanitas
1216 659 1284 748 pri-

266 769 335 826 vata
356 763 521 846 blanditur,
548 764 666 846 quando
690 765 757 849 plus
779 775 883 849 pastor
906 769 935 831 in
959 769 1063 853 gregis
1087 773 1133 834 sui
1157 771 1284 835 vulnere

266 877 442 941 vulneretur
462 871 496 956 7).
542 878 614 942 Cum
637 879 763 962 singulis
785 889 890 961 pectus
913 901 1011 944 meum
1041 881 1166 965 copulo,
1195 901 1283 946 mae·

239 992 343 1053 tronis
373 996 403 1053 et
430 989 543 1054 funeris
573 991 708 1073 pondera
735 992 871 1056 luctuosa
899 995 1053 1076 participo.
1099 995 1170 1058 Cum
1193 997 1283 1078 plan-

264 1104 403 1189 gentibus
425 1104 545 1186 plango,
570 1122 636 1167 cum
660 1099 876 1183 deflentibus⁸t
902 1105 1008 1186 delleo,
1032 1126 1099 1170 cum
1115 1110 1282 1174 iacentibus

264 1219 364 1280 iacere
392 1236 441 1280 me
472 1218 573 1282 credo.
618 1219 723 1283 laculis
754 1220 811 1284 illis
827 1215 854 1298 9)
879 1224 1043 1304 grassantis
1073 1224 1183 1287 inimici
1215 1243 1283 1287 mea

263 1331 350 1394 simul
379 1333 510 1396 membra
540 1351 685 1416 percussa
712 1341 797 1414 sunt,
827 1336 996 1399 saevientes
1021 1337 1112 1420 gladii
1135 1357 1190 1420 per
1212 1357 1281 1401 mea

264 1447 382 1510 viscera
403 1447 592 1528 transierunt.
635 1447 765 1512 Inmunis
784 1443 822 1527 ¹⁰)
849 1455 878 1511 et
908 1449 985 1513 liber
1011 1468 1027 1512 a
1061 1453 1281 1533 persecutionis

226 1571 252 1616 1⁰
264 1561 386 1624 incursu
414 1543 510 1624 luisse
532 1579 593 1626 non
615 1568 715 1644 potest
736 1564 860 1627 animus.
905 1564 939 1629 ln
961 1567 1117 1647 prostratis
1141 1565 1283 1630 fratribus

264 1682 295 1738 et
316 1694 364 1738 me
385 1675 547 1757 prostravit
568 1673 712 1738 adlectus.

747 1874 806 1944 1v.

352 2016 493 2081 Habenda
516 2024 612 2082 tamen
636 2025 682 2082 est
698 2017 731 2097 ¹),
754 2017 862 2082 iratres
886 2017 1077 2097 dilectissimi,
1100 2021 1176 2084 ratio
1196 2021 1281 2085 veri-

265 2129 349 2211 tatis,
381 2149 439 2194 nec
461 2133 504 2194 sic
526 2137 656 2194 mentem
678 2130 768 2193 debet
790 2136 821 2192 et
842 2147 964 2194 sensum
986 2132 1206 2213 persecutionis
1229 2134 1281 2196 in-

265 2243 362 2308 festae
384 2246 543 2308 tenebrosa
566 2245 663 2330 caligo
686 2250 892 2324 caecassent
912 2244 984 2307 nibil
1006 2248 1183 2311 remanserit
1206 2249 1281 2312 lucis

228 2374 253 2418 ro
266 2365 298 2422 et
317 2360 452 2439 luminis,
479 2360 558 2422 unde
581 2359 680 2422 divina
704 2366 863 2442 praecepta
885 2359 1014 2442 perspici
1037 2363 1161 2443 possint.
1208 2362 1238 2428 Si
1254 2361 1281 2440 ²)

264 2470 357 2534 cladis
387 2489 477 2536 causa
507 2472 718 2554 cognoscitur,
753 2477 783 2534 et
813 2471 928 2536 medela
963 2473 1095 2538 vulneris
1123 2475 1281 2538 invenitur.

265 2585 409 2649 Dominus
420 2582 448 2663 3)
470 2586 592 2669 probari
615 2585 751 2649 familiam
774 2605 857 2651 suam
878 2588 982 2668 voluit,
1006 2594 1036 2650 et
1059 2592 1126 2670 quia
1146 2589 1282 2652 traditam

335 2829 364 2898 t)
383 2829 603 2886 culumaturlllb.
639 2829 668 2898 8)
680 2833 803 2901 flentibus
815 2831 865 2884 Mb.
897 2832 958 2884 Tum
977 2836 1115 2887 meiaccrc
1128 2833 1157 2885 tl.
1188 2829 1218 2902 9)
1231 2837 1281 2888 la-

264 2923 342 2974 culcc
365 2921 430 2973 llice
452 2918 502 2972 bld.
543 2917 609 2971 Dein
634 2923 785 2975 crassantis
809 2920 865 2972 blac
890 2937 912 2972 c.
936 2920 981 2974 Ba.
1025 2921 1142 2972 Proxime
1166 2924 1283 2974 membra

262 3009 350 3061 timul
363 3004 414 3058 lld.
448 3005 519 3057 Idem
537 3009 643 3060 eiecere
660 3023 724 3059 mac.
762 3006 823 3058 Voc.
842 3011 949 3062 uicem
970 3024 1020 3060 mn.
1040 3007 1071 3060 Α.
1109 3007 1153 3074 10)
1173 3010 1282 3063 lavitae

263 3093 294 3146 Α.
332 3094 394 3146 Tum
412 3096 550 3162 praeposit.
569 3115 585 3148 a
604 3095 629 3146 in
647 3093 727 3146 llbr.
747 3111 779 3145 m.
798 3110 876 3162 supra
893 3094 936 3146 lin.
956 3094 1058 3148 addidit.
1094 3093 1144 3146 l’ro
1165 3097 1283 3150 incursu

263 3181 303 3232 blc
322 3181 400 3234 habet
416 3185 596 3247 iucursaionc,
615 3180 725 3234 Furens.
744 3185 849 3250 impetu.
879 3181 1008 3250 Deinceps
1027 3183 1130 3234 inverso
1145 3179 1282 3233 verborum

263 3270 355 3322 ordine
372 3267 410 3321 Bb
430 3278 457 3322 et
473 3269 513 3322 lle
530 3286 583 3324 aon
600 3278 688 3340 potcst-
703 3272 809 3323 calmae
827 3273 926 3339 [νίκα.

334 3357 373 3410 Ill.
402 3356 430 3425 1)
449 3360 577 3412 Habenda
595 3366 696 3411 tontum
708 3355 759 3421 tid,
777 3360 894 3412 debenda
911 3367 952 3412 oct
969 3367 1055 3412 lemen
1067 3356 1097 3408 Α.
1127 3355 1205 3408 Paulo
1224 3363 1283 3424 post

264 3455 375 3500 mntem
392 3448 467 3499 deles
479 3444 531 3510 bld,
549 3454 574 3499 ct
591 3461 702 3500 seucum
720 3448 791 3499 debet
808 3442 859 3497 elio
878 3445 967 3497 ordine
984 3445 1035 3498 llb.
1067 3443 1167 3496 Deinde
1184 3447 1283 3514 infecta

262 3543 288 3588 et
306 3537 443 3588 tenebroso
461 3531 507 3585 llc.
542 3531 571 3583 ln
591 3531 707 3584 clausula
724 3543 840 3602 poscunt
859 3533 899 3584 blc
918 3541 944 3585 et
964 3549 1002 3601 pr.
1021 3531 1062 3584 tt.
1105 3531 1134 3600 2)
1153 3534 1207 3586 Sed
1230 3539 1283 3582 tres

264 3619 320 3674 ltal.
356 3619 418 3672 'lum
440 3623 549 3674 maceda
566 3618 599 3668 W
616 3628 642 3672 et
659 3619 708 3672 lla.
745 3614 869 3688 Ci.'Gap.
886 3619 940 3672 llll.
981 3621 1044 3672 Tota
1068 3619 1132 3671 bace
1155 3619 1284 3672 sententia

265 3707 424 3760 desideratur
447 3709 472 3760 in
495 3705 525 3760 Α.
568 3706 596 3773 3)
625 3712 700 3762 Deua
725 3707 767 3760 bld
793 3716 819 3761 et
842 3707 874 3761 Α.
917 3707 1004 3760 Statim
1026 3710 1140 3778 prebere
1157 3703 1199 3756 llld
1225 3721 1282 3757 cum

264 3793 335 3848 libris
353 3802 412 3847 aute
432 3793 507 3846 Grau.
526 3793 608 3860 editis,
627 3803 654 3847 et
672 3811 687 3847 e
705 3799 815 3866 probari
831 3795 878 3848 lte.
915 3795 1019 3848 luverso
1038 3801 1122 3847 auum
1144 3793 1281 3846 verborum

263 3882 353 3934 ordine
372 3881 413 3935 lib
430 3883 561 3951 familiam
577 3898 656 3937 cuam
671 3885 782 3953 probari
798 3885 894 3947 voluit,
911 3880 950 3934 ssb
967 3886 1039 3952 prol.
1052 3883 1139 3938 uoluit
1157 3882 1241 3950 smil.
1257 3897 1283 3936 c.

264 3966 293 4022 la
311 3985 382 4041 seqq.
402 3969 459 4023 cod.
477 3968 518 4021 llc
537 3985 559 4022 c.
578 3969 620 4023 ed.
632 3968 718 4023 Belua.
737 3969 816 4022 babet
831 3979 856 4024 et
872 3987 946 4039 perce,
965 3979 996 4026 ut
1012 3973 1050 4026 ita
1067 3972 1194 4040 dimac
1214 3972 1281 4024 dar·
