2868 4700
672 427 717 492 44

185 584 244 647 deo
266 584 366 648 carior
387 602 448 648 non
471 589 534 662 est;
568 584 618 667 qui
647 591 763 664 tamen,
794 584 923 667 quandiu
952 586 983 648 in
1004 585 1062 649 viis
1091 585 1202 649 domini

186 697 357 776 ambulavit,
388 697 489 762 tandiu
516 699 659 782 gratiam,
691 717 778 779 quam
801 697 838 761 de
861 698 980 762 domino
1006 699 1102 763 lucrat
1124 717 1202 762 con-

183 817 314 888 secutus,
338 810 462 874 obtinuit
469 831 479 886 ;
501 817 658 892 postquam
682 810 840 891 dereliquit
870 810 980 874 domini
1003 811 1097 889 viam,
1126 829 1202 892 per·

184 921 255 985 didit
278 929 309 984 et
330 924 456 1005 gratiam
485 923 604 986 domini.
649 922 686 984 Et
713 921 781 985 ideo
810 924 951 1005 scripturn
982 930 1028 986 est
1045 918 1087 1001 7);
1122 923 1202 986 Tene

156 1036 267 1117 equod
286 1034 399 1108 laudes,
431 1052 469 1095 ne
498 1034 579 1096 alius
610 1033 745 1113 accipiat
759 1027 786 1110 ⁸)
809 1052 955 1096 coronam
980 1041 1068 1096 tuom.
1115 1034 1201 1108 Quod

182 1148 285 1228 utique
309 1147 446 1209 dominus
468 1163 529 1209 non
560 1147 724 1208 minaretur
752 1146 864 1209 auferri
880 1141 908 1225 9)
938 1164 1029 1228 posse
1059 1164 1202 1210 coronam

182 1261 328 1339 iustitiae,
357 1260 415 1324 nisi
446 1260 514 1340 quia
543 1259 708 1322 recedente
731 1259 839 1321 iustitia
861 1258 984 1321 recedat
1007 1276 1134 1322 necesse
1158 1265 1203 1322 cst

183 1383 214 1439 et
236 1393 357 1438 corona.
404 1372 562 1436 Confessio
585 1371 742 1436 exordium
763 1367 801 1450 ¹⁰)
823 1371 939 1453 gloriae
963 1378 1023 1451 est,
1050 1389 1112 1435 non
1134 1389 1202 1433 me-

183 1490 270 1552 ritum
293 1489 349 1552 iam
372 1505 514 1567 coronae,
538 1504 595 1550 nec
610 1469 733 1567 'perlicit
754 1486 881 1566 laudem,
905 1485 958 1550 sed
983 1487 1076 1548 initiat
1099 1487 1202 1570 digni-

143 1621 171 1664 ro
184 1607 285 1680 utem,
308 1618 435 1681 cumque
458 1600 599 1682 scriptum
622 1600 677 1662 sit:
702 1598 762 1675 Qui
778 1601 1028 1681 perseveraverit
1044 1599 1083 1678 ¹¹)
1105 1619 1202 1680 nsque

182 1717 216 1777 in
237 1715 338 1794 ficana,
361 1714 412 1776 laic
433 1714 539 1776 saluus
562 1715 630 1790 erit,
656 1712 795 1794 quicquid
817 1719 886 1776 ante
901 1713 989 1776 linem
1006 1713 1105 1792 luerit,
1127 1731 1202 1795 gra-

184 1825 239 1890 dus
263 1832 318 1905 cst,
341 1843 401 1908 quo
426 1824 463 1887 ad
484 1825 634 1908 fastigium
649 1826 751 1888 salutis
768 1827 948 1906 ascenditur,
971 1844 1033 1889 non
1049 1826 1201 1903 terminus,

185 1956 246 2023 quo
269 1940 326 2001 ium
349 1939 484 2003 culminis
507 1957 619 2002 summa
638 1945 784 2002 teneatur.

182 2230 267 2300 gelum
291 2229 488 2300 Philadelphiae.
525 2231 612 2301 ltaque
636 2230 764 2284 Pamelius
790 2233 891 2283 retinuit
916 2232 1019 2300 quidem
1043 2246 1100 2282 eam
1124 2229 1200 2281 addi-

182 2321 295 2384 tionem,
321 2320 367 2371 sed
390 2320 485 2372 delevit
508 2335 554 2384 sa,
581 2335 646 2388 quae
667 2319 811 2371 referuntur
831 2336 862 2371 ex
880 2319 1038 2386 apocalypsi.
1071 2319 1107 2370 lta
1126 2319 1201 2369 etiam

182 2406 315 2477 Rigaltius.
350 2405 407 2475 Ego
425 2422 488 2458 sero
508 2409 591 2458 omnis
611 2409 753 2474 supprimo,
780 2409 838 2474 quia
862 2407 904 2458 illa
930 2423 981 2458 non
1001 2408 1085 2458 inveni
1106 2409 1130 2457 in
1150 2404 1201 2456 ullu

182 2503 296 2547 veterum
316 2495 495 2563 exemplarium
513 2503 666 2558 nostrorum,
687 2497 745 2563 quia
765 2494 855 2545 desunt
871 2497 897 2545 in
917 2496 1035 2546 undecim
1053 2492 1200 2561 Anglicenis

183 2590 210 2634 et
235 2585 261 2633 in
287 2583 439 2634 editionibus
468 2584 609 2635 llanntinna
637 2581 843 2648 antiquioribus.“
886 2585 1030 2636 natust-aa.
1048 2609 1082 2618 -
1102 2579 1200 2630 Abeunt

181 2669 224 2721 illa
242 2669 320 2721 verba
340 2672 415 2722 etiam
433 2686 449 2721 a
467 2672 560 2722 nostris
579 2670 662 2733 codd,
682 2671 762 2735 Neap.
781 2677 858 2738 atque
871 2668 926 2720 Vat.
947 2669 1071 2722 omnibus.
1101 2667 1199 2720 Idcirco

182 2755 300 2808 Baluzius
319 2759 410 2808 merito
430 2757 615 2809 exterminavit.
650 2757 680 2820 7)
695 2757 848 2823 apocalyps.
870 2757 895 2821 3,
917 2757 956 2808 11.
994 2756 1023 2821 8)
1044 2753 1198 2824 accipictA.

182 2842 213 2905 9)
233 2848 339 2911 αιιίεννι
352 2843 402 2896 llo.
432 2843 498 2895 Dein
517 2861 641 2896 corciram
657 2861 740 2913 posse
753 2843 799 2896 lllc.
830 2843 895 2896 Part.
916 2854 939 2898 et
957 2851 1016 2894 ante
1034 2861 1132 2896 corona
1150 2857 1199 2894 om.

182 2933 249 2984 idem
269 2930 343 2982 liber.
381 2930 424 2992 10)
444 2934 602 2985 exlordium
621 2929 670 2981 llb.
706 2929 766 2982 Tum
785 2940 810 2984 ct
828 2946 875 2999 pro
894 2941 934 2985 cst
951 2931 982 2982 Α.
1014 2929 1083 2981 ldem
1102 2937 1128 2980 et
1146 2937 1199 2979 tres

183 3019 242 3070 Ver.
257 3023 382 3072 omium.
413 3017 506 3070 Contra
520 3017 560 3068 llb
579 3017 669 3068 habet:
688 3021 756 3072 Nom
773 3020 820 3083 (ita
838 3021 864 3070 in
882 3034 941 3084 ras,
960 3026 1056 3085 puncto
1074 3015 1198 3084 praefixo)

182 3125 294 3162 coronae
311 3124 359 3160 nec
377 3110 479 3176 perficit
495 3108 606 3160 laudem.
641 3103 758 3156 Proxime
777 3124 837 3160 cum
855 3111 984 3176 scripturn
1002 3108 1039 3158 sit
1057 3102 1106 3154 llld.
1141 3101 1198 3153 Vid.

181 3193 268 3246 llattn
284 3193 325 3258 10,
340 3194 381 3245 22,
414 3192 457 3256 11)
472 3192 582 3243 Additur
593 3196 678 3262 inquit
690 3195 715 3244 in
730 3193 778 3246 llb.
809 3193 908 3246 Deinde
920 3211 1004 3263 usquc
1016 3195 1049 3245 ad
1059 3197 1135 3261 finem
1151 3204 1199 3241 ex-

182 3280 268 3332 hibent
281 3281 346 3347 Mad,
366 3289 392 3333 ut
405 3279 462 3332 edd.
475 3278 569 3332 Pamcl.
582 3279 639 3348 ing.
654 3290 680 3333 et
692 3278 772 3334 Oxou.
803 3280 851 3332 Pro
864 3297 917 3350 seq.
932 3286 984 3342 tic,
1004 3279 1070 3349 quod
1085 3279 1157 3330 deest
1172 3279 1198 3330 in

180 3366 229 3433 Bb,
247 3368 279 3418 W
293 3375 318 3418 st
336 3367 394 3419 cdd.
408 3375 465 3420 ante
479 3366 572 3419 Manut.
591 3384 641 3418 una
662 3385 718 3420 cum
732 3369 878 3420 llorclliana
897 3369 956 3420 dant
975 3372 1015 3440 is..
1040 3367 1099 3419 Mox
1117 3370 1197 3436 puid-

181 3458 243 3524 quirl
254 3454 304 3507 Mb.
335 3455 411 3506 Verb.
423 3458 506 3524 fuerit
518 3456 543 3505 in
555 3454 602 3506 lllc.
616 3458 723 3525 margini
742 3456 879 3524 adpictum.
911 3455 972 3506 Tum
990 3473 1040 3526 quo
1058 3459 1198 3524 snstipium

180 3541 239 3593 lllbc
262 3551 288 3594 ct
314 3540 361 3592 Bb.
397 3541 463 3592 Dein
492 3545 571 3595 ectus
597 3547 752 3598 ascenditur
776 3543 820 3594 Ba.
859 3540 937 3607 „Cod
957 3541 981 3593 S.
1000 3542 1118 3608 Dionysii
1143 3541 1197 3593 lla-
1230 3574 1233 3588 .

181 3630 276 3679 mensis
292 3631 449 3682 extenditur.
486 3626 536 3686 Pro
555 3645 605 3696 quc
625 3629 737 3681 fortassis
755 3628 894 3696 legendum
919 3637 958 3679 est
981 3633 1147 3693 menradum,
1172 3635 1199 3679 ut

181 3714 247 3781 apud
260 3719 344 3769 Pacis.
363 3713 389 3767 t.
402 3714 465 3768 Xlll.
486 3717 521 3784 [c.
541 3717 578 3784 5.]
597 3716 729 3768 Annalium
749 3719 888 3770 accredere
905 3725 1058 3786 srrppmtum
1077 3721 1197 3784 impera-

181 3804 250 3855 toris
268 3807 294 3850 et
312 3799 337 3852 L.
356 3801 408 3854 XV.
428 3804 464 3871 [c.
484 3804 539 3871 ta]
557 3815 648 3859 rostra
665 3804 829 3858 cacerrdere.“
865 3806 1008 3857 Batonius.
1028 3833 1060 3843 —
1078 3802 1127 3854 Pro
1145 3821 1199 3856 non

181 3890 312 3942 immicus
338 3887 376 3941 Bb
402 3906 536 3959 perperam
562 3909 611 3945 con
638 3894 776 3944 terminas.
821 3889 905 3942 Verba
935 3893 1061 3957 proxima:
1092 3907 1197 3944 summu

181 3983 284 4034 tenetur
303 3977 374 4048 (sic),
393 3975 434 4031 llb
453 3994 469 4030 ιι
487 3993 508 4030 ι.
528 3993 559 4031 m.
578 3992 655 4047 supra
672 3976 716 4030 lin.
735 3975 820 4028 habet.
