2904 4692
753 363 795 428 58

265 525 404 590 Ceterum
428 541 444 587 a
467 543 527 607 quc
552 525 626 590 deus
642 519 670 595 ²)
693 520 911 599 sanctificatur,
938 521 988 602 qui
1011 521 1075 602 ipse
1098 521 1287 612 sanctificat?

266 637 325 704 Sed
348 639 417 719 quie
439 637 505 718 ipse
529 634 602 698 diadt
617 631 664 711 8);
695 631 802 694 Sancti
824 639 940 708 mente,
963 633 1112 711 quoniam
1127 630 1155 710 ⁴)
1179 644 1210 696 ct
1229 654 1287 716 epo

265 758 394 814 sanctus
417 769 495 826 eum,
519 749 547 811 id
571 749 698 829 petimus
722 752 752 806 et
775 761 934 828 rogamus,
961 749 992 807 nt
1014 748 1065 826 qui
1088 747 1119 808 in
1142 747 1286 830 neptim

266 864 582 940 senoniensium,
612 863 642 926 in
665 877 703 922 eo
726 858 807 940 quod
831 877 901 922 esse
924 860 1078 941 coepimus
1101 879 1286 942 persevere-

266 997 340 1042 mus.
378 976 414 1040 Et
436 976 495 1039 hoc
518 971 667 1046 cotidie⁵t
691 973 895 1056 deprecamur.
934 973 1018 1055 Opus
1038 980 1084 1036 est
1106 977 1183 1037 enim
1199 977 1287 1040 nobis
1328 1002 1330 1006 ·

267 1091 414 1154 cotidiana
427 1085 454 1162 6)
478 1088 682 1165 sanctificatio,
705 1086 805 1166 utqui
824 1085 932 1148 cotidie
948 1085 1155 1167 delinquimus,
1179 1089 1287 1153 deticta

261 1209 369 1292 nostra
400 1201 632 1265 sanctificatione
665 1198 786 1262 adsidua
819 1215 1025 1280 repurgemus.
1072 1201 1157 1274 Quae
1189 1209 1286 1265 autern

266 1317 304 1379 sit
327 1315 530 1392 sanctificatio,
554 1331 633 1394 quae
655 1311 743 1376 nobis
769 1311 806 1372 de
820 1305 846 1388 7)
867 1310 915 1373 dei
933 1311 1106 1397 dignatione
1122 1314 1287 1398 confertur,

266 1603 283 1636 ιι
305 1583 410 1636 domino
429 1577 550 1630 exhibent
569 1576 589 1630 C
608 1586 634 1630 et
654 1577 707 1644 Bb,
735 1583 765 1633 ot
784 1596 813 1632 eo
833 1579 929 1645 primae
949 1579 1019 1632 dedit
1036 1579 1155 1634 Erasmus
1177 1601 1287 1654 eumque

267 1669 349 1720 secati
368 1674 426 1718 sunt
444 1665 559 1718 editores
578 1667 735 1732 posteriores
753 1681 851 1720 omnes.
884 1665 912 1718 ln
924 1683 996 1737 seqq.
1011 1668 1051 1720 nn
1064 1669 1181 1722 ordinem
1196 1671 1229 1722 ite
1244 1672 1287 1722 io-

267 1756 359 1805 vertit:
379 1763 409 1806 ut
426 1756 608 1822 sanctificetur
625 1771 720 1806 nomen
738 1757 797 1806 eine
814 1756 843 1806 ιἰι
861 1758 945 1808 notia.
979 1755 1105 1808 Verbeia
1117 1760 1203 1810 nodie.
1233 1760 1286 1811 Oe-

267 1852 352 1896 terum
376 1849 434 1908 poet
450 1843 633 1908 sanctificetur
650 1838 717 1892 male
735 1839 837 1892 infercit
856 1843 886 1892 Α.
922 1841 951 1903 2)
969 1845 1035 1896 deus
1053 1857 1103 1892 om.
1124 1841 1159 1892 Bc
1178 1852 1205 1893 et
1222 1828 1287 1894 dart.

267 1926 316 1980 Pro
335 1943 386 1996 que
404 1930 528 1982 ὀιιιιίιιιιι
546 1925 624 1979 hebet
643 1926 689 1979 Bb.
727 1926 859 1994 Vulgatem
879 1935 964 1980 eutem
983 1928 1118 1994 tectionem
1138 1937 1239 1980 tuentur
1259 1937 1287 1980 et

265 2014 320 2066 rell.
338 2015 394 2068 tibri
413 2029 501 2067 omnes
520 2022 546 2066 et
559 2013 584 2064 S.
600 2017 771 2084 Anpnctinue
789 2013 804 2064 Ι.
819 2030 841 2066 c.
879 2015 908 2078 3)
922 2014 1004 2066 Levit.
1019 2015 1062 2080 20,
1076 2016 1100 2066 7.
1138 2015 1168 2082 4)
1181 2021 1243 2084 qnia
1255 2015 1285 2066 A.

266 2099 474 2169 Quodsequitnr
491 2112 516 2155 et
534 2117 584 2153 cm.
605 2100 651 2152 Bb.
672 2101 709 2152 tii
724 2102 902 2170 editioneeqae
922 2101 1072 2156 Gravienam
1090 2102 1285 2166 antecedentes,

266 2187 306 2238 Me
326 2195 409 2239 autem
428 2190 495 2240 inter
514 2188 557 2240 tin.
577 2187 661 2240 habet.
695 2187 768 2256 Apud
788 2187 1078 2259 &ducentenario
1097 2205 1184 2240 omnes
1204 2203 1286 2256 prope

266 2273 335 2326 MSS.
357 2275 464 2326 testibus
484 2274 602 2328 Mearinie
620 2275 740 2328 exhibent
759 2280 883 2345 quomado
902 2293 964 2345 ιρις
993 2276 1086 2344 tegitur
1110 2269 1194 2328 tamen
1219 2275 1286 2344 apud

266 2362 376 2414 eundem
401 2371 488 2415 contre
513 2363 574 2414 duee
594 2364 668 2429 epist.
688 2360 773 2428 Peteg.
796 2361 835 2412 W.
857 2363 882 2423 9,
900 2361 941 2412 25.
963 2361 1032 2414 Tem.
1046 2379 1068 2413 e.
1089 2379 1113 2429 p.
1128 2362 1188 2414 483.
1209 2362 1239 2414 D.
1260 2370 1286 2412 et

267 2448 300 2499 de
319 2449 387 2500 dono
407 2457 581 2516 perseverent.
601 2463 657 2516 cap.
672 2447 701 2498 11.
721 2449 745 2512 §.
760 2449 784 2498 d.
804 2447 832 2497 t.
846 2463 868 2499 a.
889 2465 912 2514 p.
927 2448 987 2498 ott.
1007 2447 1053 2512 B..
1078 2449 1121 2502 nbi
1141 2452 1201 2501 item
1221 2450 1287 2502 haec

265 2533 350 2586 Nostri
369 2537 449 2587 verbe
469 2535 618 2596 laudentur,
640 2537 763 2607 poeninen
782 2543 806 2585 et
824 2551 870 2602 epo
889 2534 945 2584 eine
965 2533 1014 2584 utta
1033 2537 1182 2590 variatione.
1219 2541 1288 2591 Sum

266 2635 316 2670 om.
331 2621 360 2668 W
380 2629 406 2670 et
421 2619 484 2671 itae.
521 2619 582 2670 Τιιιιι
600 2623 657 2674 a'rteo
674 2623 788 2687 petimur
807 2619 920 2672 scribunt
931 2619 968 2671 Bb
988 2630 1014 2671 et
1028 2621 1065 2672 dii
1081 2625 1288 2689 conrpirennbne

266 2705 337 2757 tibris
356 2713 414 2757 aete
433 2705 528 2756 Pamet.
549 2706 635 2770 editis,
654 2725 671 2758 ιι
689 2709 734 2758 dec
754 2717 802 2774 pet.
821 2706 851 2759 A.
889 2705 1010 2773 Coputana
1030 2716 1089 2760 ante
1107 2727 1234 2779 ropemee
1254 2713 1286 2765 m

265 2790 297 2841 at.
320 2807 351 2842 ιιι.
372 2794 438 2845 inter
456 2775 522 2845 ver'e.
543 2791 619 2844 taber
637 2792 677 2844 W.
724 2793 752 2859 5)
776 2796 811 2847 tn
832 2799 882 2848 troc
900 2798 967 2862 qnod
985 2798 1099 2862 qnotidie
1116 2795 1148 2848 tt.
1187 2801 1289 2854 Cotidie

265 2881 352 2947 recepi
378 2896 410 2931 ex
429 2880 468 2930 W.
496 2879 566 2932 nant
588 2887 614 2932 et
639 2867 866 2948 Resquibueemn
892 2880 988 2934 iaciunt
1013 2882 1071 2934 edd.
1091 2881 1136 2934 st’.
1162 2892 1188 2935 et
1212 2883 1286 2948 Dav,

265 2969 369 3020 cottidie
388 2967 448 3018 dent
467 2966 522 3020 Bbc
541 2974 567 3019 et
586 2967 652 3032 ned,
674 2971 803 3037 qnadta'die
822 2965 852 3031 G,
874 2971 998 3038 quottidie
1018 2969 1076 3020 edd.
1096 2969 1184 3022 Venet.
1205 2971 1287 3024 iiunn.

263 3053 371 3117 lieren,
400 3058 514 3124 qnotidie
533 3054 623 3106 Meet
645 3053 666 3104 Α
691 3070 713 3106 c.
740 3056 831 3106 ceteris
856 3054 913 3108 edd.
949 3054 1015 3106 Dein
1039 3072 1182 3125 ρνιιιιιιιιι
1200 3056 1284 3108 tibed.

265 3137 327 3190 Bbc.
343 3141 373 3190 Α.
410 3141 438 3202 6)
457 3145 589 3195 cotidiene
602 3139 641 3190 W.
656 3139 718 3192 mut.
730 3140 775 3202 Be,
795 3142 854 3192 item
873 3142 932 3194 edd.
946 3141 992 3194 SP.
1008 3151 1035 3194 et
1050 3141 1124 3207 Der..
1145 3148 1287 3198 cottidiana

265 3226 318 3279 nnc
338 3237 365 3279 et
385 3227 473 3290 tired,
492 3230 604 3296 quodta'd
625 3224 661 3288 C,
680 3230 785 3295 quottid.
806 3227 864 3280 edd.
886 3227 975 3281 venet.
996 3228 1122 3282 etlinun.
1142 3245 1165 3282 c.
1184 3228 1286 3296 nanu..

264 3316 362 3382 qnotid-
383 3312 423 3366 ue
442 3321 468 3364 et
488 3312 519 3377 A,
538 3321 566 3363 ut
584 3312 654 3380 vulg.
690 3317 870 3386 Sanctificota'o
888 3315 1063 3382 praebuerunt
1081 3315 1109 3367 C.
1130 3316 1169 3366 W.
1190 3316 1283 3369 Habet.

265 3397 300 3450 Be
323 3400 499 3468 editioneeque
524 3398 567 3450 SP.
594 3398 684 3452 venet.
712 3399 774 3452 Dav.
800 3399 878 3454 Κιιιιιι.
905 3415 950 3470 pro
973 3402 1043 3470 vulg.
1068 3407 1285 3473 sanctificatione.

264 3485 348 3539 Verba
368 3487 498 3554 proxima:
518 3497 546 3540 nt
565 3489 610 3556 pei
630 3515 661 3524 -
683 3515 715 3525 -—
734 3492 943 3557 sanctificatione
961 3489 1053 3541 denunt
1070 3491 1094 3541 ie
1109 3488 1138 3541 A.
1175 3489 1223 3542 Pro
1239 3495 1287 3560 pei

264 3575 289 3624 in
310 3572 348 3624 die
369 3573 477 3624 hebetur
495 3579 564 3644 quin.
602 3573 666 3627 Dein
692 3578 786 3629 cotidie
810 3575 923 3627 scribunt
941 3575 979 3626 W.
1000 3575 1041 3626 tib
1066 3584 1093 3626 et
1112 3575 1146 3626 Ba
1172 3591 1285 3628 concor·

265 3661 384 3712 dentibus
402 3661 460 3712 edd.
475 3659 520 3712 SP.
539 3669 564 3712 et
578 3660 652 3727 orn,
672 3665 758 3716 cottid.
779 3661 864 3713 Maedi
881 3671 906 3712 et
925 3661 986 3725 Bbc,
1006 3667 1131 3732 quottidie
1149 3663 1169 3716 C
1188 3665 1285 3716 editio-

266 3764 364 3816 neeqae
385 3747 473 3800 Venet.
494 3747 636 3812 etlinun,
656 3732 751 3818 quodid.
772 3748 811 3799 ue
831 3765 853 3801 c.
872 3749 982 3818 vulgatis
1002 3749 1073 3801 tibris
1091 3749 1147 3802 retl.
1184 3751 1241 3802 tior
1260 3763 1286 3806 et

263 3840 378 3890 accidua
396 3853 573 3905 repugnemus
592 3836 656 3903 (rte)
677 3836 754 3888 habet
772 3834 810 3899 Α,
838 3839 952 3890 adsidue
976 3851 1024 3903 pro
1048 3841 1162 3892 accidua
1186 3839 1285 3891 namet

263 3935 296 3970 ex
316 3923 391 3974 codd.
411 3921 439 3975 C.
461 3922 491 3974 W
510 3931 537 3974 et
554 3921 619 3975 tteb.
657 3924 685 3983 7)
704 3927 800 3975 denna
822 3920 857 3972 Bc
875 3930 902 3973 et
922 3922 985 3974 tter.
