2904 4692
767 387 810 454 94

281 546 420 626 ctissimi,
451 546 609 629 invipitsre
642 552 672 608 et
702 546 875 608 incumbere
906 543 942 606 od
973 562 1083 626 preces
1115 552 1177 610 toto
1206 545 1299 610 cortis

282 659 434 724 debemus.
476 659 624 742 Cogitetio
648 661 744 723 omnis
759 659 885 723 cornutis
907 663 937 720 et
960 657 1123 722 seeouisris
1137 655 1163 735 ²)
1187 661 1297 724 obsoc-

282 772 349 850 drt,
379 789 436 834 nec
460 773 615 853 quicquum
638 779 709 836 tunc
732 774 863 850 animus,
897 789 983 852 quom
1014 771 1042 833 id
1066 771 1162 836 seium
1186 774 1300 856 cogitet

282 883 363 965 quod
392 891 543 966 precetur.
589 885 661 947 ideo
685 891 713 946 et
743 883 886 948 sacerdos
916 889 984 946 unte
1008 885 1174 948 ‘cretionem
1205 903 1299 966 proe-

282 996 394 1061 intioue
417 999 579 1079 praemisso
602 1005 686 1079 peret
701 997 822 1061 instrum
845 1003 960 1060 mentes
976 995 1122 1060 dicendo:
1144 997 1257 1062 Surum
1270 995 1298 1074 ³)

283 1108 390 1185 corde,
414 1115 460 1186 ut,
484 1106 552 1170 dnm
575 1106 739 1189 respondet
761 1108 861 1188 ptebs:
885 1100 1041 1170 Habonius
1063 1109 1297 1186 codonium,

282 1219 476 1282 admonentur
492 1219 563 1283 nibil
579 1219 657 1282 uliud
673 1237 718 1298 se,
741 1237 827 1300 quom
844 1219 994 1288 dominmn
1018 1222 1154 1304 cogitare
1176 1222 1298 1287 debere.

283 1331 425 1396 Gludntur
435 1328 462 1409 ⁴)
486 1341 590 1396 contro
613 1333 818 1396 adversarium
849 1340 954 1414 pectus
977 1340 1007 1395 et
1030 1334 1086 1397 soli
1109 1333 1168 1397 dcc
1191 1342 1299 1418 potest,

282 1567 423 1632 incipitcre
447 1579 480 1614 er
505 1562 579 1614 codd.
599 1561 626 1613 G.
647 1561 687 1612 W.
708 1562 796 1613 urere
822 1570 849 1614 et
872 1562 958 1629 Bibe,
986 1563 1132 1633 quibuscum
1160 1565 1299 1619 oonmrdst

283 1649 361 1701 editio
380 1665 482 1718 quoque
502 1648 597 1701 bioreil.
636 1647 741 1700 inverso
760 1649 849 1701 ordine
868 1659 920 1706 toto
939 1653 1017 1705 rorte
1037 1654 1179 1721 incipitcre
1202 1661 1226 1706 et
1250 1655 1298 1704 in·-

283 1741 402 1790 cumbm
427 1739 461 1790 ad
481 1752 576 1805 pecco
600 1738 723 1789 tatemer
747 1734 835 1788 scribit
858 1735 905 1788 bb.
941 1736 1052 1792 Portet
1075 1754 1124 1790 om.
1144 1737 1181 1790 Bc
1205 1746 1231 1790 et
1249 1738 1298 1791 bic.

283 1823 311 1885 2)
336 1824 488 1876 summarie
513 1830 537 1874 st
561 1824 680 1874 emmo
705 1820 738 1871 ri.
761 1821 815 1875 ord.
842 1821 961 1874 exhibent
985 1824 1044 1876 edd.
1067 1832 1169 1878 vetto.
1189 1823 1298 1888 limem„

282 1919 307 1962 ot
324 1910 478 1963 eaerulus-ir
497 1921 547 1958 om.
568 1905 640 1958 ttucd
659 1913 686 1957 et
703 1904 747 1957 te.
784 1905 864 1960 Deest
883 1917 947 1962 tunc
965 1911 991 1960 ir
1010 1908 1039 1962 G.
1075 1909 1210 1978 repom
1232 1914 1300 1982 ponet

282 1998 375 2064 copitet
392 2005 417 2047 st
435 1996 503 2062 puori
519 2002 646 2060 procetur
664 1991 755 2059 iegitur
772 1993 797 2043 in
816 1993 862 2058 W,
891 2004 914 2047 ot
938 1999 1006 2063 quoi
1028 2006 1153 2063 precatur
1178 1999 1252 2050 etiem
1271 1998 1296 2050 in
1328 2020 1333 2026 ·
1442 2043 1443 2071 3

280 2081 326 2130 bin.
365 2078 550 2131 Coniunctioue
569 2088 592 2132 et
610 2094 681 2130 erese
703 2076 743 2129 bib
764 2079 842 2132 hebet
858 2098 1024 2148 praecemur.
1062 2083 1123 2135 Tum
1145 2085 1212 2136 idem
1231 2085 1297 2136 tiber

279 2177 303 2219 st
326 2169 382 2220 ideo
407 2177 431 2219 et
453 2169 581 2219 sacerdos
607 2176 666 2218 onte
687 2169 878 2234 praefationem
895 2185 972 2235 prere
991 2172 1041 2234 (pr.
1059 2173 1195 2239 precem)
1211 2188 1294 2240 proo-

278 2255 468 2323 oocuparet,
488 2251 527 2302 tte
546 2262 569 2305 et
586 2255 762 2321 praefatione,
782 2251 811 2301 W
829 2258 973 2321 promisca.
1009 2254 1108 2308 Deinde
1119 2261 1222 2328 parabit
1234 2258 1295 2308 dent

279 2373 314 2427 bo
334 2383 359 2427 rt
377 2373 441 2426 ttcd.
488 2375 516 2440 3)
542 2372 577 2424 its
597 2373 617 2424 C
637 2382 662 2424 et
680 2373 727 2436 W,
756 2351 867 2428 currum
888 2379 916 2440 (r
933 2375 965 2426 sb
984 2376 1015 2428 nl.
1030 2357 1068 2428 m.
1088 2380 1224 2444 superser.)
1243 2377 1295 2442 bib,

279 2462 345 2530 vulp.
358 2479 477 2516 sucrum·
515 2464 617 2514 Surum
629 2460 722 2528 legitur
735 2463 812 2512 etism
826 2476 866 2527 ep.
879 2465 1035 2516 tertullien,
1049 2464 1081 2514 de
1094 2466 1295 2531 praescriptione

278 2548 463 2600 hoereticorum
491 2561 548 2613 erp.
567 2545 652 2598 xxu:
669 2563 694 2612 p.
715 2548 765 2599 563
794 2548 833 2599 ed.
864 2545 966 2599 0ehier.
1004 2552 1225 2614 „Commodianus
1252 2553 1294 2604 iu·

279 2633 487 2684 structionem:
507 2636 640 2686 Sacerdos
655 2637 755 2688 domini
773 2653 833 2688 oum
852 2653 950 2690 rusum
969 2639 1049 2690 corde
1065 2641 1199 2706 praecipit.
1238 2636 1293 2690 Au·

278 2720 341 2788 tiqui
366 2720 432 2780 usim
456 2735 534 2786 scope
555 2720 700 2772 scribebant
723 2740 821 2776 eurum
845 2738 891 2789 pro
916 2741 1045 2788 sursum,
1072 2724 1106 2774 uti
1131 2723 1239 2774 diximus
1261 2724 1293 2776 mi
1400 2791 1404 2798 Ι

279 2814 356 2872 ceput
376 2805 416 2876 tit.
442 2805 500 2858 libri
524 2809 657 2862 hortensii
683 2808 715 2860 de
742 2807 863 2860 mortibus
886 2817 1084 2874 persecutorum.
1127 2810 1201 2862 brido
1228 2825 1294 2862 nuuc

282 2897 445 2958 Vitruvium,
474 2894 540 2961 opud
562 2911 636 2964 quem
655 2894 697 2946 lib.
721 2895 758 2946 10.
786 2911 842 2962 erp.
862 2893 879 2944 8
902 2895 996 2963 legitur
1020 2900 1051 2949 ct
1076 2898 1129 2948 imo
1152 2913 1249 2950 rurum
1268 2896 1293 2946 in

278 2983 359 3033 veteri
384 2982 474 3036 codice
500 2980 549 3032 ttS.
576 2980 641 3053 Βριτὶ
667 2981 771 3033 Pitheci.
809 2979 873 3032 victe
897 2981 1071 3032 onomasticon
1095 2981 1234 3048 Rosweydi
1261 2983 1293 3034 cd

278 3070 342 3120 vitro
358 3078 456 3135 potrum
469 3077 495 3120 et
507 3071 650 3120 notationes
664 3071 720 3120 eius
733 3069 763 3118 nd
778 3066 984 3134 martyrologium
998 3067 1120 3118 Adonis.“
1150 3071 1292 3122 boionius.

279 3152 350 3206 Coni.
370 3154 454 3206 ednot.
474 3154 504 3205 nd
524 3154 614 3206 librum
634 3155 666 3206 dc
685 3154 754 3206 bono
773 3156 878 3221 patient.
899 3169 921 3205 c.
933 3153 995 3205 xit.
1016 3170 1052 3204 ur.
1068 3156 1090 3204 7.
1125 3155 1186 3206 Tum
1205 3164 1229 3208 et
1247 3170 1294 3220 pro

205 3262 207 3268 ·
278 3251 306 3294 ut
325 3240 365 3291 W.
386 3239 421 3292 Bc
440 3249 466 3291 ct
486 3240 557 3306 Mod,
576 3219 606 3296 rit
623 3253 710 3296 cortem
728 3244 863 3309 respoudit
883 3241 938 3304 iis,
956 3244 1093 3310 respoudit
1111 3242 1186 3292 etism
1206 3239 1233 3292 C.
1253 3239 1292 3292 W.

272 3325 313 3376 -Btr
332 3333 358 3378 et
379 3343 416 3393 pr.
436 3326 493 3391 bib,
518 3331 593 3397 ptcpe
612 3327 659 3378 Mu.
698 3327 771 3378 Coni.
791 3343 846 3394 cep.
866 3325 951 3412 XVlib
973 3334 1024 3378 not.
1046 3327 1070 3378 2.
1108 3326 1164 3380 iton
1189 3345 1292 3380 emmo.

277 3424 372 3468 matur
388 3417 471 3467 niobr‘t
489 3417 578 3478 atiud,
594 3433 680 3483 pesam
698 3418 773 3467 riuum
792 3430 805 3464 o
825 3429 844 3464 r.
865 3431 896 3464 m.
917 3414 1041 3466 intortio.
1062 3413 1139 3492 [rubet
1158 3413 1211 3476 bib,
1240 3416 1291 3467 ad·

278 3517 438 3564 mormacus,
458 3509 484 3550 ut
505 3509 584 3552 exstet
605 3503 629 3552 in
649 3500 689 3551 ed.
711 3501 814 3565 Manui,
833 3500 946 3552 scribunt
965 3498 1031 3564 ote,
1054 3503 1208 3554 admonetur
1228 3498 1292 3550 tter.

278 3585 342 3638 Dein
366 3590 406 3640 nit
424 3585 452 3638 0.
472 3587 511 3639 W.
531 3585 566 3637 Bo
586 3596 611 3639 et
631 3584 695 3638 tter.
735 3586 808 3640 Pron.
832 3605 862 3642 sc
888 3603 937 3638 om.
959 3585 994 3637 uc
1019 3595 1045 3638 et
1063 3586 1135 3649 bico,
1159 3587 1223 3638 nictu
1241 3583 1291 3637 ΙΙ).

277 3671 339 3726 Tum
364 3673 439 3726 iidem
464 3673 521 3724 iibri
546 3688 594 3724 uns
619 3687 676 3724 com
696 3672 737 3724 bib
761 3673 854 3726 hebent
878 3677 962 3728 mum.
1008 3672 1036 3733 4)
1055 3671 1091 3724 ltr
1112 3669 1139 3724 G.
1159 3671 1190 3721 W
1209 3687 1231 3722 c.
1250 3670 1293 3722 ed.

278 3760 373 3812 bioretl.
401 3768 427 3811 ct
453 3774 490 3825 pr.
518 3759 556 3812 bib
583 3775 628 3828 pro
655 3760 722 3828 vuip.
751 3758 897 3814 semicano.
940 3757 979 3809 De
1002 3759 1082 3810 iorme
1110 3761 1218 3812 ctum
1242 3755 1291 3806 vid.

278 3849 444 3900 ostreorum.
464 3847 497 3896 au
517 3846 612 3899 senon.
632 3847 690 3898 arv.
710 3855 759 3898 nnc.
778 3845 808 3896 u.
829 3846 872 3896 oo.
893 3863 917 3910 ρ.
937 3826 988 3898 ouo'
1007 3853 1033 3896 u
1051 3848 1151 3900 outo.
1173 3844 1204 3894 no
1226 3841 1291 3894 rer-

277 3932 373 3986 tuiliso.
394 3931 532 4002 Apolopet.
551 3949 607 4001 cop.
620 3933 658 3986 xt.
679 3949 703 4001 p.
720 3933 762 3983 68.
783 3932 840 3986 coli.
861 3931 953 3985 Nostro
971 3931 1002 3984 cd
1022 3930 1137 3984 Demetr.
1157 3945 1212 3998 cop.
1227 3926 1291 3980 vttl.
