2882 4692
775 401 816 468 18

283 561 379 626 minus
403 561 578 644 paenitenda
603 561 758 644 contagia3
786 559 815 624 in
841 560 962 627 theatris
987 581 1108 649 quoque
1130 565 1301 648 conspicies

282 676 362 758 quod
393 677 444 766 tibi
476 681 505 737 et
535 672 631 738 doiori
654 675 692 738 sit
715 681 747 736 et
767 673 883 756 pudori.
930 674 1098 744 cothurnus
1122 686 1168 746 est
1184 677 1213 758 ⁹)
1235 684 1300 765 tm..

281 791 366 874 gicus
389 789 486 870 pris'ca
508 789 638 852 carmine
660 786 791 864 facinore
814 807 986 854 recensere.
1025 791 1070 854 De
1094 794 1259 878 parricidiis
1273 792 1300 870 ³)

284 899 288 982 1
307 912 336 966 et
357 903 477 966 incestis
496 903 604 966 horror
624 903 761 983 antiquus
778 921 923 986 expressa
939 906 975 966 ad
992 905 1150 990 imaginem
1168 907 1299 976 verrutis
1318 921 1331 959 ⁴

209 997 215 1006 ’
280 1017 396 1080 actione
432 1015 610 1096 replicatur,
649 1034 687 1078 ne
721 1016 848 1081 saeculis
883 1020 1105 1096 transeuntibus
1144 1019 1299 1087 exolescat

279 1128 359 1211 quod
383 1128 542 1210 aliquando
567 1129 755 1191 commissum
772 1135 826 1190 est.
860 1128 1046 1195 Admonetur
1060 1129 1087 1206 ⁴)
1104 1140 1186 1196 aetas
1202 1135 1297 1200 omnis

279 1242 379 1306 auditu
411 1242 477 1306 fieri
507 1261 599 1325 posse
630 1242 709 1324 quod
741 1242 848 1306 iactum
881 1250 936 1306 est.
989 1245 1154 1326 Numquam
1186 1248 1254 1314 aeri
1270 1244 1296 1324 ⁵)

278 1358 365 1421 senio
389 1357 494 1421 delicta
518 1357 693 1435 moriuntur,
716 1374 874 1437 numquam
898 1359 1081 1444 temporibus
1105 1361 1216 1423 crimen
1237 1360 1297 1424 ob-

237 1559 244 1605 ‘.
277 1557 318 1611 bib
338 1566 363 1609 et
381 1558 434 1624 Bb,
462 1561 610 1626 inquorum
631 1555 1122 1625 prioreiibroaexudenutumest.
1160 1558 1198 1610 bic
1217 1558 1295 1616 babet

277 1647 310 1735 ad
325 1681 428 1736 diuersi
452 1677 599 1754 appetueutr'
625 1681 654 1741 (rt
677 1693 691 1727 a
715 1692 767 1727 rec.
792 1692 825 1726 m.
851 1692 925 1743 supra
952 1678 1068 1745 addito),
1096 1678 1117 1730 Α
1142 1634 1177 1736 aad
1193 1685 1296 1737 etiamr·

274 1769 423 1837 spectaculi
440 1770 477 1820 ait
495 1777 518 1818 et
535 1769 633 1834 pudori
651 1763 805 1816 intermediis
824 1765 930 1817 omissis.
968 1763 1016 1816 Pro
1033 1770 1186 1834 poenitenda
1204 1770 1294 1836 scripsi

273 1857 429 1922 puertitcnda
453 1851 599 1904 auctoribus
625 1851 694 1905 libris
714 1851 753 1903 W.
774 1851 813 1904 bib
834 1860 859 1902 ct
878 1851 913 1902 na
938 1852 1046 1922 aliisque
1071 1854 1200 1907 codicibus
1225 1857 1294 1906 anti·
1322 1881 1324 1884 ·

276 1943 404 2010 quissimis
430 1949 456 1990 et
480 1941 598 2008 optimis,
626 1939 658 1990 de
684 1939 777 2006 quibus
803 1939 865 1990 dixit
884 1940 1036 2012 Wapuerus
1061 1940 1077 1992 1.
1097 1957 1118 1992 o.
1138 1959 1162 2008 p.
1183 1942 1234 1994 463
1254 1959 1293 2012 sq.

276 2028 332 2080 biox
351 2024 503 2096 corispieius
522 2025 568 2077 Bb.
607 2025 676 2077 idern
702 2025 833 2089 iiberom.
853 2029 922 2094 prius
943 2039 974 2080 ct.
1021 2028 1049 2091 2)
1068 2039 1092 2082 et
1110 2025 1155 2080 Bb.
1193 2029 1293 2084 Deinde

177 2161 179 2168 a
274 2115 350 2184 vuigo
375 2115 468 2184 legitur
490 2118 583 2182 prisca
603 2117 727 2182 facinora
746 2109 864 2190 carissime
881 2131 1027 2177 recensere.
1065 2113 1158 2166 inverti
1178 2117 1292 2168 ordinem

274 2255 457 2324 praeeuntibus
484 2251 617 2304 codicibus
635 2250 674 2302 W.
695 2250 748 2302 biae
774 2260 800 2302 et
819 2251 871 2318 Bb,
899 2257 992 2322 prisca
1017 2203 1210 2327 sorduimus
1238 2273 1292 2309 rec.

274 2343 318 2395 dat
336 2341 386 2406 Ba,
404 2345 495 2411 priam
514 2341 631 2393 carmine
648 2343 667 2407 f.
686 2357 710 2391 r.
729 2337 789 2404 did,
812 2344 907 2410 priseo
925 2345 1071 2393 rurrniuum
1090 2345 1109 2409 s.
1130 2361 1152 2393 r.
1174 2341 1293 2394 exhibent

255 2429 314 2498 ¹bib
335 2439 361 2482 et
380 2429 410 2479 Α.
449 2427 495 2478 Cui
514 2426 618 2477 lectioni
637 2424 774 2477 aPameiio
794 2429 818 2476 in
838 2426 917 2478 tribus
936 2427 1011 2478 codd.
1032 2428 1148 2477 inventae
1168 2428 1291 2480 calcatum

273 2520 355 2570 aibum
375 2515 467 2566 adiecit
488 2516 641 2567 Gronovius
660 2512 803 2565 Observatt.
824 2515 847 2563 iu
868 2513 964 2578 scriptt.
985 2511 1076 2588 copies.
1097 2529 1120 2578 p.
1142 2515 1193 2564 569
1216 2517 1291 2584 eique

243 2654 245 2658 .
273 2622 479 2687 obtemperarunt
504 2615 669 2668 Oxonienses.
716 2608 795 2686 3)'ct
821 2619 852 2668 dc
877 2592 1036 2682 parricidi‘r
1061 2614 1100 2664 W.
1138 2621 1291 2673 Parricidi,

272 2707 338 2760 male
365 2705 424 2756 edd.
449 2720 537 2754 omnes
564 2701 725 2756 Brinnianum
753 2700 944 2754 antecedentes.
988 2697 1103 2750 Correxit
1130 2708 1290 2768 parricidii,

272 2797 320 2844 iam
336 2793 489 2846 Gronovius
506 2793 521 2841 i.
537 2808 558 2842 c.
589 2791 654 2842 Dein
674 2787 849 2844 tncmrusssc.
881 2783 928 2835 Pro
948 2785 1079 2838 borrord
1098 2787 1184 2838 scribit
1202 2807 1289 2855 error,

271 2882 338 2950 quod
364 2898 378 2931 e
405 2881 495 2930 codice
520 2879 627 2948 quodam
650 2875 754 2944 protulit
771 2874 830 2922 oiim
851 2875 1012 2924 Grorrour'us.
1051 2869 1214 2939 „Errorcm“,
1240 2865 1289 2926 ad.

271 2977 339 3020 notat
358 2969 396 3019 vir
413 2968 656 3034 praestantissimus,
677 2976 725 3026 „ex
745 2952 798 3024 ipsa
819 2974 846 3008 re
866 2957 1021 3024 appellavit,
1041 2960 1181 3026 respiciens
1202 2979 1287 3014 casum

270 3056 372 3124 Oedipi,
393 3056 434 3123 qui
453 3071 499 3122 per
519 3067 632 3104 errorem
651 3048 734 3098 tarum
754 3045 855 3107 occidit,
875 3060 931 3095 cum
951 3044 1047 3096 Iocasta
1070 3048 1145 3098 coiit:
1172 3047 1221 3100 hoc
1239 3058 1286 3116 est,

269 3143 404 3210 parricidio
424 3151 449 3193 et
466 3145 566 3192 'incesto
586 3136 687 3186 erravit.
722 3132 765 3184 Sic
784 3131 905 3196 Adrastus
930 3134 996 3200 apud
1017 3133 1137 3198 Statium,
1163 3138 1286 3190 excusans

268 3231 390 3299 pudorem
404 3229 546 3294 Polynicist
564 3231 656 3274 murtro
676 3237 775 3288 quoque
793 3223 923 3290 sanquine
940 3224 1053 3275 nautum
1064 3225 1178 3276 Erravit
1190 3227 1285 3293 pictae.

268 3317 340 3379 Quae
364 3317 467 3386 quidem
482 3311 570 3363 uerba
595 3323 684 3376 magua
710 3315 765 3358 arte
785 3323 836 3358 rem
857 3307 1037 3359 detestabilem
1056 3310 1181 3375 mitigant.
1218 3309 1285 3360 Tati·

267 3406 291 3455 in
310 3403 473 3472 parricidium
493 3411 564 3448 error
583 3386 768 3454 docebatur'ot
786 3394 895 3446 Hercule
914 3394 1028 3458 iurante,
1057 3396 1124 3447 uude
1148 3394 1214 3462 apud
1234 3395 1285 3446 ss.

268 3506 373 3543 tieem:

422 3577 446 3612 Α.
475 3570 530 3620 orric
544 3581 624 3610 norrea
638 3580 745 3619 umquam
760 3568 853 3608 coeteris
867 3567 943 3608 errori
956 3567 1064 3610 meister

424 3638 450 3682 tt?
477 3644 547 3691 carpo
561 3653 629 3680 error
646 3640 725 3692 irnperio
739 3638 832 3680 acetaria
845 3637 941 3678 adtinuit
954 3640 1061 3681 ducum.“

265 3718 441 3770 Adsenserunt
461 3713 550 3782 Angli3
571 3711 687 3780 equidem
707 3710 766 3761 nihii
786 3709 928 3762 mutandum
949 3711 1043 3761 censui.
1082 3707 1139 3760 Mox
1152 3691 1283 3778 'ipticutur

264 3803 310 3856 Bb.
348 3801 409 3856 i'um
435 3805 585 3867 exsulasset
610 3799 641 3848 W
667 3806 693 3850 et
718 3795 763 3850 Bt.
800 3798 899 3853 Deinde
925 3802 1090 3852 cmrmissum
1114 3796 1154 3848 ntb
1181 3804 1206 3848 et
1230 3795 1281 3848 bid.

264 3893 292 3956 4)
314 3895 484 3944 Απιηιοηοιιιν
497 3886 540 3938 Ba.
572 3885 676 3938 iuverso
696 3886 786 3937 ordine
805 3889 892 3940 omnic
910 3895 983 3938 actua
999 3884 1055 3936 edd.
1073 3891 1135 3934 vett.
1148 3899 1170 3935 c.
1183 3881 1281 3934 Erasm.

264 3977 376 4029 etGruv.
409 3975 496 4026 Statim
516 3977 624 4032 cuditur
638 3971 668 4023 Α.
707 3973 736 4039 5)
754 3975 822 4027 caim
835 3970 885 4022 bid.
917 3971 993 4022 Vocc.
1008 3972 1283 4024 crinriuuobruuutur
