2858 4688
533 584 538 591 s

237 788 342 856 Dixisti
364 806 419 872 per
442 805 498 854 uos
520 789 585 854 beri
609 798 639 854 ct
657 791 682 869 ¹)
713 794 792 874 quod
817 793 902 856 nobis
924 793 1053 859 debcant
1073 796 1165 878 inpu-
1229 835 1232 842 ·

149 903 204 965 tori
227 903 324 965 omnio
347 902 421 981 istc,
447 903 554 983 quibus
578 921 657 966 nunc
679 905 804 968 mundus
827 907 956 986 quatitur
978 912 1008 968 et
1032 915 1165 990 urgetur,

149 1014 228 1098 quod
251 1015 291 1077 dii
314 1015 407 1076 vestri
430 1031 446 1075 c
471 1013 558 1076 nobis
582 1032 644 1077 non
664 1015 808 1080 colantur.
847 1017 911 1092 Qua
928 1017 956 1080 in
973 1024 1058 1098 perte
1074 1020 1124 1099 qui
1138 1017 1164 1095 ²)

130 1129 270 1209 ignarus
302 1125 421 1188 divinoe
450 1124 632 1206 cognitionis
659 1133 692 1190 et
722 1127 853 1189 veritatis
876 1127 990 1191 otienus
1012 1147 1064 1208 es,
1095 1130 1165 1193 iilud

147 1239 297 1332 primo‘in
315 1238 389 1300 'loeo
413 1237 492 1300 scire
518 1236 627 1317 debes,
660 1239 797 1302 senuisse
827 1240 883 1302 inm
913 1241 1070 1322 mundum,
1104 1253 1164 1306 noir

147 1351 203 1438 iliis
227 1350 339 1415 viribus
363 1356 461 1440 sture,
492 1345 598 1431 quibus
629 1351 711 1432 prius
741 1357 882 1430 steterat,
914 1371 970 1416 nec
996 1355 1105 1436 uigore
1135 1363 1165 1418 et

147 1467 259 1528 robore
283 1480 320 1525 eo
345 1461 457 1540 velere,
477 1479 542 1543 quo
570 1459 579 1544 t
604 1467 690 1524 enter
713 1463 912 1543 praevalebat.
952 1461 1056 1544 Hcc³t
1078 1467 1217 1532 etiem.²¹⁷

148 1577 234 1640 nobis
257 1569 422 1640 tacentibus
445 1583 476 1638 et
503 1575 584 1638 nulle
615 1575 654 1638 de
682 1577 837 1658 scripturis
867 1579 986 1641 sanctis¹
1007 1578 1164 1661 preedice-
1223 1599 1244 1628 ·

147 1683 337 1770 tionibusque
367 1687 474 1752 divinis
505 1687 687 1750 documento
712 1689 914 1770 promentibus
944 1689 1070 1753 mundus
1099 1692 1164 1773 ipse

147 1804 204 1866 iem
227 1803 358 1884 loquitur
381 1808 411 1864 et
433 1819 572 1865 occasum
597 1803 643 1864 sni
668 1782 768 1864 rerum
798 1803 957 1866 lubentium
987 1804 1164 1884 probatione

109 1993 113 2002 .
134 1911 278 1978 'testetur
316 1914 385 1977 Nou
398 1911 425 1991 ⁴)
450 1915 547 1977 bieme
562 1915 735 1978 nutriendis
755 1917 917 1978 seminibus
935 1923 1012 1978 toute
1029 1917 1163 2008 imbrium

147 2027 233 2108 copie
257 2031 319 2104 est,
353 2042 413 2087 non
437 2024 573 2107 frugibus
596 2033 710 2088 oestcte
733 2026 882 2087 torrendis
905 2027 978 2090 solis
1002 2035 1081 2090 tonte
1105 2027 1162 2090 be-

147 2137 263 2220 grontic
286 2142 350 2216 est,
381 2154 438 2200 nce
461 2138 506 2200 sic
530 2153 624 2198 verno
649 2115 689 2196 'de
721 2136 865 2216 temperie
894 2153 947 2200 suc
977 2137 1054 2200 loeta
1084 2145 1162 2218 sunt,

145 2347 260 2414 coemo
282 2341 331 2394 eoii
356 2307 590 2410 epnoe'cuut'ccdd.
610 2341 650 2394 bid
671 2350 697 2396 et
716 2341 771 2394 Vct
795 2342 816 2394 i.
853 2341 934 2394 simtu
954 2343 1162 2398 homoeoteleuto

146 2431 224 2482 utitor
241 2428 322 2498 Epist.
341 2427 400 2480 ttx.
413 2445 450 2497 p.
471 2427 519 2480 ot:
548 2432 622 2509 notia
645 2433 799 2498 infimitate
821 2440 929 2501 deperite
952 2448 983 2484 cc
1006 2435 1165 2488 rreceeeitete

146 2527 258 2588 coprete.
297 2514 335 2569 Gi.
353 2515 411 2568 infr.
430 2527 452 2569 c.
471 2515 512 2570 tx,
531 2517 597 2574 oirce
616 2517 659 2569 iic.
711 2519 713 2522 '

216 2621 247 2675 ii.
283 2623 311 2685 1)
332 2632 357 2676 et
374 2637 388 2674 e
407 2636 474 2675 corr.
493 2637 527 2674 m.
546 2621 625 2674 bebet
644 2622 684 2675 W.
720 2624 780 2678 idox
796 2641 849 2679 noe
867 2639 914 2692 pro
931 2639 1012 2692 nune,
1035 2625 1061 2674 ie
1079 2639 1129 2692 mg.
1149 2639 1164 2674 n

145 2727 167 2763 r.
188 2726 220 2762 m.
240 2708 289 2775 „eb
307 2711 394 2764 κακῶ
414 2709 462 2761 bic.
497 2709 561 2762 uum
581 2713 698 2766 munden
716 2717 776 2783 ipsc
794 2711 839 2776 tta,
859 2711 952 2764 deinde
971 2722 1101 2782 respuetur·
1115 2711 1165 2775 bic,

147 2801 272 2865 crpeee'ttrr
290 2795 347 2876 bib.¹
384 2796 413 2859 2)
437 2795 474 2847 lte
492 2795 550 2848 iibri
569 2796 650 2848 itetiei
669 2813 757 2850 ornnes
775 2799 951 2865 praetentet.
970 2799 994 2851 1.
1014 2801 1165 2866 coeepiree·

146 2917 214 2969 tibus
232 2915 281 2968 bib.
302 2915 338 2968 ua
357 2924 384 2967 et
402 2916 433 2982 A,
453 2920 514 2987 quie
534 2915 582 2980 tta,
602 2894 686 2985 puiei⁰
706 2894 739 2982 (6⁰
757 2932 771 2967 e
791 2931 810 2967 r.
830 2932 862 2965 m.
882 2915 964 2978 iiinto)
983 2915 1025 2979 W,
1043 2920 1105 2985 prtia
1124 2915 1165 2968 bid

148 3013 174 3056 et
188 3003 242 3055 Vnt.
259 3003 292 3068 i.,
311 3010 338 3053 ut
356 3001 436 3070 vulg„
456 3017 542 3068 neque
562 3004 616 3069 qui,
635 3015 718 3068 neque
738 3003 800 3070 peric
818 2999 855 3052 Bb
875 3007 902 3051 et
920 2999 966 3053 tte.
1003 2999 1068 3053 Dein
1089 3007 1164 3072 copi·
1242 3024 1245 3030 ·

147 3093 256 3144 tationis
274 3087 320 3140 itt.
357 3087 384 3139 In
403 3103 476 3156 seqq.
497 3096 521 3140 et
539 3104 591 3139 nou
610 3089 667 3139 tttte
686 3089 790 3141 viribus
809 3085 850 3138 od.
872 3085 953 3152 uer..
980 3105 1032 3141 nco
1055 3093 1083 3142 irt
1107 3091 1166 3146 itote

147 3175 323 3241 retribuerit,
342 3175 448 3230 ttte'cA.
485 3171 546 3225 Tum
565 3191 613 3228 nee
631 3177 724 3228 roboro
742 3173 790 3238 tto,
809 3175 870 3244 ipro
888 3189 934 3242 pro
953 3193 982 3230 ec
1000 3180 1049 3228 ruci
1068 3185 1095 3229 et
1112 3177 1165 3230 lto·
1222 3202 1227 3210 ·

147 3263 188 3314 lici
208 3263 266 3316 iibri
287 3263 401 3330 exceptis
420 3261 460 3313 bid
480 3269 507 3312 et
526 3259 582 3312 Vct.
604 3260 643 3326 t.‚
671 3279 720 3331 quc
746 3269 848 3314 cnutum
868 3279 882 3314 c
901 3265 969 3333 qood
986 3265 1011 3316 in
1030 3263 1080 3317 ttb.
1117 3265 1166 3318 Pro

148 3359 226 3404 eutea
243 3350 282 3402 W.
302 3350 359 3418 bieb
382 3357 408 3400 et
427 3345 479 3401 Beb
504 3348 626 3402 exhibent
650 3359 716 3403 ente.
763 3349 791 3412 3)
811 3353 882 3406 Hcec
900 3348 945 3408 Be..
982 3349 1047 3403 Dein
1065 3357 1167 3408 rruttm

149 3435 207 3502 bib,
225 3440 389 3492 documentis
409 3435 459 3500 ua,
478 3437 532 3490 iem
549 3453 602 3489 nort
621 3425 795 3506 topotmrffda
816 3444 843 3488 et
864 3453 901 3504 pr.
921 3436 968 3503 W,
991 3443 1102 3493 occoerte'
1119 3456 1166 3508 pro

148 3539 277 3579 oceanum
292 3529 342 3578 eui
359 3523 415 3590 tte,
434 3527 494 3578 eine
511 3539 557 3591 pro
569 3527 623 3578 oue·
641 3525 671 3576 Α.
712 3526 742 3589 4)
760 3528 819 3580 Non
836 3541 856 3576 r.
876 3539 909 3576 m.
926 3525 1056 3591 eupptcvit
1074 3527 1098 3576 in
1118 3526 1165 3591 bic,

147 3625 209 3663 rtem
235 3609 302 3661 mete
327 3610 416 3662 scribit
433 3612 472 3675 Α,
500 3620 553 3663 turn
571 3607 650 3664 triceni
668 3609 713 3663 Bt.
749 3609 798 3662 Pro
823 3614 893 3665 ectio
916 3621 990 3664 teme
1012 3613 1165 3682 tteprcrttic,

148 3693 217 3762 quod
237 3710 252 3746 c
271 3697 381 3764 quinque
401 3696 476 3748 codd.
497 3697 592 3763 primus
617 3698 715 3764 recepit
733 3695 874 3760 Pometios,
901 3698 951 3747 mci
975 3695 1032 3748 iibri
1057 3706 1084 3750 et
1107 3706 1166 3750 oete

147 3774 216 3848 opud
243 3779 403 3836 oxonienses
429 3782 550 3836 exhibent
575 3787 655 3838 sclito
680 3787 840 3854 capranna,
870 3792 897 3835 ct
922 3792 997 3836 entre
1024 3785 1166 3854 tegebatur.

148 3873 304 3940 freptcntr'c
329 3887 418 3924 errore
441 3887 492 3925 ccc
516 3872 617 3924 iueotito
640 3873 757 3927 scribitur
774 3875 800 3923 in
819 3872 850 3923 W
870 3879 895 3924 et
914 3872 962 3924 bie.
998 3871 1064 3923 Dein
1084 3889 1166 3926 cerna

147 3957 180 4009 de
203 3963 327 4029 temperie
352 3974 406 4014 erec
430 3962 500 4014 deete
523 3969 587 4014 ment
610 3966 740 4026 praestent
763 3959 841 4011 codd.
866 3959 924 4012 Ver.
947 3958 986 4010 W.
1010 3957 1077 4010 dieb.
1101 3956 1164 4012 Beb.
