2904 4692
744 418 786 483 oo

257 583 322 656 ert,
355 577 460 640 timere
484 576 562 658 qnod
587 577 750 656 densent,
784 576 903 642 Gbriato
932 577 1001 641 nihii
1033 577 1153 642 comino
1183 593 1277 660 prae·

255 709 389 772 ponere,
413 690 482 771 quia
504 709 560 752 nec
585 689 669 752 nobis
692 689 850 772 quicquam
873 693 922 755 iiie
943 693 1137 775 praeposuit,
1163 691 1278 755 corinti

163 799 165 802 ’
256 805 320 868 ems
336 805 573 886 inseparabiliter
590 803 764 884 adhaerere,
789 807 869 869 croci
886 807 950 869 eius
967 807 1083 871 fortiter
1099 824 1134 868 ac
1150 804 1278 868 fidenter

255 917 412 999 adsistere,
436 915 555 998 quondo
580 914 618 976 de
641 915 706 979 cios
729 917 848 980 nomine
871 923 901 979 et
920 917 1036 981 bonore
1051 923 1203 980 certamen
1220 926 1277 996 est,

256 1029 445 1094 exhiberem
462 1045 604 1090 sermone
619 1028 826 1107 constantiam,
849 1047 907 1109 qua
923 1029 1108 1109 confitemur,
1131 1031 1161 1092 in
1178 1049 1277 1110 quae-
1310 1033 1311 1038 ’

255 1143 353 1204 stione
376 1141 528 1220 fiduciam,
560 1159 617 1221 qua
649 1140 876 1224 congredimur,
908 1142 938 1204 in
968 1149 1064 1206 morte
1093 1143 1276 1226 patientiam,

255 1273 313 1336 qna
338 1272 524 1317 coronamur.
564 1255 629 1316 Hoc
653 1259 698 1316 est
721 1253 900 1316 coheredem
918 1249 955 1331 ¹⁸)
972 1255 1083 1332 Christi
1098 1258 1177 1320 velie
1195 1275 1275 1338 epse,

253 1368 312 1432 hcc
336 1374 382 1430 est
403 1373 596 1449 praecepium
620 1368 669 1428 dei
694 1366 812 1446 facere,
840 1367 899 1430 hcc
922 1374 969 1431 est
993 1371 1174 1433 votnnhtem
1193 1368 1198 1453 Ι
1217 1389 1327 1453 pa-rm

255 1482 308 1544 tris
331 1479 455 1561 inplere.

254 1641 412 1652 -—---—--—--
420 1642 424 1645 .
429 1640 463 1646 ..-

140 1767 146 1774 .
254 1733 312 1784 Ver.
328 1729 355 1784 C.
370 1729 417 1782 bib.
432 1727 469 1780 bb
489 1735 515 1779 et
532 1729 656 1797 ditem,
675 1736 802 1795 utsupra,
821 1727 849 1780 G.
882 1727 942 1780 Post
955 1732 1046 1783 timere
1058 1729 1079 1781 Δ
1093 1731 1166 1784 addit
1177 1744 1272 1799 cutem,

253 1824 281 1874 in
305 1823 352 1874 tttr
376 1819 469 1886 repetit
494 1813 540 1868 Bb.
577 1813 638 1865 Tum
664 1818 788 1869 domim
812 1826 852 1870 eet
877 1815 918 1868 bib
943 1825 969 1867 et
993 1817 1023 1868 Α,
1060 1817 1148 1871 Statim
1166 1823 1274 1874 omnmo

252 1910 337 1962 ciebit
352 1889 512 1977 praeponere
531 1907 654 1958 debemur
674 1901 709 1953 Βο
729 1911 756 1954 et
770 1901 837 1967 nor,
857 1907 926 1957 cinit
942 1922 1032 1974 praep.
1052 1909 1155 1960 omnino
1168 1906 1208 1956 W.
1224 1907 1269 1958 bia.

209 2025 212 2036 ι
252 1994 369 2070 Proxime
386 2010 433 2045 nec
453 1994 590 2066 quicquam
608 1993 654 2043 iile
672 1993 749 2042 rectia
770 1990 805 2053 Α,
835 2006 883 2044 nce
908 1995 984 2045 notia
1008 1996 1052 2044 itte
1073 1997 1211 2062 pur'cpccm
1231 1993 1270 2045 W.

252 2079 337 2131 Maedi
354 2087 380 2130 ct
393 2077 444 2129 bac
464 2077 639 2144 editionesqoc
659 2085 720 2126 vett.
741 2093 762 2126 c.
776 2075 873 2127 Erasm.
894 2085 920 2128 et
938 2077 1046 2142 Marcii,
1064 2096 1113 2131 nee
1130 2082 1177 2131 itte
1194 2083 1271 2133 nodie

252 2170 393 2236 quidquem
412 2163 501 2227 Gran,
524 2179 571 2216 nec
591 2166 669 2216 nobie
688 2166 826 2231 quidquam
846 2166 893 2216 iile
910 2161 1000 2215 bienni.
1021 2162 1113 2215 Pamei.
1133 2164 1224 2233 Rigalt.
1245 2174 1271 2217 et
1291 2145 1304 2160 ’

254 2251 334 2304 Onon.
371 2249 587 2303 Recteboiuziue
611 2265 658 2302 nee
675 2252 752 2302 nobie
771 2252 913 2317 quicquam
928 2252 974 2302 itte
992 2249 1203 2302 concordantibus
1222 2267 1269 2302 ce·-

252 2342 312 2392 terie
331 2340 407 2390 codd.
428 2339 497 2390 meis.
535 2335 700 2386 Scribendum
721 2351 778 2387 aare
797 2340 943 2404 prrie‘prrem,
965 2351 1014 2387 non
1032 2341 1175 2405 prrr'dprtam
1193 2353 1269 2388 mon-

251 2428 339 2479 stravit
361 2429 508 2495 Woprreroa
534 2423 549 2474 Ι.
569 2439 592 2473 c.
617 2439 641 2488 p.
661 2421 719 2477 459.
758 2423 784 2472 ln
809 2437 880 2490 seqq.
906 2426 1015 2474 tiberrter
1040 2427 1168 2476 inriatere
1193 2423 1270 2474 babet

252 2515 320 2577 vem,
340 2517 473 2566 odeirtere
491 2525 538 2576 pro
560 2513 700 2572 cariatone,
719 2509 786 2574 qnod
807 2509 831 2558 in
852 2507 888 2559 Bc
905 2524 925 2558 r.
946 2521 979 2557 m.
999 2509 1113 2572 inseruit,
1137 2519 1269 2577 receptum
1305 2502 1308 2513 '

250 2615 266 2652 e
291 2599 365 2651 codd.
385 2597 413 2648 C.
433 2596 472 2646 W.
493 2597 550 2646 Μαι)
575 2603 601 2645 et
626 2593 668 2644 Ba.
711 2594 772 2644 Tum
796 2598 854 2647 eiua
877 2597 982 2648 tramine
1006 2595 1071 2660 (om.
1090 2598 1132 2659 de)
1157 2611 1193 2664 pr.
1219 2611 1268 2648 aa·

250 2685 354 2737 bibebat
369 2683 420 2747 bib,
440 2691 498 2750 poet
517 2698 578 2733 vero
597 2683 717 2748 scriptum
738 2688 777 2732 est
795 2685 855 2735 eiua
872 2687 1032 2749 procreandae.
1070 2681 1117 2733 Pro
1135 2693 1158 2736 et
1176 2683 1271 2751 legiter

250 2774 292 2826 cet
309 2771 334 2820 in
348 2769 388 2821 bii.
425 2769 491 2820 Dein
510 2773 616 2823 enitere
635 2768 678 2820 dat
694 2767 731 2819 tta
752 2777 777 2818 et
797 2772 954 2835 eorretcntia,
975 2787 1051 2838 precra
1071 2767 1267 2838 comptantati),

249 2876 336 2928 precra,
357 2863 383 2908 ut
402 2859 477 2909 tacite
496 2857 767 2927 scripsitd'ronoor'ac
781 2854 925 2907 (ibservatt.
940 2855 980 2906 ΙΙΙ.
995 2855 1037 2905 24.
1054 2871 1077 2922 p.
1092 2856 1152 2919 323,
1171 2854 1270 2906 babent

249 2945 325 2996 etiarn
345 2941 397 2995 Bbc
423 2953 449 2996 et
470 2944 583 2996 bicdbc.
605 2945 634 2994 d.
672 2943 728 2995 ntor
751 2947 849 3012 tid-acia
874 2943 901 2995 G.
923 2943 961 2994 W.
983 2943 1030 2994 bia.
1052 2942 1086 2994 Ba
1112 2948 1189 3012 (parce
1207 2940 1266 3010 Ba).

247 3029 327 3081 iidem
346 3030 404 3082 libri
418 3035 553 3102 patientia.
585 3029 633 3082 Pro
649 3047 809 3084 coronemur
821 3029 857 3082 Bc
870 3030 964 3082 etdicd
978 3044 1113 3083 contemnar.
1153 3029 1195 3092 18)
1210 3032 1267 3082 Hac

248 3128 288 3170 ert
306 3123 375 3186 qaod
392 3121 510 3172 teredone
529 3117 574 3169 bb.
613 3109 674 3168 Turn
698 3121 765 3172 cette
789 3135 849 3172 erre
873 3119 949 3171 codd.
976 3131 1064 3168 omnen
1090 3123 1197 3184 excepto
1219 3115 1266 3182 Bb,

248 3208 308 3255 item
328 3204 385 3254 edd.
405 3212 465 3255 vett.
486 3222 507 3255 c.
530 3204 626 3256 Ernsm.
648 3205 722 3256 Gran.
742 3213 819 3273 atque
839 3205 951 3269 Mureti,
978 3221 1039 3257 care
1059 3207 1125 3258 cette
1143 3201 1188 3267 Bb,
1208 3203 1265 3254 tta-

248 3291 332 3341 ontine
357 3297 381 3340 et
406 3290 516 3344 editores
542 3293 707 3360 posteriores.
746 3292 772 3342 Ιιι
798 3291 910 3343 ctaoeoia
936 3291 992 3342 cod.
1015 3290 1036 3341 Α
1060 3290 1135 3342 babet
1159 3294 1206 3342 boc
1224 3299 1267 3344 eat

248 3379 406 3430 cclrmtctem
425 3381 465 3432 dei
482 3385 511 3432 in
529 3384 601 3433 cneio
620 3389 643 3431 et
660 3383 689 3431 in
708 3388 780 3431 teme
799 3378 946 3445 (intermed.
962 3379 1036 3438 om).
1075 3375 1158 3427 Verba
1178 3385 1219 3430 ert
1238 3383 1266 3427 et

247 3465 387 3532 adimplere
406 3480 454 3516 om.
469 3465 527 3516 Ver.
545 3467 583 3528 i.;
604 3467 754 3532 adimplere,
775 3482 824 3534 qno
843 3465 963 3530 imprimis
983 3462 1125 3515 delectatae
1138 3465 1261 3515 eatb'er-
1308 3447 1314 3460 ⁸

248 3552 393 3616 tollianae,
424 3551 517 3618 primus
537 3553 634 3618 recepit
652 3550 801 3603 Rembcltas
825 3565 934 3618 eumque
959 3550 1040 3601 necati
1058 3557 1115 3600 runt
1133 3548 1263 3612 mamm,

247 3633 368 3700 Gravior,
392 3635 532 3701 Manutius,
560 3636 684 3688 Pometios
703 3645 728 3688 et
746 3635 1020 3697 reconderes-„codd
1041 3642 1126 3685 autern
1144 3635 1208 3697 mei,
1235 3642 1267 3686 ab

187 3717 197 3724 '
247 3721 304 3772 edd.
325 3721 370 3773 st’.
391 3721 478 3774 Venet.
498 3732 524 3774 et
543 3723 622 3775 Konn.
642 3739 664 3774 c.
684 3723 798 3787 binroth,
819 3721 939 3773 exhibent
957 3723 1079 3790 irreptare,
1099 3728 1201 3787 praeter
1220 3719 1262 3784 W,

246 3809 288 3875 qui
307 3807 394 3859 acribit
414 3811 521 3878 inplere.
559 3809 621 3861 sitan
640 3809 766 3862 balanino.
1055 3842 1056 3845 =
