2904 4692
757 397 800 467 48

272 559 328 628 uec
350 561 453 626 dimitti
475 557 531 626 sibi
553 566 664 624 tanturn
686 557 892 640 unusquisque
916 555 1046 620 debitum
1072 555 1218 640 postulet,
1241 557 1292 622 aui

273 683 303 740 ut
325 677 355 739 in
378 674 598 757 temptationem
623 691 682 736 non
705 671 863 735 inducetur
885 677 974 750 atqua
998 687 1013 732 a
1037 669 1115 732 malo
1136 657 1289 749 liberetur,
1327 674 1331 682 ’
1438 749 1439 754 ¹

271 808 327 873 pro
351 805 385 852 se
404 786 410 872 Ι
430 787 497 852 solo
521 791 617 868 rogat.
663 783 779 848 Publica
804 790 849 846 est
873 782 958 846 nubis
983 787 1012 844 et
1035 783 1197 846 comrnunis
1217 800 1290 846 om-
1304 801 1345 842 soa

273 899 376 981 tio³),
412 907 441 963 et
472 899 591 980 quaudo
622 915 761 978 oramus,
797 915 857 959 non
880 913 936 977 pro
959 913 1037 975 uno,
1071 893 1124 958 sed
1147 911 1203 978 pro
1226 903 1289 961 toto

271 1017 382 1099 popuio
408 1031 545 1093 oramus,
576 1015 645 1093 quia
676 1019 755 1074 totus
784 1010 925 1094 populus·
940 1027 1028 1073 unum
1052 1027 1162 1072 sumus.
1208 1009 1289 1072 [teus

272 1131 353 1212 pacis
376 1134 406 1190 et
428 1126 608 1191 concordiae
631 1127 791 1208 magister,
822 1123 872 1204 qui
888 1120 916 1199 ⁴)
939 1122 1038 1186 docuit
1061 1122 1219 1200 unitatem,
1245 1124 1290 1184 sic

273 1260 361 1307 orare
385 1259 472 1304 unum
494 1259 550 1322 pro
573 1239 710 1304 omnibus
734 1238 843 1312 voluit,
873 1235 1025 1319 quomodo
1048 1237 1078 1296 in
1100 1253 1162 1297 uno
1185 1251 1290 1298 omnes

272 1357 338 1438 ipse
359 1353 497 1436 portavit.
543 1351 624 1415 Hanc
654 1349 798 1414 orationis
825 1349 924 1432 legem
943 1343 970 1426 ³)
1001 1359 1201 1412 servaverunt
1228 1355 1291 1410 tres'

272 1469 359 1550 pueri
387 1467 416 1529 in
447 1465 562 1528 camino
591 1465 670 1547 ignis
700 1465 824 1542 inclusi,
857 1469 1059 1527 consonantes
1089 1465 1118 1527 in
1145 1482 1237 1546 prece
1260 1469 1291 1524 et

273 1581 393 1661 spiritus
427 1579 628 1642 consensione
665 1576 842 1641 concordes.
899 1575 1036 1670 Deciarat
1058 1573 1085 1650 ⁶)
1124 1577 1291 1659 scripturae

273 1692 392 1756 diuinae
414 1689 488 1758 fides
512 1698 542 1753 et
566 1690 633 1754 dum
657 1687 745 1753 dccet
769 1687 919 1778 qwmodo
944 1690 1098 1754 oraverint
1120 1689 1211 1769 tales,
1241 1687 1292 1753 dut

201 1863 211 1888 ,Ἴ
274 1805 459 1888 exemplum,
493 1803 573 1886 quod
598 1803 703 1868 imitari
725 1805 754 1866 in
777 1803 918 1886 precibus
941 1801 1119 1883 debeamus,
1154 1809 1186 1866 ut
1215 1803 1290 1866 tales

272 2045 366 2099 porram
384 2029 414 2080 Α.
453 2026 550 2080 Omittit
566 2045 653 2082 meum
673 2028 723 2083 die.
758 2025 785 2080 iu
803 2043 875 2096 seqq.
894 2031 979 2082 debite
996 2026 1100 2080 duutW
1120 2035 1146 2078 et
1164 2027 1221 2092 bisi,
1241 2032 1290 2082 de.

274 2119 337 2180 licta
361 2115 420 2166 edd.
442 2123 503 2176 uett.
523 2131 545 2168 c.
564 2113 662 2166 Eresos.
684 2115 757 2168 Gran:
780 2123 807 2167 et
827 2113 926 2166 bicreli.
966 2113 1022 2165 tter
1046 2123 1100 2168 aut.
1115 2114 1193 2166 deest
1213 2117 1239 2167 in
1258 2113 1294 2167 un

275 2209 302 2254 et
319 2202 357 2266 A,-
378 2203 439 2265 item
455 2212 499 2269 ut,
522 2199 591 2270 quod
610 2201 648 2254 bia
668 2201 700 2254 ab
719 2217 772 2254 rec.
794 2218 826 2252 m.
845 2191 940 2267 behet,
966 2204 991 2253 iu
1010 2200 1082 2252 bibed
1101 2208 1128 2253 et
1145 2199 1208 2262 uua.
1245 2206 1297 2256 Aut

275 2291 300 2341 in
318 2287 351 2338 W
370 2297 469 2341 enatum
489 2304 521 2340 ex
539 2298 582 2353 ut,
609 2289 677 2358 quod
702 2287 809 2354 posthac
833 2304 908 2355 supra
933 2288 1050 2340 additum
1067 2295 1121 2340 est.
1158 2287 1224 2340 Dein
1241 2301 1295 2342 noa

275 2377 388 2438 ducatur
407 2376 453 2441 [ita
473 2377 549 2428 etiarn
568 2373 612 2439 W)
633 2385 679 2430 eut
696 2393 712 2428 a
730 2377 798 2428 moto
817 2379 944 2429 liberetur
963 2373 1014 2438 Bc,
1042 2393 1094 2428 acra
1116 2378 1201 2434 ducat.
1220 2386 1296 2444 mque

231 2527 233 2530 Ι
273 2471 303 2516 ut
320 2481 337 2516 a
354 2479 389 2528 sn.
408 2463 468 2516 tn
494 2470 519 2524 et
543 2470 603 2514 orat
626 2476 673 2527 pro
694 2470 771 2529 repat
789 2457 835 2510 bb.
883 2459 1059 2530 suceptor,
1084 2467 1219 2529 utsupra,
1246 2460 1292 2526 W;
1362 2485 1365 2496 ·

274 2551 381 2618 publica
404 2557 445 2602 eet
467 2548 544 2599 notis
566 2549 652 2598 oratio
670 2553 694 2597 at
713 2547 861 2596 cummunis
880 2541 917 2593 Bc
935 2552 961 2594 et
979 2543 1044 2595 bicd.
1080 2544 1141 2596 Tum
1160 2551 1187 2601 ai
1204 2563 1250 2615 pro
1270 2557 1294 2602 ee

276 2633 316 2686 W.
353 2633 482 2698 Deinceps
500 2645 547 2697 pro
565 2647 618 2689 non
634 2647 683 2696 pru
702 2645 754 2682 unu
774 2627 832 2679 Ver.
853 2645 911 2680 uon.
923 2647 973 2695 pro
991 2633 1068 2683 nobie
1089 2634 1167 2684 eutis.
1204 2631 1294 2684 Statim

275 2738 323 2790 pru
340 2719 436 2787 populo
455 2725 506 2770 tcto
526 2714 553 2768 G.
571 2705 614 2766 W.
636 2714 773 2780 biae-Bb,
792 2723 819 2766 ut
839 2715 897 2767 edd.
916 2723 979 2766 vett.
1000 2733 1020 2767 c.
1040 2715 1136 2768 Eresm.
1157 2717 1231 2772 Gran.
1250 2729 1293 2772 at·

277 2819 327 2872 que
348 2800 462 2866 doreti,
486 2821 536 2872 pro
552 2806 649 2871 populo
668 2811 712 2856 tuo
732 2800 781 2866 bii,
807 2818 933 2870 repumue
953 2799 973 2853 0
991 2809 1017 2853 et
1034 2821 1107 2858 unua
1125 2804 1155 2856 Α.
1202 2805 1230 2868 4)
1250 2811 1295 2876 qui

277 2889 308 2940 ab
334 2887 423 2950 aim.
449 2903 525 2955 supra
550 2887 661 2953 additum
687 2890 712 2939 in
732 2887 772 2940 W.
809 2887 887 2940 Paulo
912 2895 969 2956 post
993 2893 1022 2942 irs
1044 2909 1097 2944 uno
1122 2890 1195 2964 deest
1219 2894 1244 2944 iu
1263 2891 1292 2945 0.

277 2976 342 3028 Dein
364 2980 423 3047 ipse
441 2993 530 3032 omncs
549 2975 636 3028 scribit
656 2975 686 3028 Α.
733 2977 762 3044 5)
782 2980 932 3030 oracionem
950 2992 996 3042 pro
1015 2979 1145 3032 motionis
1162 2982 1243 3048 tepent
1262 2982 1291 3030 Α.

276 3062 375 3114 Nomen
399 3061 529 3114 numerale
554 3073 609 3116 trec
636 3077 733 3114 ecorr.
753 3079 773 3114 r.
794 3079 825 3112 m.
844 3062 922 3115 habet
942 3063 989 3114 dib.
1027 3063 1088 3116 Tum
1108 3069 1229 3120 coacturi
1247 3063 1292 3117 ba.

277 3148 394 3202 Proxime
417 3159 456 3215 et,
485 3149 554 3216 quod
580 3165 629 3202 om.
650 3149 684 3200 iia
709 3157 735 3201 et
753 3152 790 3212 Α,
818 3151 844 3200 in
863 3148 903 3200 bia
926 3166 945 3202 r.
966 3167 998 3202 m.
1017 3167 1094 3218 supra
1116 3167 1165 3203 rer.
1188 3150 1291 3204 addidit.

277 3239 336 3320 ἒῇι
353 3251 469 3302 scribitur
487 3255 511 3303 io
531 3251 567 3317 C,
593 3253 652 3304 dein
678 3257 863 3308 consensionis
888 3256 913 3307 in
933 3253 967 3306 Ba
993 3264 1018 3306 et
1036 3256 1066 3309 Α.
1112 3258 1140 3322 6)
1160 3255 1196 3308 ita
1214 3257 1291 3309 codd.

278 3336 337 3388 Ver.
357 3337 411 3390 Vnt.
432 3348 459 3391 at
477 3341 526 3392 mei
544 3354 632 3391 omnes
650 3349 753 3407 praeter
771 3339 836 3406 diei,
863 3343 887 3392 in
912 3343 1002 3410 quibus
1029 3344 1194 3410 praemittitur
1217 3348 1292 3414 quud,

278 3422 354 3491 idque
373 3423 412 3474 bie
431 3425 463 3476 eb
482 3443 501 3479 r.
521 3443 553 3478 m.
572 3428 746 3479 interversor
764 3427 849 3481 habet.
885 3433 1031 3500 Scriptura
1049 3435 1140 3484 diuina
1162 3435 1226 3501 fidos
1250 3433 1293 3484 dat

279 3507 333 3576 uh,
358 3515 495 3586 scriptur-c
513 3517 618 3568 divinoe
634 3518 700 3583 fidae
723 3517 786 3582 (sic)
809 3516 846 3569 W.
882 3515 930 3566 Pru
950 3520 1026 3582 dum,
1055 3517 1123 3586 quod
1141 3533 1191 3568 om.
1212 3516 1247 3570 Bo
1267 3527 1293 3570 et

279 3595 345 3662 Mod,
363 3598 456 3667 iegitur
475 3618 534 3654 cum
552 3602 576 3652 io
596 3600 627 3650 W
646 3611 671 3653 et
690 3601 737 3668 Bb,
761 3611 788 3654 ut
807 3606 831 3655 in
851 3604 909 3655 edd.
929 3611 991 3655 vett.
1011 3613 1037 3655 et
1054 3605 1079 3654 in
1097 3603 1195 3657 Erasm.
1216 3607 1291 3658 Grau.

279 3691 354 3751 atque
373 3683 470 3736 bioreii.
508 3685 571 3739 Dein
592 3692 742 3758 oraverint,
765 3694 816 3744 tote
834 3694 877 3742 dat
895 3693 1044 3759 exemptum
1062 3690 1181 3744 scribitur
1199 3695 1223 3744 in
1243 3689 1293 3760 Bb,

279 3787 318 3835 a,
343 3781 366 3824 ct
390 3773 439 3824 tcta
458 3774 482 3825 d.
501 3776 612 3842 exempl.
632 3774 655 3824 in
676 3773 710 3824 Bc
730 3782 755 3827 et
773 3773 838 3826 bicd.
874 3773 979 3827 inverso
1003 3775 1091 3828 ordine
1115 3780 1144 3830 in
1167 3782 1292 3849 precibus

278 3858 379 3910 imitari
398 3857 516 3909 exhibent
532 3856 570 3909 Bb
589 3868 614 3911 et
633 3861 662 3912 Α.
700 3859 866 3926 Praepositio,
885 3876 950 3929 quae
968 3863 993 3914 in
1006 3861 1038 3912 W
1056 3865 1225 3934 superscripta
1243 3873 1293 3932 est,

280 3939 439 3996 desideratur
458 3945 483 3998 iu
497 3943 547 4012 bie,
566 3949 594 3999 iu
611 3951 736 4017 precibus
754 3953 803 3999 om.
823 3946 859 4000 Rc
877 3956 904 4000 et
922 3949 986 4001 Med.
1024 3949 1084 4002 Turn
1097 3951 1224 4005 *mendose
1242 3956 1292 4009 ds-
