2834 4686
638 415 698 481 281

158 572 368 653 temptationes
391 577 554 654 expugnat,
577 574 803 653 persecutiones
827 575 943 654 tolerat,
966 577 1123 657 passiones
1147 583 1178 640 et

163 685 300 766 martyria
325 692 517 748 consummat.
563 685 629 768 ipsa
653 695 697 772 est
722 688 891 769 quaeriidci
914 699 1036 754 nostrae
1067 689 1177 754 sunda-

162 800 259 858 menta
289 793 412 858 firmiter
444 796 536 860 munit
553 792 598 871 ⁴);
630 783 693 879 ipsu
722 805 769 860 est
798 817 874 879 quae
902 801 1083 864 incrementa
1113 805 1177 884 spei

161 907 327 970 sublimiter
348 908 502 989 provebit;
526 909 589 991 ipsa
610 915 704 971 actum
725 911 838 993 dirigit‘
859 919 889 974 ut
908 919 1012 977 tenere
1028 917 1178 997 possimus

164 1018 241 1080 vium
264 1017 387 1096 Christi,
419 1019 485 1082 dum
514 1039 569 1102 per
600 1023 664 1084 eius
696 1023 880 1086 tolerantiam
911 1025 1080 1109 grauiorum
1114 1030 1177 1112 ipsa

163 1129 270 1208 efficit,
303 1137 333 1191 ut
361 1148 591 1211 perseveremus
611 1131 671 1196 -iilii
702 1133 767 1212 dei,
799 1134 866 1197 dum
895 1138 1062 1219 patientiam
1085 1141 1177 1220 patris

41 1269 54 1286 =
163 1244 316 1316 imitamur.

630 1447 709 1518 xttt.

250 1583 287 1646 Et
309 1586 447 1665 quoniam
468 1583 491 1661 ¹)
513 1586 656 1668 plurimos
679 1591 754 1669 scio,
778 1589 883 1654 iratres
907 1591 1106 1672 dilectissimi,
1121 1596 1179 1658 ‘vel

164 1695 494 1778 pondero'iniuriarurn
520 1703 689 1784 angentium
713 1703 761 1766 vei
784 1703 889 1766 dolore
912 1702 949 1767 de
973 1705 1028 1784 his,
1052 1707 1101 1786 qui
1122 1705 1179 1768 ad-

166 1825 286 1871 versum
310 1827 344 1871 se
366 1799 541 1891 grassantur
564 1817 593 1872 et
616 1815 762 1890 saeviunt,
788 1813 932 1877 vindicuri
955 1815 1101 1878 velociter
1123 1835 1179 1878 en·

144 1917 255 2005 pere,
291 1939 346 1983 uec
377 1923 447 1984 iilud
477 1925 507 1984 in
531 1931 663 1986 extrema
687 1932 770 2006 parte
794 1927 977 1988 reticendum
1001 1933 1063 2004 est,
1098 1933 1127 1988 ut
1151 1927 1179 1989 in

164 2035 229 2098 istis
253 2034 421 2097 fluctuantis
445 2034 544 2098 muudi
567 2037 731 2100 turbinibus
756 2046 785 2100 et
809 2021 995 2102 ludaeorum
1011 2041 1076 2102 sive
1099 2058 1179 2121 gen·

166 2148 256 2211 titium
286 2154 316 2210 et
346 2147 563 2210 baereticorum
595 2167 715 2231 quoque
745 2151 1003 2232 persecutionibus
1031 2153 1180 2214 constituti

165 2261 313 2344 patienter
344 2267 552 2344 exspectemus
583 2262 704 2326 ultiouis
737 2263 830 2340 diem,
867 2283 923 2326 nec
956 2265 991 2326 ad
1024 2265 1180 2326 vindictam

164 2375 278 2440 doloris
303 2377 398 2439 nostri
422 2376 546 2458 querula
571 2377 758 2439 testinatione
782 2366 989 2458 properemus,
1012 2395 1078 2440 curu
1102 2377 1181 2439 scri-

164 2493 245 2569 ptum
268 2489 321 2550 sit:
354 2489 513 2568 Exspecto
535 2508 591 2565 me,
616 2489 693 2550 dicit
716 2490 872 2566 dominus,
897 2488 929 2550 iu
954 2489 1005 2550 dic
1021 2485 1048 2564 ²)
1072 2507 1198 2550 renum.

165 2777 167 2780 Ι
236 2709 265 2774 i)
289 2713 361 2776 ponit
386 2708 426 2759 tte
453 2716 479 2759 et
502 2717 564 2760 vett.
591 2707 649 2758 edd.
677 2725 698 2759 c.
723 2699 821 2760 Erasm.
859 2705 959 2758 Deinde
985 2709 1111 2760 similiter
1135 2722 1181 2771 pro

165 2797 313 2870 sublimiter
332 2793 378 2845 bic.
415 2794 471 2845 Mox
495 2805 582 2848 teucro
606 2797 678 2846 vium
703 2797 841 2861 poscimur
860 2791 905 2842 bb.
941 2791 968 2842 iu
988 2808 1057 2859 seqq.
1077 2795 1115 2858 titi
1134 2792 1181 2854 tta,

164 2873 213 2966 pt?
232 2893 280 2946 Mb.
317 2895 429 2946 Alterum
449 2900 460 2947 ι’
478 2911 541 2946 corr.
561 2911 592 2944 nr.
613 2893 709 2944 addidit
729 2896 802 2944 etium
822 2894 847 2943 in
862 2892 900 2942 W.
940 2891 998 2943 Post
1016 2896 1058 2947 rici
1076 2894 1112 2944 Bb
1131 2911 1179 2960 np-

165 2985 238 3050 ponit
257 2984 309 3035 dici
328 2990 353 3032 et
372 2996 419 3047 pru
441 2985 502 3035 dum
520 2981 583 3032 inn
605 2977 724 3030 scribitur
734 2996 809 3048 ‘carru

235 3087 299 3140 xttt.
340 3087 366 3155 1)
391 3085 427 3138 ltu
449 3087 523 3138 codd.
545 3086 595 3157 mei
614 3100 703 3136 omncs
722 3093 748 3134 et
763 3084 823 3134 iibri
842 3092 900 3135 aute
918 3082 1012 3136 Pumei.
1034 3081 1108 3146 editi,
1137 3087 1184 3138 rod

167 3196 290 3263 quoniam
315 3190 443 3242 aneiiun
469 3198 495 3241 et
520 3190 683 3240 recentiores.
727 3187 787 3239 Turn
808 3165 944 3255 ''prndere
968 3191 1011 3252 (re
1036 3185 1068 3237 nb
1091 3186 1123 3237 ni.
1149 3202 1181 3238 ru.

165 3279 350 3345 superscripto)
370 3277 418 3328 bia.
456 3275 504 3328 Pru
522 3280 553 3330 rte
570 3281 618 3342 iia,
637 3284 664 3328 ut
683 3276 760 3344 vulgo
779 3275 881 3342 iegitur,
902 3275 940 3326 W.
960 3273 1043 3326 aaut.
1064 3272 1098 3324 tta
1119 3273 1181 3324 etA

166 3366 259 3417 babent
277 3369 308 3418 rto
326 3369 384 3428 eis,
413 3367 443 3418 rte
460 3367 504 3418 itia
523 3365 617 3431 optime
638 3361 674 3416 Bb
693 3371 718 3413 et
739 3363 792 3426 tte,
819 3364 850 3415 de
867 3365 921 3416 nita
947 3369 986 3412 ert
1009 3363 1034 3412 in
1056 3361 1097 3412 eri.
1118 3359 1182 3412 Dru.

167 3451 231 3502 Dein
251 3455 395 3506 adeersum
413 3452 438 3501 in
455 3449 494 3501 bic
514 3459 654 3502 correctum
675 3466 689 3500 e
709 3451 855 3511 diversum,
874 3451 1006 3502 adversus
1023 3447 1084 3498 dant
1099 3446 1139 3497 bib
1157 3456 1183 3500 et

167 3539 196 3590 Α.
233 3535 344 3600 Quorum
371 3537 412 3588 iric
436 3553 482 3604 pro
507 3555 555 3591 rrae
578 3536 666 3588 scribit
690 3547 726 3589 ut.
764 3534 821 3586 tter
840 3537 1031 3604 peccantum
1050 3547 1181 3599 perperam
1254 3534 1256 3537 ’

166 3625 287 3676 exhibent
311 3622 372 3674 Bab.
409 3623 437 3674 iu
463 3640 534 3691 seqq.
561 3630 617 3690 post
642 3625 752 3690 querula
778 3620 903 3672 Pameiius
928 3635 942 3670 e
969 3620 1025 3670 eud.
1046 3617 1181 3670 Gambrun.

164 3711 220 3760 siue
241 3724 318 3761 ceusu
343 3707 438 3760 addidit
456 3719 482 3762 at
498 3711 642 3762 irneidr'oru.
680 3709 817 3774 scripturn
837 3721 901 3756 corr.
921 3721 952 3756 nr.
973 3706 1089 3772 apposuit
1107 3706 1133 3755 in
1151 3705 1182 3754 W

166 3799 277 3861 itemque
296 3798 427 3848 domium.
459 3794 515 3846 vit.
529 3793 641 3861 sophon.
655 3793 681 3858 3,
694 3793 719 3843 8.
756 3793 786 3860 2)
804 3797 833 3846 in
851 3797 918 3848 tum
930 3792 969 3843 W.
991 3791 1044 3842 binc
1062 3799 1181 3844 veteres-

165 3897 216 3950 quo
241 3881 299 3932 odd.
326 3897 348 3934 c.
368 3880 463 3932 Ernsm.
486 3879 560 3933 Gran.
586 3888 612 3932 et
636 3879 733 3933 Mureti.
771 3877 906 3947 conspirat
929 3881 954 3930 iu
973 3879 1040 3929 Test.
1060 3878 1101 3931 tlt.
1124 3879 1180 3929 106.

166 3983 191 4034 p.
211 3966 270 4019 ³28.
292 3967 348 4019 cod.
370 3967 416 4020 Mc.
453 3965 514 4019 Post
537 3985 623 4022 areum
647 3969 670 4019 io
694 3965 734 4018 tte
760 3965 858 4019 additur
882 3976 936 4031 ear,
966 3965 1034 4033 quod
1058 3965 1183 4033 reperitur
