2834 4686
605 405 668 472 243

128 569 217 632 Paulo
240 568 377 650 apostolo
397 566 626 630 admonentem
642 560 815 640 dicente⁶):
838 564 924 645 ldrqo
942 563 1013 626 dam
1029 570 1153 644 tempas.

127 681 284 760 habemns,
311 700 474 760 operemur
489 681 574 760 qnod
588 679 699 742 donam
715 687 762 740 est
777 679 818 740 ad
834 698 940 741 omnes
953 671 989 755 ⁷),
1009 677 1146 738 manime
1194 757 1201 766 Ι

129 804 230 857 antem
254 795 297 857 ad
319 795 506 857 domesticos
527 794 611 874 fidei.
656 791 776 854 Bonam
795 800 896 853 antem
910 789 1065 868 facientes
1081 809 1146 852 non
1239 784 1242 788 ’

129 908 329 988 deficiamn33
353 916 488 986 tempore
511 907 593 968 enirn
608 901 635 980 ⁸)
658 925 718 969 sno
740 913 896 968 maternas.

586 1103 685 1175 xxti.

189 1241 405 1332 ‘Cogitemus
430 1247 539 1309 iratres
563 1243 744 1308 dilectissimi
762 1241 807 1321 ¹),
831 1242 900 1322 quid
924 1244 980 1306 sub
1003 1245 1146 1327 apostolis

129 1362 247 1426 lecerit.
264 1361 449 1426 credentium
479 1359 624 1441 populus,
656 1355 774 1437 quando
798 1357 875 1421 inter
898 1338 961 1437 ipsa
984 1356 1145 1438 primordia

128 1475 288 1538 maioribus
308 1474 462 1536 virtutibus
475 1490 565 1548 ‚niens
582 1471 712 1552 vigebat,
737 1468 855 1549 quando
873 1469 1056 1550 credentium
1072 1471 1146 1534 tides

14 1575 15 1580 ἵ
127 1588 326 1652 novo'adhuc
341 1587 410 1650 tidei
426 1586 527 1649 calore
543 1585 687 1646 fervebat.
727 1583 878 1646 Domicilia
896 1591 965 1648 tnnc
981 1592 1010 1646 et
1024 1585 1145 1668 praedia

128 1699 392 1778 venundabant)
426 1708 456 1762 et
485 1696 714 1780 dispensandam
744 1697 926 1778 pauperibus
957 1700 1146 1778 quantitatem

128 1815 256 1877 libenter
279 1833 314 1876 ac
336 1815 460 1897 largiter
484 1813 627 1895 apostolis
647 1809 814 1873 offerebant
830 1817 952 1874 terreno
969 1813 1145 1892 patrimonio

130 1925 251 1988 vendito
286 1931 374 2005 atque
408 1924 549 1986 distracto
585 1921 693 1984 landos
726 1921 796 1987 illac
830 1921 1062 2003 transferentes,
1097 1927 1147 1988 ubi

130 2037 243 2101 tructus
272 2045 413 2118 caperent
441 2037 645 2118 possessionis
674 2037 924 2114 aeternae,.illic
947 2047 1146 2119 conparantes

130 2152 253 2230 donnas,
285 2153 335 2214 ubi
364 2152 529 2233 inciperent
559 2169 678 2233 semper
709 2151 851 2213 babitare.
897 2151 976 2212 Talis
999 2160 1070 2213 taric
1093 2152 1147 2214 suit
1184 2164 1194 2179 ·

130 2266 158 2326 in
184 2266 407 2346 operationibus
431 2266 574 2344 cumulus,
598 2257 694 2344 qualis
721 2264 775 2340 lin
793 2263 951 2326 dilectione
969 2283 1146 2344 consensus,
1160 2279 1198 2318 ²⁴⁶

129 2379 206 2442 sicut
218 2377 245 2454 3)
269 2380 395 2471 legimus
412 2381 440 2440 in
457 2381 530 2442 actis
546 2380 766 2460 apostolorum:
793 2377 896 2440 Tarda
913 2387 1013 2440 antem
1029 2399 1145 2456 eornm,
1243 2428 1247 2435 .

130 2494 183 2572 qni
205 2487 407 2556 crediderant
421 2488 467 2570 ⁴),
498 2493 604 2555 anima
626 2513 665 2554 ac
687 2499 786 2552 mente
814 2511 879 2553 nna
905 2492 1057 2572 epodon&
1090 2513 1147 2554 nec

129 2685 290 2729 ammonente
309 2675 372 2726 blaa.
419 2678 446 2735 6)
468 2675 547 2728 Galat.
566 2677 592 2740 6,
615 2676 646 2727 10
665 2669 733 2726 et'9.
778 2675 806 2739 7)
831 2693 971 2745 operemur
995 2680 1089 2730 bonam
1114 2681 1147 2730 ad

129 2777 220 2813 omrrer
240 2762 299 2812 edd.
318 2771 397 2826 vett,
416 2761 513 2813 Eresm.
534 2770 560 2812 et
579 2762 671 2825 Gran,
696 2766 791 2814 bonam
809 2767 878 2830 qaod
892 2773 932 2815 eat
952 2763 1000 2811 lid.
1038 2765 1094 2814 Vid.
1114 2765 1147 2814 de

129 2843 203 2894 bono·
216 2847 320 2910 patient.
343 2861 399 2913 cap.
420 2847 470 2896 vll.
509 2847 574 2896 Dein
594 2858 680 2900 autom
698 2863 748 2896 om.
769 2847 818 2908 A,
832 2864 895 2898 nero
916 2847 1008 2913 legitur
1027 2848 1058 2898 de
1077 2849 1145 2900 bono

15 2931 16 2936 ’
129 2938 181 2996 pat.
206 2931 223 2980 1.
248 2947 271 2981 c.
318 2931 347 2998 8)
373 2942 458 2985 autem
482 2932 513 2982 Α.
551 2931 611 2981 Post
634 2941 761 2983 metemur
787 2928 823 2980 Bb
850 2931 920 2981 addit
942 2919 994 2983 non
1017 2935 1146 3002 scripsisti,

129 3019 206 3066 immo
224 3017 298 3068 scrib.
318 3009 425 3088 ῥῆμα·
443 3015 614 3083 (ἐκλυόμενοι),
633 3025 661 3066 ut
680 3016 798 3068 exhibent
817 3017 892 3068 codd.
905 3016 968 3068 Bod.
987 3019 995 3068 1
1018 3027 1044 3069 et
1062 3022 1086 3069 1.
1106 3037 1145 3087 ap.

131 3102 211 3156 Oxon.
232 3095 380 3174 etantiqua
399 3107 483 3156 versio
502 3104 555 3154 bat.
594 3103 650 3156 Vid.
670 3107 799 3156 Satatn'er.

199 3191 285 3242 xxm.
324 3193 351 3258 1)
373 3192 409 3243 lta
428 3191 504 3243 codd.
524 3189 582 3242 Ver.
602 3199 628 3243 et
646 3191 696 3241 mci
713 3205 802 3242 omnes
824 3208 846 3242 c.
867 3191 926 3246 edd.
946 3191 1036 3243 Manat.
1057 3200 1082 3242 et
1101 3207 1145 3242 rc-

130 3278 302 3344 caatioribas,
331 3282 471 3334 carissimi
495 3278 553 3328 edd.
579 3280 733 3346 superiores.
780 3277 878 3329 Deinde
904 3283 975 3332 inter
1002 3295 1048 3345 pro
1075 3284 1147 3333 intro

130 3366 204 3415 codd.
231 3381 328 3419 omnes.
366 3367 423 3418 nox
447 3371 535 3436 oiqcot
557 3365 609 3430 Bb,
637 3371 745 3436 arqebot
770 3366 800 3418 Α.
837 3367 898 3418 'lam
922 3385 991 3422 nona
1010 3367 1055 3420 Β).
1076 3368 1097 3418 Α
1121 3378 1147 3420 et

130 3452 170 3503 ed.
191 3453 254 3505 llrv.
300 3455 330 3522 2)
354 3453 472 3507 lta-bled
498 3463 525 3505 et
550 3455 572 3504 Α
596 3471 618 3505 c.
645 3454 704 3504 edd.
728 3453 819 3504 lbnue
840 3454 936 3505 llorell.
957 3454 1049 3506 Parnel.
1087 3455 1145 3507 Vid.

130 3539 209 3608 Sillig.
226 3540 308 3592 Praei.
329 3543 360 3592 ad
374 3539 436 3592 Ptin.
456 3548 507 3591 nat.
527 3538 582 3591 hist.
602 3539 671 3590 Tom.
686 3539 704 3590 l.
725 3558 748 3606 p.
763 3539 855 3591 lxlltl.
896 3545 1080 3594 Versarrdabant
1097 3557 1145 3592 ex-

129 3626 217 3679 hibent
236 3628 311 3680 codd.
331 3638 357 3680 et
375 3628 435 3680 edd.
456 3627 512 3680 rell.
548 3626 596 3679 Pro
623 3631 791 3696 quantitatem
817 3636 874 3679 ante
895 3627 988 3678 Manat.
1014 3626 1147 3694 legebatur

127 3717 289 3783 facultatem.
337 3716 402 3768 Adv.
428 3719 539 3769 libenter
565 3730 614 3767 am.
642 3713 687 3765 ab.
734 3714 791 3766 Mox
816 3731 888 3767 voco.
917 3726 992 3783 atque
1018 3718 1146 3768 distracto

127 3803 227 3868 fundos
241 3800 272 3851 W
291 3817 305 3853 a
325 3817 391 3854 corr.
412 3817 443 3852 m.
462 3803 529 3854 inter
548 3800 590 3852 lin.
610 3799 695 3854 babet.
732 3802 761 3868 3)
780 3805 823 3854 stc
838 3800 882 3852 bb.
913 3800 975 3851 Tum
994 3804 1023 3854 tn
1041 3804 1146 3855 actitat

128 3885 174 3940 Ba.
195 3889 234 3940 lld
256 3898 283 3941 et
300 3905 315 3942 a
334 3906 354 3942 r.
374 3907 406 3942 m.
426 3891 451 3940 in
471 3905 520 3958 mg.
541 3889 589 3940 lllc.
621 3888 677 3939 Vid.
690 3888 746 3940 Act.
760 3889 786 3953 t,
800 3889 842 3940 32.
880 3889 910 3955 1)
930 3891 1096 3942 crediderant
1115 3887 1146 3951 tl,

129 3979 266 4034 meabant
284 3978 334 4032 llb.
372 3978 438 4058 Dpin
457 3987 502 4033 tuo
520 3993 568 4046 pro
586 3995 641 4032 aaa
659 3976 690 4028 Α.
727 3975 755 4028 la
774 3991 846 4043 seqq.
867 3977 1005 4045 quiequam
1018 3973 1055 4026 ttb
1075 3974 1146 4026 eid.

865 4063 903 4128 16
919 4064 939 4100 a
